{"gold_per_floor":[112,125,140,140,155,155,183,183,233,244,95,95,95,127,127,232,232,251,251,270,27,41,69,69,86,86,86,0,0,0,0],"floor_reached":31,"playtime":1886,"items_purged":["Strike_B","Strike_B"],"score":302,"play_id":"d0d1e0cd-4046-4a3b-9e01-4e2b2142858a","local_time":"20181110230719","is_ascension_mode":true,"campfire_choices":[{"data":"Hologram","floor":6,"key":"SMITH"},{"data":"Redo","floor":8,"key":"SMITH"},{"data":"Redo","floor":15,"key":"SMITH"},{"data":"Zap","floor":24,"key":"SMITH"},{"floor":27,"key":"REST"}],"neow_cost":"NONE","seed_source_timestamp":123637508898222,"circlet_count":0,"master_deck":["Strike_B","Defend_B","Defend_B","Defend_B","Defend_B","Zap+1","Dualcast+1","Redo+1","Conserve Battery","FTL","Hologram+1","Redo+1","Sweeping Beam+1","Chaos","Scrape","Steam","Compile Driver+1","Scrape+1","Reinforced Body","Steam","Deep Breath","Sweeping Beam+1","Gash+1","Redo+1"],"relics":["Cracked Core","Kunai","Boot","Omamori","Orrery","Whetstone","Mercury Hourglass","Lantern"],"potions_floor_usage":[10,16,16,22],"damage_taken":[{"damage":0,"enemies":"Cultist","floor":1,"turns":4},{"damage":3,"enemies":"Jaw Worm","floor":2,"turns":3},{"damage":0,"enemies":"2 Louse","floor":3,"turns":1},{"damage":0,"enemies":"Large Slime","floor":5,"turns":5},{"damage":21,"enemies":"Lagavulin","floor":7,"turns":6},{"damage":4,"enemies":"Lots of Slimes","floor":10,"turns":3},{"damage":8,"enemies":"3 Sentries","floor":14,"turns":5},{"damage":28,"enemies":"The Guardian","floor":16,"turns":8},{"damage":13,"enemies":"Spheric Guardian","floor":18,"turns":4},{"damage":13,"enemies":"2 Thieves","floor":20,"turns":4},{"damage":16,"enemies":"Sentry and Sphere","floor":22,"turns":4},{"damage":0,"enemies":"Gremlin Leader","floor":23,"turns":7},{"damage":19,"enemies":"Snake Plant","floor":25,"turns":4},{"damage":41,"enemies":"Slavers","floor":31,"turns":3}],"seed_played":"-8269063993457065125","potions_obtained":[{"floor":3,"key":"Energy Potion"},{"floor":7,"key":"Poison Potion"},{"floor":10,"key":"Regen Potion"},{"floor":18,"key":"SteroidPotion"},{"floor":22,"key":"SpeedPotion"}],"is_trial":false,"path_per_floor":["M","M","M","?","M","R","E","R","T","M","$","?","?","E","R","B",null,"M","?","M","$","M","E","R","M","T","R","?","?","?","E"],"character_chosen":"DEFECT","items_purchased":["Chaos","Deep Breath","PowerPotion"],"campfire_rested":1,"item_purchase_floors":[11,21,21],"current_hp_per_floor":[75,72,72,72,72,72,51,51,51,47,47,47,72,64,64,41,75,62,62,49,49,33,33,33,14,14,36,36,36,36,0],"gold":0,"neow_bonus":"UPGRADE_CARD","is_prod":false,"is_daily":false,"chose_seed":false,"campfire_upgraded":4,"win_rate":0,"timestamp":1541920039,"path_taken":["M","M","M","?","?","R","E","R","T","M","$","?","?","E","R","BOSS","M","?","M","$","?","E","R","M","T","R","?","?","?","E"],"build_version":"2018-11-08","purchased_purges":2,"victory":false,"max_hp_per_floor":[75,75,75,75,75,75,75,75,75,75,75,75,75,75,75,75,75,75,75,75,75,75,75,75,75,75,75,75,75,75,75],"card_choices":[{"not_picked":["Chill","Cold Snap"],"picked":"Redo","floor":1},{"not_picked":["Steam","Capacitor","Blizzard"],"picked":"SKIP","floor":2},{"not_picked":["Steam","Beam Cell"],"picked":"Conserve Battery","floor":3},{"not_picked":["Reinforced Body","Recycle"],"picked":"Hologram","floor":5},{"not_picked":["Sunder","Reboot"],"picked":"Redo","floor":7},{"not_picked":["Conserve Battery","Static Discharge"],"picked":"Sweeping Beam","floor":10},{"not_picked":["Chaos","Compile Driver"],"picked":"Scrape","floor":14},{"not_picked":["Fusion","Ball Lightning"],"picked":"Steam","floor":17},{"not_picked":["Sunder","Reinforced Body"],"picked":"Compile Driver","floor":17},{"not_picked":["Conserve Battery","Leap"],"picked":"Core Surge","floor":17},{"not_picked":["BootSequence","Rip and Tear"],"picked":"Scrape+1","floor":18},{"not_picked":["Undo","Beam Cell"],"picked":"Steam","floor":20},{"not_picked":["Ball Lightning+1","Beam Cell"],"picked":"Sweeping Beam+1","floor":22},{"not_picked":["Go for the Eyes","Rebound"],"picked":"Gash+1","floor":23},{"not_picked":["Double Energy","Electrodynamics"],"picked":"Redo+1","floor":25}],"player_experience":336817,"relics_obtained":[{"floor":7,"key":"Kunai"},{"floor":9,"key":"Boot"},{"floor":14,"key":"Omamori"},{"floor":23,"key":"Whetstone"},{"floor":26,"key":"Mercury Hourglass"}],"event_choices":[{"damage_healed":0,"gold_gain":0,"cards_transformed":["Strike_B"],"player_choice":"Transformed","damage_taken":0,"max_hp_gain":0,"max_hp_loss":0,"event_name":"Transmorgrifier","floor":4,"gold_loss":0,"cards_obtained":["FTL"]},{"damage_healed":0,"gold_gain":0,"player_choice":"Ignored","damage_taken":0,"max_hp_gain":0,"max_hp_loss":0,"event_name":"Golden Idol","floor":12,"gold_loss":0},{"damage_healed":25,"gold_gain":0,"player_choice":"Banana","damage_taken":0,"max_hp_gain":0,"max_hp_loss":0,"event_name":"Big Fish","floor":13,"gold_loss":0},{"damage_healed":0,"gold_gain":0,"cards_transformed":["Core Surge"],"player_choice":"Transformed","damage_taken":0,"max_hp_gain":0,"max_hp_loss":0,"event_name":"Transmorgrifier","floor":19,"gold_loss":0,"cards_obtained":["Reinforced Body"]},{"damage_healed":0,"gold_gain":0,"player_choice":"Paid Fearfully","damage_taken":0,"max_hp_gain":0,"max_hp_loss":0,"event_name":"Masked Bandits","floor":28,"gold_loss":86},{"damage_healed":0,"gold_gain":0,"player_choice":"Ignored","damage_taken":0,"max_hp_gain":0,"max_hp_loss":0,"event_name":"Vampires","floor":29,"gold_loss":0},{"damage_healed":0,"gold_gain":0,"player_choice":"Gave Potion","damage_taken":0,"relics_obtained":["Lantern"],"max_hp_gain":0,"max_hp_loss":0,"event_name":"WeMeetAgain","floor":30,"gold_loss":0}],"is_beta":false,"boss_relics":[{"not_picked":["Fusion Hammer","Black Star"],"picked":"Orrery"}],"items_purged_floors":[11,21],"is_endless":false,"potions_floor_spawned":[3,7,10,18,22],"killed_by":"Slavers","ascension_level":1}