{"gold_per_floor":[16,16,33,51,65,65,120,137,137,94,129,129,148,180,180,282,282,295,312,33,33,52,52,80,80,80,93,113,123,48,66,66,66],"floor_reached":33,"playtime":4505,"items_purged":["Strike_R"],"score":316,"play_id":"0f2416c4-659d-45fc-9c47-9b0ae7e02b05","local_time":"20190224150342","is_ascension_mode":false,"campfire_choices":[{"data":"Rampage","floor":6,"key":"SMITH"},{"floor":12,"key":"REST"},{"data":"Rampage","floor":15,"key":"SMITH"},{"data":"Barricade","floor":23,"key":"SMITH"},{"floor":25,"key":"REST"},{"data":"Juggernaut","floor":32,"key":"SMITH"}],"neow_cost":"NO_GOLD","seed_source_timestamp":426259617329500,"circlet_count":0,"master_deck":["Strike_R+1","Strike_R","Strike_R+1","Defend_R","Defend_R","Defend_R","Defend_R","Bash","Rampage+1","Power Through","Feel No Pain","Carnage","Juggernaut+1","Blood for Blood","Rampage+1","Whirlwind","Barricade+1","Shockwave","Shrug It Off+1","Burning Pact","Self Repair+1","Second Wind+1","Sadistic Nature"],"relics":["Burning Blood","Lantern","Tiny Chest","Potion Belt","Mercury Hourglass","Mummified Hand","White Beast Statue","PrismaticShard","FaceOfCleric","Whetstone","Paper Frog"],"potions_floor_usage":[7,11,16,16,16,18,22,22,24,27,28,31,33,33],"damage_taken":[{"damage":1,"enemies":"Jaw Worm","floor":1,"turns":5},{"damage":2,"enemies":"Small Slimes","floor":3,"turns":4},{"damage":5,"enemies":"Cultist","floor":4,"turns":4},{"damage":0,"enemies":"Large Slime","floor":5,"turns":6},{"damage":19,"enemies":"3 Sentries","floor":7,"turns":7},{"damage":20,"enemies":"2 Fungi Beasts","floor":8,"turns":4},{"damage":14,"enemies":"Gremlin Nob","floor":11,"turns":3},{"damage":21,"enemies":"Exordium Thugs","floor":13,"turns":4},{"damage":23,"enemies":"3 Sentries","floor":14,"turns":5},{"damage":40,"enemies":"The Guardian","floor":16,"turns":10},{"damage":0,"enemies":"Spheric Guardian","floor":18,"turns":3},{"damage":20,"enemies":"3 Byrds","floor":19,"turns":4},{"damage":8,"enemies":"Centurion and Healer","floor":22,"turns":7},{"damage":41,"enemies":"Book of Stabbing","floor":24,"turns":8},{"damage":5,"enemies":"Cultist and Chosen","floor":27,"turns":5},{"damage":24,"enemies":"3 Cultists","floor":28,"turns":6},{"damage":10,"enemies":"Snake Plant","floor":29,"turns":5},{"damage":30,"enemies":"Shelled Parasite and Fungi","floor":31,"turns":6},{"damage":77,"enemies":"Champ","floor":33,"turns":12}],"seed_played":"-5607137192932516171","potions_obtained":[{"floor":3,"key":"Block Potion"},{"floor":4,"key":"SpeedPotion"},{"floor":8,"key":"AttackPotion"},{"floor":11,"key":"Weak Potion"},{"floor":14,"key":"SpeedPotion"},{"floor":16,"key":"Fire Potion"},{"floor":18,"key":"PowerPotion"},{"floor":19,"key":"GamblersBrew"},{"floor":22,"key":"Fire Potion"},{"floor":24,"key":"Explosive Potion"},{"floor":27,"key":"EssenceOfSteel"},{"floor":28,"key":"SpeedPotion"},{"floor":29,"key":"FearPotion"},{"floor":31,"key":"Strength Potion"}],"is_trial":false,"path_per_floor":["M","?","M","M","M","R","E","M","T","?","E","R","M","E","R","B",null,"M","M","$","?","M","R","E","R","T","M","M","M","?","M","R","B"],"character_chosen":"IRONCLAD","items_purchased":["PrismaticShard"],"campfire_rested":2,"item_purchase_floors":[20],"current_hp_per_floor":[96,93,96,96,96,96,83,69,69,69,61,89,74,57,57,23,96,96,82,82,82,81,81,47,76,76,88,81,78,78,65,65,0],"gold":66,"neow_bonus":"TWENTY_PERCENT_HP_BONUS","is_prod":false,"is_daily":false,"chose_seed":false,"campfire_upgraded":4,"win_rate":0.0,"timestamp":1551045822,"path_taken":["M","?","M","M","M","R","E","M","T","?","E","R","M","E","R","BOSS","M","M","$","?","?","R","E","R","T","M","M","M","?","M","R","BOSS"],"build_version":"2019-01-23","purchased_purges":1,"victory":false,"max_hp_per_floor":[96,96,96,96,96,96,96,96,96,96,96,96,96,96,96,96,96,96,96,96,96,97,97,98,98,98,99,100,101,101,102,102,102],"card_choices":[{"not_picked":["Flex","Body Slam"],"picked":"Rampage","floor":1},{"not_picked":["Wild Strike","Warcry"],"picked":"Power Through","floor":3},{"not_picked":["Clothesline","Sever Soul"],"picked":"Feel No Pain","floor":4},{"not_picked":["Disarm","Anger"],"picked":"Carnage","floor":5},{"not_picked":["Bludgeon","Battle Trance"],"picked":"Juggernaut","floor":7},{"not_picked":["Anger","Wild Strike"],"picked":"Blood for Blood","floor":8},{"not_picked":["Thunderclap","Sword Boomerang"],"picked":"Rampage","floor":11},{"not_picked":["Iron Wave","Perfected Strike","Clothesline"],"picked":"SKIP","floor":13},{"not_picked":["Dual Wield","Armaments"],"picked":"Whirlwind","floor":14},{"not_picked":["Brutality","Berserk"],"picked":"Barricade","floor":16},{"not_picked":["Pummel","Inflame"],"picked":"Shockwave","floor":18},{"not_picked":["Anger","Disarm"],"picked":"Shrug It Off+1","floor":19},{"not_picked":["Conserve Battery","Acrobatics"],"picked":"Burning Pact","floor":22},{"not_picked":["Aggregate+1","Bane"],"picked":"Self Repair+1","floor":24},{"not_picked":["Catalyst","Static Discharge","Pommel Strike"],"picked":"SKIP","floor":27},{"not_picked":["Skim","Pommel Strike"],"picked":"Second Wind+1","floor":28},{"not_picked":["Crippling Poison","Distraction"],"picked":"Sadistic Nature","floor":29},{"not_picked":["Dodge and Roll","Clothesline","Tactician"],"picked":"SKIP","floor":31}],"player_experience":87465,"relics_obtained":[{"floor":7,"key":"Tiny Chest"},{"floor":9,"key":"Potion Belt"},{"floor":11,"key":"Mercury Hourglass"},{"floor":14,"key":"Mummified Hand"},{"floor":24,"key":"Whetstone"},{"floor":26,"key":"Paper Frog"}],"event_choices":[{"damage_healed":0,"gold_gain":0,"player_choice":"Success","damage_taken":3,"relics_obtained":["Lantern"],"max_hp_gain":0,"max_hp_loss":0,"event_name":"Scrap Ooze","floor":2,"gold_loss":0},{"damage_healed":0,"gold_gain":0,"player_choice":"Left Gold","damage_taken":0,"max_hp_gain":0,"max_hp_loss":0,"event_name":"World of Goop","floor":10,"gold_loss":43},{"damage_healed":0,"gold_gain":0,"player_choice":"Trade","damage_taken":0,"relics_obtained":["FaceOfCleric"],"max_hp_gain":0,"max_hp_loss":0,"event_name":"FaceTrader","floor":21,"gold_loss":0},{"cards_removed":["Strike_R"],"damage_healed":0,"gold_gain":0,"player_choice":"Gave Gold","damage_taken":0,"max_hp_gain":0,"max_hp_loss":0,"event_name":"Beggar","floor":30,"gold_loss":75}],"is_beta":false,"boss_relics":[{"not_picked":["Empty Cage","Velvet Choker"],"picked":"White Beast Statue"}],"items_purged_floors":[20],"is_endless":false,"potions_floor_spawned":[3,4,8,11,14,16,18,19,22,24,27,28,29,31],"killed_by":"Champ","ascension_level":0}