{"gold_per_floor":[114,114,79,98,98,98,117,136,136,136,136,149,164,164,164,287,287,301,226,242,242,242,242],"floor_reached":23,"playtime":2327,"items_purged":["Injury"],"score":181,"play_id":"6e9640cc-1998-4260-ad7e-c58cd8112809","local_time":"20180628221107","is_ascension_mode":false,"campfire_choices":[{"data":"Leg Sweep","floor":6,"key":"SMITH"},{"data":"Slice","floor":11,"key":"SMITH"},{"floor":15,"key":"REST"}],"neow_cost":"FIFTY_PERCENT_DAMAGE","seed_source_timestamp":863637410844375,"circlet_count":0,"master_deck":["Defend_G","Defend_G","Defend_G","Defend_G","Defend_G","Strike_G","Strike_G","Strike_G","Survivor","Neutralize","Prepared","Leg Sweep+1","PiercingWail","Leg Sweep+1","Slice+1","Deadly Poison","Deadly Poison","After Image","Bane","Bane","Catalyst"],"relics":["Ring of the Snake","Bloody Idol","Bird Faced Urn","Eternal Feather"],"potions_floor_usage":[16,23],"damage_taken":[{"damage":1,"enemies":"Small Slimes","floor":1,"turns":5},{"damage":0,"enemies":"2 Louse","floor":4,"turns":4},{"damage":2,"enemies":"Cultist","floor":7,"turns":6},{"damage":0,"enemies":"2 Fungi Beasts","floor":8,"turns":9},{"damage":0,"enemies":"Exordium Wildlife","floor":12,"turns":7},{"damage":6,"enemies":"Exordium Thugs","floor":13,"turns":8},{"damage":12,"enemies":"The Guardian","floor":16,"turns":12},{"damage":8,"enemies":"Spheric Guardian","floor":18,"turns":7},{"damage":0,"enemies":"3 Byrds","floor":20,"turns":8},{"damage":88,"enemies":"Gremlin Leader","floor":23,"turns":9}],"seed_played":"-1895405514849607494","potions_obtained":[{"floor":8,"key":"FearPotion"},{"floor":13,"key":"Block Potion"},{"floor":18,"key":"Regen Potion"}],"is_trial":false,"path_per_floor":["M","?","$","M","?","R","M","M","T","?","R","M","M","$","R","B",null,"M","$","M","?","?"],"character_chosen":"THE_SILENT","items_purchased":["Leg Sweep"],"campfire_rested":1,"item_purchase_floors":[3],"current_hp_per_floor":[34,34,34,34,34,34,32,32,32,32,32,32,26,26,47,35,70,62,62,62,62,62,0],"gold":242,"neow_bonus":"REMOVE_TWO","is_prod":false,"is_daily":false,"chose_seed":false,"campfire_upgraded":2,"win_rate":0.0,"timestamp":1530249067,"path_taken":["M","?","?","M","?","R","M","?","T","?","R","M","M","$","R","BOSS","M","$","M","?","?","E"],"build_version":"2018-06-28","purchased_purges":1,"victory":false,"max_hp_per_floor":[70,70,70,70,70,70,70,70,70,70,70,70,70,70,70,70,70,70,70,70,70,70,70],"card_choices":[{"not_picked":["Dodge and Roll","PiercingWail"],"picked":"Prepared","floor":1},{"not_picked":["Calculated Gamble","Quick Slash"],"picked":"PiercingWail","floor":4},{"not_picked":["Quick Slash","Choke"],"picked":"Leg Sweep","floor":7},{"not_picked":["A Thousand Cuts","Bane"],"picked":"Slice","floor":8},{"not_picked":["Crippling Poison","Slice"],"picked":"Deadly Poison","floor":12},{"not_picked":["Leg Sweep","Quick Slash"],"picked":"Deadly Poison","floor":13},{"not_picked":["Venomology","Tactician"],"picked":"After Image","floor":16},{"not_picked":["Underhanded Strike","Acrobatics"],"picked":"Bane","floor":18},{"not_picked":["Backflip","Malaise+1"],"picked":"Bane","floor":20}],"player_experience":10041,"relics_obtained":[{"floor":9,"key":"Bird Faced Urn"}],"event_choices":[{"event_name":"Liars Game","player_choice":"disagreed","floor":2,"damage_taken":0},{"event_name":"Golden Idol","player_choice":"Take Wound","floor":5,"damage_taken":0},{"event_name":"Accursed Blacksmith","player_choice":"Forge","floor":10,"damage_taken":0},{"event_name":"Forgotten Altar","player_choice":"Gave Idol","floor":21,"damage_taken":0},{"event_name":"The Library","player_choice":"Read","floor":22,"damage_taken":0}],"boss_relics":[{"not_picked":["Philosopher\u0027s Stone","Cursed Key"],"picked":"Eternal Feather"}],"items_purged_floors":[19],"is_endless":false,"potions_floor_spawned":[8,13,18],"killed_by":"Gremlin Leader","ascension_level":0}