{"gold_per_floor":[109,59,59,75,75,104,104,123,146,146,65,65,65,82,82,181,181,170,185,284,115,126,126,26,37,110,11,30,48,48],"floor_reached":30,"playtime":2674,"items_purged":["Strike_G","Strike_G"],"score":230,"play_id":"e0a140a3-a0cc-4f2c-a49c-329672671189","local_time":"20180627231523","is_ascension_mode":false,"campfire_choices":[{"floor":7,"key":"REST"},{"floor":10,"key":"REST"},{"data":"Flechettes","floor":13,"key":"SMITH"},{"floor":15,"key":"REST"},{"floor":23,"key":"REST"}],"neow_cost":"NONE","seed_source_timestamp":780743827959211,"circlet_count":0,"master_deck":["Defend_G","Defend_G","Defend_G","Defend_G","Strike_G","Strike_G","Survivor","Neutralize","Doppelganger","Dagger Throw","Infinite Blades","Backflip","Backstab","Flechettes+1","Acrobatics","Phantasmal Killer","Quick Slash","Flechettes","Prepared","Outmaneuver","Infinite Blades","Backflip+1","Distraction","PiercingWail","Acrobatics","Mind Blast","Blur+1"],"relics":["Ring of the Snake","Bag of Preparation","Thread and Needle","Orichalcum","Orrery","Toxic Egg 2"],"potions_floor_usage":[],"damage_taken":[{"damage":8,"enemies":"Small Slimes","floor":1,"turns":5},{"damage":6,"enemies":"Cultist","floor":4,"turns":4},{"damage":17,"enemies":"Gremlin Nob","floor":6,"turns":5},{"damage":6,"enemies":"2 Louse","floor":8,"turns":2},{"damage":7,"enemies":"Exordium Thugs","floor":14,"turns":3},{"damage":40,"enemies":"Slime Boss","floor":16,"turns":13},{"damage":0,"enemies":"2 Thieves","floor":18,"turns":4},{"damage":13,"enemies":"Chosen","floor":19,"turns":6},{"damage":27,"enemies":"Snake Plant","floor":22,"turns":5},{"damage":9,"enemies":"Centurion and Healer","floor":25,"turns":7},{"damage":3,"enemies":"Chosen and Byrds","floor":28,"turns":6},{"damage":16,"enemies":"Snake Plant","floor":29,"turns":5},{"damage":30,"enemies":"Slavers","floor":30,"turns":3}],"seed_played":"6481254783162452073","potions_obtained":[{"floor":4,"key":"SpeedPotion"},{"floor":6,"key":"Block Potion"},{"floor":14,"key":"AttackPotion"},{"floor":19,"key":"FearPotion"},{"floor":22,"key":"Ancient Potion"}],"is_trial":false,"path_per_floor":["M","?","?","M","?","E","R","M","T","R","$","?","R","M","R","B",null,"M","M","?","$","M","R","$","M","T","$","M","M"],"character_chosen":"THE_SILENT","items_purchased":["Flechettes","Distraction","PiercingWail","Mind Blast"],"campfire_rested":4,"item_purchase_floors":[11,21,21,27],"current_hp_per_floor":[62,62,50,44,37,20,41,35,35,56,56,56,56,49,70,30,70,70,57,57,57,30,51,51,42,42,42,39,23,0],"gold":48,"neow_bonus":"ONE_RANDOM_RARE_CARD","is_prod":false,"is_daily":false,"chose_seed":false,"campfire_upgraded":1,"win_rate":0.0,"timestamp":1530166523,"path_taken":["M","?","?","?","?","E","R","M","T","R","?","?","R","M","R","BOSS","M","?","?","$","M","R","$","M","T","$","M","M","E"],"build_version":"2018-06-21v2","purchased_purges":2,"victory":false,"max_hp_per_floor":[70,70,70,70,70,70,70,70,70,70,70,70,70,70,70,70,70,70,70,70,70,70,70,70,70,70,70,70,70,70],"card_choices":[{"not_picked":["Bouncing Flask","Riddle With Holes"],"picked":"Dagger Throw","floor":1},{"not_picked":["Acrobatics","Footwork"],"picked":"Infinite Blades","floor":4},{"not_picked":["Masterful Stab","Heel Hook"],"picked":"Backflip","floor":6},{"not_picked":["Underhanded Strike","PiercingWail"],"picked":"Backstab","floor":8},{"not_picked":["Dash","Poisoned Stab"],"picked":"Acrobatics","floor":14},{"not_picked":["Doppelganger","Envenom"],"picked":"Phantasmal Killer","floor":16},{"not_picked":["Sucker Punch","PiercingWail"],"picked":"Quick Slash","floor":17},{"not_picked":["Acrobatics","Dash"],"picked":"Flechettes","floor":17},{"not_picked":["Slice","Die Die Die"],"picked":"Prepared","floor":17},{"not_picked":["Dagger Spray","Flying Knee"],"picked":"Outmaneuver","floor":17},{"not_picked":["Bane","Sucker Punch"],"picked":"Infinite Blades","floor":17},{"not_picked":["Masterful Stab","Noxious Fumes"],"picked":"Backflip+1","floor":18},{"not_picked":["Deflect","Slice","Dagger Spray"],"picked":"SKIP","floor":19},{"not_picked":["Bane","PiercingWail"],"picked":"Acrobatics","floor":22},{"not_picked":["Endless Agony","Underhanded Strike","Prepared"],"picked":"SKIP","floor":25},{"not_picked":["Dagger Throw","Deadly Poison+1","Catalyst+1"],"picked":"SKIP","floor":28},{"not_picked":["Endless Agony+1","Slice"],"picked":"Blur+1","floor":29}],"player_experience":7367,"relics_obtained":[{"floor":6,"key":"Thread and Needle"},{"floor":9,"key":"Orichalcum"},{"floor":26,"key":"Toxic Egg 2"}],"event_choices":[{"event_name":"The Cleric","player_choice":"Card Removal","floor":2,"damage_taken":0},{"event_name":"Scrap Ooze","player_choice":"success","floor":3,"damage_taken":12},{"event_name":"Golden Wing","player_choice":"Card Removal","floor":5,"damage_taken":0},{"event_name":"Liars Game","player_choice":"disagreed","floor":12,"damage_taken":0},{"event_name":"Nest","player_choice":"Stole From Cult","floor":20,"damage_taken":0}],"boss_relics":[{"not_picked":["Philosopher\u0027s Stone","Fusion Hammer"],"picked":"Orrery"}],"items_purged_floors":[21,24],"is_endless":false,"potions_floor_spawned":[4,6,14,19,22,25],"killed_by":"Slavers","ascension_level":0}