{"gold_per_floor":[113,127,127,145,163,163,196,271,271,271,299,319,329,344,344,446,446,464,223,223,238,238,238,254,254,254,268,278,228,228],"floor_reached":30,"playtime":5718,"items_purged":[],"score":259,"play_id":"dea602b2-1f6c-487c-8250-b85c9fe5238d","local_time":"20190606230343","is_ascension_mode":false,"campfire_choices":[{"data":"Shrug It Off","floor":6,"key":"SMITH"},{"floor":10,"key":"REST"},{"floor":15,"key":"REST"},{"floor":23,"key":"REST"},{"data":"Fiend Fire","floor":25,"key":"SMITH"}],"neow_cost":"NONE","seed_source_timestamp":1963529530984672,"circlet_count":0,"master_deck":["Defend_R","Defend_R","Defend_R","Defend_R","Bash","Shrug It Off+1","Battle Trance","Bash","Dropkick","Headbutt","Warcry","Inflame","Thunderclap","Carnage","Twin Strike","Clash","Clothesline","Fiend Fire+1","Corruption+1","Violence","Bite","Bite","Bite","Bite","Bite","Iron Wave","Necronomicurse","Wild Strike+1","Pommel Strike"],"relics":["Burning Blood","Boot","Singing Bowl","Odd Mushroom","Runic Cube","Necronomicon","PreservedInsect"],"potions_floor_usage":[5,5],"damage_taken":[{"damage":6,"enemies":"Cultist","floor":1,"turns":5},{"damage":3,"enemies":"2 Louse","floor":2,"turns":4},{"damage":4,"enemies":"Jaw Worm","floor":4,"turns":5},{"damage":0,"enemies":"3 Louse","floor":5,"turns":4},{"damage":28,"enemies":"Gremlin Nob","floor":7,"turns":5},{"damage":33,"enemies":"The Mushroom Lair","floor":11,"turns":4},{"damage":0,"enemies":"Large Slime","floor":12,"turns":4},{"damage":10,"enemies":"Looter","floor":13,"turns":3},{"damage":14,"enemies":"Gremlin Gang","floor":14,"turns":4},{"damage":64,"enemies":"Slime Boss","floor":16,"turns":13},{"damage":35,"enemies":"Shell Parasite","floor":18,"turns":5},{"damage":5,"enemies":"Chosen","floor":21,"turns":3},{"damage":10,"enemies":"Snake Plant","floor":24,"turns":3},{"damage":10,"enemies":"Snecko","floor":27,"turns":4},{"damage":36,"enemies":"Centurion and Healer","floor":28,"turns":5},{"damage":41,"enemies":"Shelled Parasite and Fungi","floor":30,"turns":4}],"seed_played":"1039088694878525707","potions_obtained":[{"floor":2,"key":"PowerPotion"},{"floor":4,"key":"Fire Potion"},{"floor":7,"key":"Swift Potion"},{"floor":13,"key":"Ancient Potion"},{"floor":14,"key":"Swift Potion"},{"floor":24,"key":"Explosive Potion"}],"is_trial":false,"path_per_floor":["M","M","?","M","M","R","E","?","T","R","?","M","M","M","R","B",null,"M","$","?","M","?","R","M","R","T","M","M","?","M"],"character_chosen":"IRONCLAD","items_purchased":["Explosive Potion","Violence"],"campfire_rested":3,"item_purchase_floors":[19,19],"current_hp_per_floor":[88,88,88,88,88,88,66,55,55,81,54,60,56,48,74,16,88,59,59,59,61,45,61,59,59,59,57,37,37,0],"gold":228,"neow_bonus":"TEN_PERCENT_HP_BONUS","is_prod":false,"is_daily":false,"chose_seed":false,"campfire_upgraded":2,"win_rate":0.0,"timestamp":1559880223,"path_taken":["M","?","?","?","M","R","E","?","T","R","?","M","M","M","R","BOSS","M","$","?","M","?","R","M","R","T","M","M","?","M"],"build_version":"2019-01-23","purchased_purges":0,"victory":false,"max_hp_per_floor":[88,88,88,88,88,88,88,88,88,88,88,88,88,88,88,88,88,88,88,61,61,61,61,61,61,61,61,63,63,63],"card_choices":[{"not_picked":["Dropkick","Sever Soul"],"picked":"Shrug It Off","floor":1},{"not_picked":["Second Wind","Fire Breathing"],"picked":"Battle Trance","floor":2},{"not_picked":["Sever Soul","Evolve"],"picked":"Warcry","floor":4},{"not_picked":["Shockwave","Reckless Charge"],"picked":"Inflame","floor":5},{"not_picked":["Fire Breathing","Evolve"],"picked":"Thunderclap","floor":7},{"not_picked":["Warcry","Wild Strike"],"picked":"Carnage","floor":11},{"not_picked":["Shockwave","Havoc"],"picked":"Twin Strike","floor":12},{"not_picked":["Rupture","Searing Blow"],"picked":"Clash","floor":13},{"not_picked":["Havoc","Entrench"],"picked":"Clothesline","floor":14},{"not_picked":["Feed","Demon Form"],"picked":"Fiend Fire","floor":16},{"not_picked":["Rupture+1","Wild Strike"],"picked":"Corruption+1","floor":18},{"not_picked":["Intimidate","Perfected Strike"],"picked":"Iron Wave","floor":21},{"not_picked":["Clash","Inflame"],"picked":"Wild Strike+1","floor":24},{"not_picked":["Seeing Red","Burning Pact"],"picked":"Pommel Strike","floor":27},{"not_picked":["Havoc+1","Anger","Intimidate"],"picked":"Singing Bowl","floor":28}],"player_experience":52875,"relics_obtained":[{"floor":7,"key":"Boot"},{"floor":9,"key":"Singing Bowl"},{"floor":11,"key":"Odd Mushroom"},{"floor":22,"key":"Necronomicon"},{"floor":26,"key":"PreservedInsect"}],"event_choices":[{"damage_healed":0,"gold_gain":0,"player_choice":"3 cards matched","damage_taken":0,"max_hp_gain":0,"max_hp_loss":0,"event_name":"Match and Keep!","floor":3,"gold_loss":0,"cards_obtained":["Bash","Dropkick","Headbutt"]},{"damage_healed":0,"gold_gain":75,"player_choice":"Gather Gold","damage_taken":11,"max_hp_gain":0,"max_hp_loss":0,"event_name":"World of Goop","floor":8,"gold_loss":0},{"damage_healed":0,"gold_gain":0,"player_choice":"Fought Mushrooms","damage_taken":0,"max_hp_gain":0,"max_hp_loss":0,"event_name":"Mushrooms","floor":11,"gold_loss":0},{"damage_healed":0,"gold_gain":0,"player_choice":"Became a vampire","damage_taken":0,"max_hp_gain":0,"max_hp_loss":27,"event_name":"Vampires","floor":20,"gold_loss":0,"cards_obtained":["Bite","Bite","Bite","Bite","Bite"]},{"damage_healed":0,"gold_gain":0,"player_choice":"Obtained Book","damage_taken":16,"max_hp_gain":0,"max_hp_loss":0,"event_name":"Cursed Tome","floor":22,"gold_loss":0},{"damage_healed":0,"gold_gain":0,"player_choice":"Bet on Murderer","damage_taken":0,"max_hp_gain":0,"max_hp_loss":0,"event_name":"The Joust","floor":29,"gold_loss":50}],"is_beta":false,"boss_relics":[{"not_picked":["Empty Cage","Calling Bell"],"picked":"Runic Cube"}],"items_purged_floors":[],"is_endless":false,"potions_floor_spawned":[2,4,7,13,14,24,28],"killed_by":"Shelled Parasite and Fungi","ascension_level":0}