{"gold_per_floor":[117,1,18,37,49,76,22,52,52,64,64,99,40,56,56,133,133,143,161,106,124,140,175,191,191,191,191,36,67,77,107,107,186,186,199,218,236,248,258,258,277,307,307,54,73,73,90,90,90,90,90,90,90,2,2],"floor_reached":55,"playtime":7253,"items_purged":["Strike_R","Metallicize+1"],"score":1970,"play_id":"84a4bc4b-2809-4765-859c-890b720f8d31","local_time":"20190402002215","is_ascension_mode":true,"campfire_choices":[{"floor":11.0,"key":"REST"},{"data":"Rampage","floor":15.0,"key":"SMITH"},{"data":"Flame Barrier","floor":25.0,"key":"SMITH"},{"data":"Flame Barrier","floor":27.0,"key":"SMITH"},{"data":"Metallicize","floor":32.0,"key":"SMITH"},{"data":"True Grit","floor":40.0,"key":"SMITH"},{"data":"Feel No Pain","floor":46.0,"key":"SMITH"},{"floor":49.0,"key":"RECALL"},{"data":"Double Tap","floor":53.0,"key":"SMITH"}],"neow_cost":"NONE","seed_source_timestamp":0,"circlet_count":0,"master_deck":["AscendersBane","Bash+1","Rampage+1","Flame Barrier+1","Headbutt","Headbutt","Feel No Pain+1","Reaper","Reaper+1","Cleave+1","Impervious","Body Slam+1","Anger+1","Inflame+1","Battle Trance","Inflame+1","Corruption+1","Flame Barrier+1","Shrug It Off","Exhume","Shrug It Off","Double Tap+1","Dark Embrace+1","True Grit+1","Impervious","Shrug It Off","Secret Technique","Flash of Steel+1","Feel No Pain+1"],"special_seed":0,"relics":["Burning Blood","Thread and Needle","War Paint","Frozen Egg 2","Molten Egg 2","Pandora\u0027s Box","Pantograph","Centennial Puzzle","Mercury Hourglass","Juzu Bracelet","Runic Cube","PreservedInsect","Orichalcum"],"potions_floor_usage":[],"damage_taken":[{"damage":7.0,"enemies":"Small Slimes","floor":1.0,"turns":3.0},{"damage":1.0,"enemies":"Cultist","floor":3.0,"turns":4.0},{"damage":7.0,"enemies":"Jaw Worm","floor":4.0,"turns":2.0},{"damage":13.0,"enemies":"Looter","floor":5.0,"turns":4.0},{"damage":54.0,"enemies":"Gremlin Nob","floor":6.0,"turns":5.0},{"damage":9.0,"enemies":"Lagavulin","floor":8.0,"turns":7.0},{"damage":4.0,"enemies":"Blue Slaver","floor":10.0,"turns":7.0},{"damage":5.0,"enemies":"3 Sentries","floor":12.0,"turns":10.0},{"damage":7.0,"enemies":"2 Fungi Beasts","floor":14.0,"turns":4.0},{"damage":58.0,"enemies":"Slime Boss","floor":16.0,"turns":12.0},{"damage":33.0,"enemies":"2 Thieves","floor":18.0,"turns":5.0},{"damage":8.0,"enemies":"3 Byrds","floor":19.0,"turns":4.0},{"damage":3.0,"enemies":"Snecko","floor":21.0,"turns":6.0},{"damage":25.0,"enemies":"Shelled Parasite and Fungi","floor":22.0,"turns":5.0},{"damage":33.0,"enemies":"Book of Stabbing","floor":23.0,"turns":5.0},{"damage":7.0,"enemies":"Centurion and Healer","floor":24.0,"turns":7.0},{"damage":56.0,"enemies":"Gremlin Leader","floor":29.0,"turns":7.0},{"damage":11.0,"enemies":"Snecko","floor":30.0,"turns":6.0},{"damage":3.0,"enemies":"Book of Stabbing","floor":31.0,"turns":4.0},{"damage":43.0,"enemies":"Champ","floor":33.0,"turns":12.0},{"damage":10.0,"enemies":"3 Darklings","floor":35.0,"turns":5.0},{"damage":7.0,"enemies":"Orb Walker","floor":36.0,"turns":3.0},{"damage":40.0,"enemies":"Spire Growth","floor":37.0,"turns":6.0},{"damage":0.0,"enemies":"4 Shapes","floor":38.0,"turns":5.0},{"damage":35.0,"enemies":"Jaw Worm Horde","floor":39.0,"turns":4.0},{"damage":18.0,"enemies":"3 Darklings","floor":41.0,"turns":5.0},{"damage":0.0,"enemies":"Giant Head","floor":42.0,"turns":6.0},{"damage":17.0,"enemies":"Sphere and 2 Shapes","floor":45.0,"turns":7.0},{"damage":12.0,"enemies":"Jaw Worm Horde","floor":47.0,"turns":4.0},{"damage":61.0,"enemies":"Awakened One","floor":50.0,"turns":9.0},{"damage":49.0,"enemies":"Time Eater","floor":51.0,"turns":8.0},{"damage":65,"enemies":"Shield and Spear","floor":55,"turns":3}],"seed_played":"9098526512463616652","potions_obtained":[{"floor":4.0,"key":"Dexterity Potion"},{"floor":6.0,"key":"EntropicBrew"},{"floor":12.0,"key":"Energy Potion"},{"floor":14.0,"key":"Explosive Potion"},{"floor":21.0,"key":"SpeedPotion"},{"floor":23.0,"key":"Energy Potion"},{"floor":29.0,"key":"EssenceOfSteel"},{"floor":33.0,"key":"FearPotion"},{"floor":35.0,"key":"Block Potion"},{"floor":39.0,"key":"EssenceOfSteel"},{"floor":41.0,"key":"SteroidPotion"},{"floor":45.0,"key":"SkillPotion"}],"is_trial":false,"path_per_floor":["M","$","M","M","M","E","$","E","T","M","R","E","?","M","R","B",null,"M","M","$","M","M","E","M","R","T","R","$","E","M","E","R","B",null,"M","M","M","M","M","R","M","E","T","$","M","R","M","?","R","B","B",null,"R","$","E"],"character_chosen":"IRONCLAD","items_purchased":["Flame Barrier","Energy Potion","Fire Potion","Exhume","Impervious","Feel No Pain+1"],"campfire_rested":1,"item_purchase_floors":[2,7,20,28,44,54],"current_hp_per_floor":[67,67,72,71,64,16,16,13,13,19,41,46,46,51,51,7,58,47,61,61,75,72,60,75,75,75,75,75,75,75,75,75,48,68,75,75,62,75,75,75,75,75,75,75,75,75,75,65,65,35,17,61,61,61,0],"gold":2,"neow_bonus":"UPGRADE_CARD","is_prod":false,"is_daily":false,"chose_seed":false,"campfire_upgraded":7,"win_rate":0,"timestamp":1554189735,"path_taken":["M","$","M","M","M","E","$","E","T","M","R","E","?","M","R","BOSS","M","M","$","M","?","E","M","R","T","R","?","E","M","E","R","BOSS","M","M","M","M","M","R","M","E","T","$","M","R","M","?","R","BOSS","BOSS","R","$","E"],"build_version":"2019-01-23","purchased_purges":2,"victory":false,"max_hp_per_floor":[75,75,75,75,75,75,75,75,75,75,75,75,75,75,75,75,75,75,75,75,75,75,75,75,75,75,75,75,75,75,75,75,75,75,75,75,75,75,75,75,75,75,75,75,75,75,75,75,75,75,75,75,75,75,75],"card_choices":[{"not_picked":["Sword Boomerang","Body Slam"],"picked":"Rampage","floor":1.0},{"not_picked":["Hemokinesis","Perfected Strike"],"picked":"Headbutt","floor":3.0},{"not_picked":["Infernal Blade","Metallicize"],"picked":"Headbutt","floor":4.0},{"not_picked":["Headbutt","Evolve"],"picked":"Feel No Pain","floor":5.0},{"not_picked":["Wild Strike","Metallicize"],"picked":"Reaper","floor":6.0},{"not_picked":["Body Slam","Armaments"],"picked":"Metallicize","floor":8.0},{"not_picked":["Havoc","Heavy Blade","Anger"],"picked":"SKIP","floor":10.0},{"not_picked":["Iron Wave","Shockwave","Body Slam"],"picked":"SKIP","floor":12.0},{"not_picked":["Searing Blow+1","Headbutt+1","Warcry"],"picked":"SKIP","floor":14.0},{"not_picked":["Immolate+1","Feed+1"],"picked":"Reaper+1","floor":16.0},{"not_picked":["Reckless Charge+1","Headbutt+1","Searing Blow+1"],"picked":"SKIP","floor":18.0},{"not_picked":["Headbutt+1","Uppercut+1"],"picked":"Flame Barrier","floor":19.0},{"not_picked":["Body Slam+1","Wild Strike+1","Rupture+1"],"picked":"SKIP","floor":21.0},{"not_picked":["Armaments","Pummel+1","Entrench"],"picked":"SKIP","floor":22.0},{"not_picked":["Berserk+1","Sword Boomerang+1"],"picked":"Shrug It Off","floor":23.0},{"not_picked":["Sword Boomerang+1","Evolve+1","Wild Strike+1"],"picked":"SKIP","floor":24.0},{"not_picked":["Clothesline+1","Headbutt+1"],"picked":"Shrug It Off","floor":29.0},{"not_picked":["Bludgeon+1","Thunderclap+1","True Grit"],"picked":"SKIP","floor":30.0},{"not_picked":["Reckless Charge+1","Armaments"],"picked":"Double Tap","floor":31.0},{"not_picked":["Reaper+1","Limit Break"],"picked":"Dark Embrace+1","floor":33.0},{"not_picked":["Dual Wield","Headbutt+1","Whirlwind+1"],"picked":"SKIP","floor":35.0},{"not_picked":["Infernal Blade+1","Anger+1","Burning Pact"],"picked":"SKIP","floor":36.0},{"not_picked":["Havoc","Body Slam+1","Iron Wave+1"],"picked":"SKIP","floor":37.0},{"not_picked":["Spot Weakness","Sword Boomerang+1"],"picked":"True Grit","floor":38.0},{"not_picked":["Sword Boomerang+1","Flex","Pummel+1"],"picked":"SKIP","floor":39.0},{"not_picked":["Warcry","Anger+1","Rage"],"picked":"SKIP","floor":41.0},{"not_picked":["Searing Blow+1","Whirlwind+1","Heavy Blade+1"],"picked":"SKIP","floor":42.0},{"not_picked":["Infernal Blade","Armaments","Clothesline+1"],"picked":"SKIP","floor":45.0},{"not_picked":["Reaper+1","Clothesline+1"],"picked":"Shrug It Off","floor":47.0},{"not_picked":["Bandage Up","Discovery"],"picked":"Secret Technique","floor":48.0},{"not_picked":["Transmutation","Good Instincts"],"picked":"Flash of Steel+1","floor":48.0}],"player_experience":799693,"relics_obtained":[{"floor":6.0,"key":"Thread and Needle"},{"floor":8.0,"key":"War Paint"},{"floor":12.0,"key":"Frozen Egg 2"},{"floor":23.0,"key":"Pantograph"},{"floor":26.0,"key":"Centennial Puzzle"},{"floor":29.0,"key":"Mercury Hourglass"},{"floor":31.0,"key":"Juzu Bracelet"},{"floor":42.0,"key":"PreservedInsect"},{"floor":43.0,"key":"Orichalcum"}],"event_choices":[{"damage_healed":0.0,"max_hp_gain":0.0,"max_hp_loss":0.0,"gold_gain":0.0,"event_name":"WeMeetAgain","player_choice":"Paid Gold","floor":13.0,"gold_loss":59.0,"damage_taken":0.0,"relics_obtained":["Molten Egg 2"]},{"damage_healed":0.0,"max_hp_gain":0.0,"max_hp_loss":0.0,"gold_gain":0.0,"event_name":"SensoryStone","player_choice":"Memory 3","floor":48.0,"gold_loss":0.0,"damage_taken":10.0}],"is_beta":false,"boss_relics":[{"not_picked":["White Beast Statue","Philosopher\u0027s Stone"],"picked":"Pandora\u0027s Box"},{"not_picked":["Empty Cage","Astrolabe"],"picked":"Runic Cube"}],"items_purged_floors":[2,44],"is_endless":false,"potions_floor_spawned":[4,6,12,14,21,23,29,33,35,39,41,45],"killed_by":"Shield and Spear","ascension_level":20}