{"gold_per_floor":[117,117,117,28,40,40,75,92,117,128,141,141,141],"floor_reached":13,"playtime":1187,"items_purged":[],"score":89,"play_id":"a335ae34-623c-41cd-a212-f997c74811f4","local_time":"20190705004659","is_ascension_mode":true,"campfire_choices":[{"floor":6,"key":"REST"}],"neow_cost":"NONE","seed_source_timestamp":1444070415703313,"circlet_count":0,"master_deck":["Strike_G","Strike_G","Strike_G","Defend_G","Defend_G","Defend_G","Defend_G","Defend_G","Survivor","Neutralize","Corpse Explosion","Good Instincts","Outmaneuver","Backflip","Deflect","Wraith Form v2"],"relics":["Ring of the Snake","Omamori","Bottled Lightning"],"potions_floor_usage":[7,11],"damage_taken":[{"damage":1,"enemies":"2 Louse","floor":1,"turns":2},{"damage":4,"enemies":"Jaw Worm","floor":5,"turns":5},{"damage":56,"enemies":"Gremlin Nob","floor":7,"turns":6},{"damage":0,"enemies":"Cultist","floor":8,"turns":4},{"damage":12,"enemies":"Blue Slaver","floor":10,"turns":5},{"damage":1,"enemies":"Exordium Thugs","floor":11,"turns":4},{"damage":2,"enemies":"2 Fungi Beasts","floor":13,"turns":1}],"seed_played":"7036038655628136291","potions_obtained":[{"floor":1,"key":"Block Potion"},{"floor":10,"key":"SkillPotion"}],"is_trial":false,"path_per_floor":["M","?","?","$","M","R","E","M","T","M","M","?","M"],"character_chosen":"THE_SILENT","items_purchased":["Good Instincts"],"campfire_rested":1,"item_purchase_floors":[4],"current_hp_per_floor":[69,62,62,62,58,70,14,14,14,2,1,1,0],"gold":141,"neow_bonus":"ONE_RANDOM_RARE_CARD","is_prod":false,"is_daily":false,"chose_seed":false,"campfire_upgraded":0,"win_rate":0,"timestamp":1562305619,"path_taken":["M","?","?","$","M","R","E","M","T","?","M","?","M"],"build_version":"2019-07-01","purchased_purges":0,"victory":false,"max_hp_per_floor":[70,70,70,70,70,70,70,70,70,70,70,70,70],"card_choices":[{"not_picked":["Reflex","Sucker Punch","Leg Sweep"],"picked":"SKIP","floor":1},{"not_picked":["Dagger Spray","Deflect"],"picked":"Outmaneuver","floor":5},{"not_picked":["Blade Dance","Acrobatics","Doppelganger"],"picked":"SKIP","floor":7},{"not_picked":["Sucker Punch","Flying Knee"],"picked":"Backflip","floor":8},{"not_picked":["Masterful Stab","Finisher"],"picked":"Deflect","floor":10},{"not_picked":["Dagger Spray","Riddle With Holes","Choke"],"picked":"SKIP","floor":11},{"not_picked":["Dagger Spray","Riddle With Holes","Choke"],"picked":"SKIP","floor":11}],"player_experience":249976,"relics_obtained":[{"floor":7,"key":"Bottled Lightning"}],"event_choices":[{"damage_healed":0,"gold_gain":0,"player_choice":"Success","damage_taken":7,"relics_obtained":["Omamori"],"max_hp_gain":0,"max_hp_loss":0,"event_name":"Scrap Ooze","floor":2,"gold_loss":0},{"cards_removed":["Strike_G"],"damage_healed":0,"gold_gain":0,"player_choice":"Purged","damage_taken":0,"max_hp_gain":0,"max_hp_loss":0,"event_name":"Purifier","floor":3,"gold_loss":0},{"damage_healed":0,"gold_gain":0,"cards_transformed":["Strike_G"],"player_choice":"Transformed","damage_taken":0,"max_hp_gain":0,"max_hp_loss":0,"event_name":"Transmorgrifier","floor":12,"gold_loss":0,"cards_obtained":["Wraith Form v2"]}],"is_beta":false,"boss_relics":[],"items_purged_floors":[],"is_endless":false,"potions_floor_spawned":[1,10],"killed_by":"2 Fungi Beasts","ascension_level":1}