{"gold_per_floor":[117,131,131,131,10,35,48,81,81,81,95,95,95,110,110,205,205,225,48,59,74,74,74,101,101,127,0,33,33,33,46,46,145,145,161,171,46,146,161,161,173,202,202,221,253,253,284,312,312,312],"floor_reached":51,"playtime":4674,"items_purged":["Strike_B","Defend_B"],"score":880,"play_id":"73490713-e84d-4191-b341-9e11d271ceb7","local_time":"20190712205530","is_ascension_mode":true,"campfire_choices":[{"data":"Gash","floor":10,"key":"SMITH"},{"data":"Turbo","floor":13,"key":"SMITH"},{"data":"Reinforced Body","floor":15,"key":"SMITH"},{"data":"Doom and Gloom","floor":23,"key":"SMITH"},{"data":"Seek","floor":25,"key":"SMITH"},{"data":"Panache","floor":29,"key":"SMITH"},{"floor":32,"key":"REST"},{"data":"Hologram","floor":40,"key":"SMITH"},{"data":"Coolheaded","floor":46,"key":"SMITH"},{"data":"Rainbow","floor":49,"key":"SMITH"}],"neow_cost":"NONE","seed_source_timestamp":208831865598600,"circlet_count":0,"master_deck":["Strike_B+1","Strike_B+1","Strike_B","Defend_B","Zap","Dualcast+1","Beam Cell+1","BootSequence","Gash+1","Turbo+1","BootSequence","Self Repair","Doom and Gloom+1","Reinforced Body+1","Seek+1","Hologram+1","Panache+1","White Noise","Capacitor","Self Repair+1","White Noise+1","Compile Driver+1","Rainbow+1","Defragment","Ball Lightning","Coolheaded+1","Reinforced Body","Hologram+1","Turbo+1","Seek","Go for the Eyes","Scrape+1","Loop+1"],"relics":["Cracked Core","NeowsBlessing","Happy Flower","Ice Cream","Meat on the Bone","Runic Pyramid","Potion Belt","Blood Vial","Whetstone","Eternal Feather","WingedGreaves","Lantern","Bottled Flame","Pen Nib","Strawberry","Toxic Egg 2"],"potions_floor_usage":[8,16,24,41,45,50,50,50,50,50],"damage_taken":[{"damage":0,"enemies":"Cultist","floor":1,"turns":1},{"damage":0,"enemies":"Jaw Worm","floor":2,"turns":1},{"damage":0,"enemies":"3 Sentries","floor":6,"turns":1},{"damage":3,"enemies":"2 Louse","floor":7,"turns":3},{"damage":19,"enemies":"Gremlin Nob","floor":8,"turns":4},{"damage":10,"enemies":"2 Fungi Beasts","floor":11,"turns":4},{"damage":0,"enemies":"Looter","floor":14,"turns":3},{"damage":38,"enemies":"Hexaghost","floor":16,"turns":10},{"damage":10,"enemies":"Shell Parasite","floor":18,"turns":5},{"damage":0,"enemies":"3 Byrds","floor":20,"turns":3},{"damage":17,"enemies":"Snecko","floor":21,"turns":6},{"damage":18,"enemies":"Book of Stabbing","floor":24,"turns":6},{"damage":34,"enemies":"Slavers","floor":28,"turns":3},{"damage":0,"enemies":"Colosseum Slavers","floor":30,"turns":3},{"damage":4,"enemies":"3 Cultists","floor":31,"turns":5},{"damage":18,"enemies":"Collector","floor":33,"turns":8},{"damage":8,"enemies":"Orb Walker","floor":35,"turns":3},{"damage":0,"enemies":"3 Shapes","floor":36,"turns":3},{"damage":3,"enemies":"Mind Bloom Boss Battle","floor":38,"turns":5},{"damage":0,"enemies":"3 Darklings","floor":39,"turns":3},{"damage":16,"enemies":"Transient","floor":41,"turns":5},{"damage":18,"enemies":"Nemesis","floor":42,"turns":9},{"damage":0,"enemies":"Maw","floor":44,"turns":6},{"damage":55,"enemies":"Reptomancer","floor":45,"turns":6},{"damage":18,"enemies":"Giant Head","floor":47,"turns":8},{"damage":0,"enemies":"Nemesis","floor":48,"turns":5},{"damage":77,"enemies":"Time Eater","floor":50,"turns":9}],"seed_played":"-7901235923458460333","potions_obtained":[{"floor":6,"key":"Block Potion"},{"floor":7,"key":"Swift Potion"},{"floor":21,"key":"LiquidBronze"},{"floor":28,"key":"Energy Potion"},{"floor":33,"key":"EssenceOfSteel"},{"floor":35,"key":"SteroidPotion"},{"floor":36,"key":"EssenceOfSteel"},{"floor":41,"key":"PowerPotion"},{"floor":47,"key":"Strength Potion"},{"floor":48,"key":"Fire Potion"}],"is_trial":false,"path_per_floor":["M","M","?","?","$","E","M","E","T","R","M","$","R","M","R","B",null,"M","$","M","M","?","R","E","R","T","?","E","R","?","M","R","B",null,"M","M","$","?","M","R","M","E","T","M","E","R","E","E","R","B",null],"character_chosen":"DEFECT","items_purchased":["Gash","Panache","Coolheaded"],"campfire_rested":1,"item_purchase_floors":[5,19,37],"current_hp_per_floor":[75,75,68,53,53,53,50,31,31,31,40,40,40,40,40,21,75,72,72,72,62,62,62,51,51,51,51,41,41,43,48,70,71,75,75,75,75,75,75,75,75,74,74,75,49,67,75,82,82,44],"gold":312,"neow_bonus":"THREE_ENEMY_KILL","is_prod":false,"is_daily":false,"chose_seed":false,"campfire_upgraded":9,"win_rate":0,"timestamp":1562990130,"path_taken":["M","M","?","?","$","E","M","E","T","R","M","?","R","?","R","BOSS","M","$","M","M","?","R","E","R","T","?","E","R","?","M","R","BOSS","M","M","$","?","M","R","M","E","T","M","E","R","E","E","R","BOSS"],"build_version":"2019-07-05","purchased_purges":2,"victory":true,"max_hp_per_floor":[75,75,75,75,75,75,75,75,75,75,75,75,75,75,75,75,75,75,75,75,75,75,75,75,75,75,75,75,75,75,75,75,75,75,75,75,75,75,75,75,75,75,75,75,75,75,82,82,82,82],"card_choices":[{"not_picked":["Hologram","Leap"],"picked":"Beam Cell","floor":1},{"not_picked":["Hello World","Steam Power"],"picked":"BootSequence","floor":2},{"not_picked":["Steam","Storm"],"picked":"Turbo","floor":6},{"not_picked":["Stack","Hello World"],"picked":"BootSequence","floor":7},{"not_picked":["Consume","Buffer"],"picked":"Self Repair","floor":8},{"not_picked":["Ball Lightning","Gash"],"picked":"Doom and Gloom","floor":11},{"not_picked":["Barrage","Stack"],"picked":"Reinforced Body","floor":14},{"not_picked":["Meteor Strike","Rainbow"],"picked":"Seek","floor":16},{"not_picked":["Sweeping Beam","Rip and Tear"],"picked":"Hologram+1","floor":18},{"not_picked":["Stack","Leap"],"picked":"White Noise","floor":20},{"not_picked":["Beam Cell","Leap"],"picked":"Capacitor","floor":21},{"not_picked":["Consume","Barrage+1"],"picked":"Self Repair+1","floor":24},{"not_picked":["Chill","Capacitor"],"picked":"White Noise+1","floor":28},{"not_picked":["Sweeping Beam","Beam Cell"],"picked":"Compile Driver+1","floor":31},{"not_picked":["Biased Cognition","Thunder Strike"],"picked":"Rainbow","floor":33},{"not_picked":["Tempest","Sweeping Beam"],"picked":"Defragment","floor":35},{"not_picked":["Undo+1","Steam"],"picked":"Ball Lightning","floor":36},{"not_picked":["Compile Driver","Conserve Battery+1"],"picked":"Reinforced Body","floor":38},{"not_picked":["Coolheaded","Genetic Algorithm"],"picked":"Hologram","floor":39},{"not_picked":["Rebound","Ball Lightning+1"],"picked":"Turbo+1","floor":41},{"not_picked":["Leap+1","Self Repair"],"picked":"Seek","floor":42},{"not_picked":["Sweeping Beam+1","Beam Cell+1"],"picked":"Go for the Eyes","floor":44},{"not_picked":["Tempest+1","BootSequence+1"],"picked":"Scrape+1","floor":45},{"not_picked":["Doom and Gloom","Beam Cell+1"],"picked":"Loop+1","floor":47},{"not_picked":["Aggregate+1","Leap+1","Turbo"],"picked":"SKIP","floor":48}],"player_experience":65857,"relics_obtained":[{"floor":6,"key":"Happy Flower"},{"floor":8,"key":"Ice Cream"},{"floor":9,"key":"Meat on the Bone"},{"floor":24,"key":"Potion Belt"},{"floor":26,"key":"Blood Vial"},{"floor":28,"key":"Whetstone"},{"floor":38,"key":"WingedGreaves"},{"floor":42,"key":"Lantern"},{"floor":43,"key":"Bottled Flame"},{"floor":45,"key":"Pen Nib"},{"floor":47,"key":"Strawberry"},{"floor":48,"key":"Toxic Egg 2"}],"event_choices":[{"cards_removed":["Defend_B"],"damage_healed":0,"gold_gain":0,"player_choice":"Card Removal","damage_taken":7,"max_hp_gain":0,"max_hp_loss":0,"event_name":"Golden Wing","floor":3,"gold_loss":0},{"damage_healed":0,"gold_gain":0,"player_choice":"Entered Light","damage_taken":15,"max_hp_gain":0,"max_hp_loss":0,"event_name":"Shining Light","floor":4,"gold_loss":0,"cards_upgraded":["Dualcast","Beam Cell"]},{"cards_removed":["Defend_B"],"damage_healed":0,"gold_gain":0,"player_choice":"Elegance","damage_taken":0,"max_hp_gain":0,"max_hp_loss":0,"event_name":"Back to Basics","floor":22,"gold_loss":0},{"damage_healed":0,"gold_gain":0,"player_choice":"Paid Fearfully","damage_taken":0,"max_hp_gain":0,"max_hp_loss":0,"event_name":"Masked Bandits","floor":27,"gold_loss":127},{"damage_healed":0,"gold_gain":0,"player_choice":"Fight","damage_taken":0,"max_hp_gain":0,"max_hp_loss":0,"event_name":"Colosseum","floor":30,"gold_loss":0},{"damage_healed":0,"gold_gain":0,"player_choice":"Fled From Nobs","damage_taken":0,"max_hp_gain":0,"max_hp_loss":0,"event_name":"Colosseum","floor":30,"gold_loss":0},{"damage_healed":0,"gold_gain":0,"player_choice":"Fight","damage_taken":0,"max_hp_gain":0,"max_hp_loss":0,"event_name":"MindBloom","floor":38,"gold_loss":0}],"is_beta":false,"boss_relics":[{"not_picked":["Inserter","FrozenCore"],"picked":"Runic Pyramid"},{"not_picked":["Cursed Key","Runic Dome"],"picked":"Eternal Feather"}],"items_purged_floors":[5,37],"is_endless":false,"potions_floor_spawned":[6,7,21,28,30,33,35,36,41,47,48],"ascension_level":1}