{"gold_per_floor":[111,124,137,149,149,184,197,232,257,257],"floor_reached":10,"playtime":835,"items_purged":[],"score":84,"play_id":"dc257f8e-d06f-49fb-ae2a-6fe1a188d5e7","local_time":"20190609202033","is_ascension_mode":true,"campfire_choices":[],"neow_cost":"NONE","seed_source_timestamp":108868950132808,"circlet_count":0,"master_deck":["Strike_R","Strike_R","Strike_R","Strike_R","Strike_R","Defend_R","Defend_R","Defend_R","Defend_R","Bash","Flex","Thunderclap","Cleave","Flex","Flex","Inflame"],"relics":["Burning Blood","Blue Candle","Pocketwatch","Happy Flower"],"potions_floor_usage":[6,6],"damage_taken":[{"damage":5,"enemies":"2 Louse","floor":1,"turns":3},{"damage":1,"enemies":"Cultist","floor":2,"turns":4},{"damage":9,"enemies":"Jaw Worm","floor":3,"turns":5},{"damage":3,"enemies":"Exordium Wildlife","floor":4,"turns":4},{"damage":33,"enemies":"Lagavulin","floor":6,"turns":9},{"damage":10,"enemies":"Exordium Thugs","floor":7,"turns":4},{"damage":39,"enemies":"3 Sentries","floor":8,"turns":7},{"damage":32,"enemies":"Gremlin Nob","floor":10,"turns":3}],"seed_played":"2554091381131417409","potions_obtained":[{"floor":1,"key":"SpeedPotion"},{"floor":3,"key":"Weak Potion"},{"floor":5,"key":"EntropicBrew"},{"floor":8,"key":"Fire Potion"}],"is_trial":false,"path_per_floor":["M","M","M","M","?","E","M","E","T","E"],"character_chosen":"IRONCLAD","items_purchased":[],"campfire_rested":0,"item_purchase_floors":[],"current_hp_per_floor":[88,88,85,88,88,61,57,24,24,0],"gold":257,"neow_bonus":"TEN_PERCENT_HP_BONUS","is_prod":false,"is_daily":false,"chose_seed":false,"campfire_upgraded":0,"win_rate":0,"timestamp":1560129633,"path_taken":["M","M","M","M","?","E","?","E","T","E"],"build_version":"2019-01-23","purchased_purges":0,"victory":false,"max_hp_per_floor":[88,88,88,88,88,88,88,88,88,88],"card_choices":[{"not_picked":["Warcry","Uppercut"],"picked":"Flex","floor":1},{"not_picked":["Dropkick","Clothesline"],"picked":"Thunderclap","floor":2},{"not_picked":["Clothesline","Iron Wave"],"picked":"Cleave","floor":3},{"not_picked":["Warcry","Rupture"],"picked":"Flex","floor":4},{"not_picked":["Headbutt","Clash","True Grit"],"picked":"SKIP","floor":6},{"not_picked":["Warcry","Thunderclap"],"picked":"Flex","floor":7},{"not_picked":["Ghostly Armor","Armaments"],"picked":"Inflame","floor":8}],"player_experience":102064,"relics_obtained":[{"floor":6,"key":"Blue Candle"},{"floor":8,"key":"Pocketwatch"},{"floor":9,"key":"Happy Flower"}],"event_choices":[{"damage_healed":0,"gold_gain":0,"player_choice":"Got Potions","damage_taken":0,"max_hp_gain":0,"max_hp_loss":0,"event_name":"Lab","floor":5,"gold_loss":0}],"is_beta":false,"boss_relics":[],"items_purged_floors":[],"is_endless":false,"potions_floor_spawned":[1,3,8],"killed_by":"Gremlin Nob","ascension_level":1}