{"gold_per_floor":[113,113,129,148,159,159,193,193,193,227,227,227,227,72,72,169,169,184,208,218,235,235],"floor_reached":22,"playtime":927,"items_purged":[],"score":252,"play_id":"06765624-8ea9-4276-b2d2-7f67eff2e3a0","local_time":"20190630214054","is_ascension_mode":true,"campfire_choices":[{"data":"Inflame","floor":6,"key":"SMITH"},{"data":"Limit Break","floor":8,"key":"SMITH"},{"data":"Heavy Blade","floor":12,"key":"SMITH"},{"floor":15,"key":"REST"}],"neow_cost":"CURSE","seed_source_timestamp":1023328314712534,"circlet_count":0,"master_deck":["Strike_R","Strike_R","Strike_R","Strike_R","Strike_R","Defend_R","Defend_R","Defend_R","Defend_R","Bash","Ghostly Armor","Sentinel","Inflame+1","Heavy Blade+1","Limit Break+1","Purity","Regret","Burning Pact","Reaper","Heavy Blade+1"],"relics":["Burning Blood","Gambling Chip","Art of War","Bronze Scales","Shuriken","Du-Vu Doll","Vajra","Eternal Feather","Bag of Preparation"],"potions_floor_usage":[22],"damage_taken":[{"damage":5,"enemies":"Small Slimes","floor":1,"turns":4},{"damage":8,"enemies":"Jaw Worm","floor":3,"turns":4},{"damage":0,"enemies":"2 Louse","floor":4,"turns":3},{"damage":8,"enemies":"Red Slaver","floor":5,"turns":4},{"damage":29,"enemies":"Gremlin Nob","floor":7,"turns":4},{"damage":40,"enemies":"3 Sentries","floor":10,"turns":8},{"damage":26,"enemies":"Hexaghost","floor":16,"turns":8},{"damage":19,"enemies":"3 Byrds","floor":18,"turns":3},{"damage":23,"enemies":"Chosen","floor":20,"turns":6},{"damage":40,"enemies":"Centurion and Healer","floor":21,"turns":5},{"damage":21,"enemies":"Snake Plant","floor":22,"turns":2}],"seed_played":"2968790182017555233","potions_obtained":[{"floor":4,"key":"FearPotion"},{"floor":10,"key":"SteroidPotion"},{"floor":18,"key":"Dexterity Potion"}],"is_trial":false,"path_per_floor":["M","?","M","M","M","R","E","R","T","E","?","R","?","$","R","B",null,"M","T","M","M","M"],"character_chosen":"IRONCLAD","items_purchased":["Vajra"],"campfire_rested":1,"item_purchase_floors":[14],"current_hp_per_floor":[80,80,78,80,78,78,55,55,55,21,18,18,18,18,42,22,80,67,67,50,16,0],"gold":235,"neow_bonus":"ONE_RARE_RELIC","is_prod":false,"is_daily":false,"chose_seed":false,"campfire_upgraded":3,"win_rate":0,"timestamp":1561956054,"path_taken":["M","?","M","M","M","R","E","R","T","E","?","R","?","$","R","BOSS","M","?","M","M","M"],"build_version":"2019-01-23","purchased_purges":0,"victory":false,"max_hp_per_floor":[80,80,80,80,80,80,80,80,80,80,80,80,80,80,80,80,80,80,80,80,80,80],"card_choices":[{"not_picked":["Warcry","Clothesline"],"picked":"Ghostly Armor","floor":1},{"not_picked":["Bloodletting","Anger"],"picked":"Sentinel","floor":3},{"not_picked":["Evolve","Thunderclap"],"picked":"Inflame","floor":4},{"not_picked":["Reckless Charge","Warcry"],"picked":"Heavy Blade","floor":5},{"not_picked":["Havoc","Cleave"],"picked":"Limit Break","floor":7},{"not_picked":["Cleave","Clothesline","Sword Boomerang"],"picked":"SKIP","floor":10},{"not_picked":["Dark Embrace","Offering"],"picked":"Reaper","floor":16},{"not_picked":["Reckless Charge","Havoc","Burning Pact"],"picked":"SKIP","floor":18},{"not_picked":["Shrug It Off","Carnage"],"picked":"Heavy Blade+1","floor":20},{"not_picked":["Pommel Strike","Cleave","Sentinel"],"picked":"SKIP","floor":21}],"player_experience":227954,"relics_obtained":[{"floor":7,"key":"Art of War"},{"floor":9,"key":"Bronze Scales"},{"floor":10,"key":"Shuriken"},{"floor":19,"key":"Bag of Preparation"}],"event_choices":[{"cards_removed":["Doubt"],"damage_healed":0,"gold_gain":0,"player_choice":"Forget","damage_taken":0,"max_hp_gain":0,"max_hp_loss":0,"event_name":"Living Wall","floor":2,"gold_loss":0},{"damage_healed":0,"gold_gain":0,"player_choice":"Success","damage_taken":3,"relics_obtained":["Du-Vu Doll"],"max_hp_gain":0,"max_hp_loss":0,"event_name":"Scrap Ooze","floor":11,"gold_loss":0},{"damage_healed":0,"gold_gain":0,"player_choice":"3 cards matched","damage_taken":0,"max_hp_gain":0,"max_hp_loss":0,"event_name":"Match and Keep!","floor":13,"gold_loss":0,"cards_obtained":["Purity","Regret","Burning Pact"]}],"is_beta":false,"boss_relics":[{"not_picked":["Fusion Hammer","Snecko Eye"],"picked":"Eternal Feather"}],"items_purged_floors":[],"is_endless":false,"potions_floor_spawned":[4,10,18],"killed_by":"Snake Plant","ascension_level":3}