{"gold_per_floor":[114,114,14,28,47,76,76,110,110,121,132,157,157,172,172,274,274,289,289,141,161,181,213,229,262,288,17,17,31,31,45,45,145,145,159,59,159,210,210,235,235,265,338,353,353,353,381,394,394,394],"floor_reached":51,"playtime":5247,"items_purged":["Bite","Cleave"],"score":1056,"play_id":"89b03266-ef62-490d-8120-d887f02f2781","local_time":"20190709190851","is_ascension_mode":true,"campfire_choices":[{"data":"Uppercut","floor":7,"key":"SMITH"},{"data":"Shockwave","floor":13,"key":"SMITH"},{"data":"Evolve","floor":15,"key":"SMITH"},{"data":"Disarm","floor":28,"key":"SMITH"},{"data":"Shrug It Off","floor":32,"key":"SMITH"},{"floor":41,"key":"REST"},{"data":"Whirlwind","floor":45,"key":"SMITH"},{"floor":49,"key":"REST"}],"neow_cost":"NONE","seed_source_timestamp":373043986668040,"circlet_count":0,"master_deck":["Defend_R","Defend_R","Defend_R+1","Defend_R","Bash","Shrug It Off+1","Whirlwind+1","Shrug It Off+1","Uppercut+1","Shockwave+1","Battle Trance","Bite","Bite","Bite","Bite","Disarm+1","Spot Weakness","Armaments","Entrench+1"],"relics":["Burning Blood","Mummified Hand","Shuriken","Singing Bowl","War Paint","Philosopher\u0027s Stone","Centennial Puzzle","Bag of Preparation","Mango","Pen Nib","Strange Spoon","Runic Pyramid","Prayer Wheel","Incense Burner","Pear","Gremlin Horn","Question Card","Ornamental Fan"],"potions_floor_usage":[0,6,8,12,16,16,24,33,33,33,33,33,33,38,42,50,50,50],"damage_taken":[{"damage":19,"enemies":"Jaw Worm","floor":1,"turns":5},{"damage":0,"enemies":"Small Slimes","floor":4,"turns":3},{"damage":1,"enemies":"2 Louse","floor":5,"turns":3},{"damage":16,"enemies":"Gremlin Nob","floor":6,"turns":3},{"damage":24,"enemies":"Lagavulin","floor":8,"turns":7},{"damage":5,"enemies":"Blue Slaver","floor":10,"turns":4},{"damage":0,"enemies":"Large Slime","floor":11,"turns":5},{"damage":24,"enemies":"3 Sentries","floor":12,"turns":6},{"damage":0,"enemies":"3 Louse","floor":14,"turns":1},{"damage":18,"enemies":"The Guardian","floor":16,"turns":14},{"damage":15,"enemies":"Spheric Guardian","floor":18,"turns":4},{"damage":17,"enemies":"Shell Parasite","floor":21,"turns":6},{"damage":15,"enemies":"3 Cultists","floor":22,"turns":4},{"damage":49,"enemies":"Slavers","floor":23,"turns":5},{"damage":21,"enemies":"Snake Plant","floor":24,"turns":5},{"damage":46,"enemies":"Book of Stabbing","floor":25,"turns":10},{"damage":6,"enemies":"Centurion and Healer","floor":29,"turns":8},{"damage":17,"enemies":"3 Cultists","floor":31,"turns":5},{"damage":60,"enemies":"Automaton","floor":33,"turns":12},{"damage":5,"enemies":"3 Shapes","floor":35,"turns":7},{"damage":4,"enemies":"Mind Bloom Boss Battle","floor":37,"turns":9},{"damage":77,"enemies":"2 Orb Walkers","floor":38,"turns":6},{"damage":36,"enemies":"Nemesis","floor":40,"turns":9},{"damage":29,"enemies":"Reptomancer","floor":42,"turns":8},{"damage":2,"enemies":"3 Darklings","floor":44,"turns":3},{"damage":84,"enemies":"Giant Head","floor":47,"turns":9},{"damage":26,"enemies":"Transient","floor":48,"turns":5},{"damage":52,"enemies":"Awakened One","floor":50,"turns":18}],"seed_played":"-6492731871259840253","potions_obtained":[{"floor":0,"key":"FairyPotion"},{"floor":0,"key":"Fruit Juice"},{"floor":0,"key":"Strength Potion"},{"floor":1,"key":"Energy Potion"},{"floor":5,"key":"Energy Potion"},{"floor":8,"key":"Regen Potion"},{"floor":11,"key":"GamblersBrew"},{"floor":14,"key":"EntropicBrew"},{"floor":21,"key":"Swift Potion"},{"floor":22,"key":"GamblersBrew"},{"floor":24,"key":"SpeedPotion"},{"floor":29,"key":"Swift Potion"},{"floor":33,"key":"GamblersBrew"},{"floor":40,"key":"SteroidPotion"},{"floor":42,"key":"LiquidBronze"},{"floor":44,"key":"Weak Potion"},{"floor":48,"key":"Fruit Juice"}],"is_trial":false,"path_per_floor":["M","?","$","M","M","E","R","E","T","M","M","E","R","M","R","B",null,"M","?","$","M","M","E","M","E","T","$","R","M","?","M","R","B",null,"M","$","?","?","?","E","R","E","T","M","R","?","E","M","R","B",null],"character_chosen":"IRONCLAD","items_purchased":["Shrug It Off","Whirlwind","Centennial Puzzle","Strange Spoon"],"campfire_rested":2,"item_purchase_floors":[3,3,20,27],"current_hp_per_floor":[72,55,55,61,66,56,56,38,38,39,47,43,43,51,51,41,79,72,65,65,67,64,31,34,32,32,32,32,50,50,59,59,40,80,95,95,95,36,36,36,68,60,60,76,76,76,19,13,48,33],"gold":394,"neow_bonus":"THREE_SMALL_POTIONS","is_prod":false,"is_daily":false,"chose_seed":false,"campfire_upgraded":6,"win_rate":0,"timestamp":1562713731,"path_taken":["M","?","$","M","M","E","R","E","T","M","M","E","R","M","R","BOSS","M","?","$","M","M","E","M","E","T","$","R","M","?","M","R","BOSS","M","$","?","?","?","E","R","E","T","?","R","?","E","M","R","BOSS"],"build_version":"2019-07-05","purchased_purges":2,"victory":true,"max_hp_per_floor":[85,85,85,85,85,85,85,85,85,85,87,87,87,89,89,91,91,93,65,65,67,69,69,71,87,87,87,87,89,89,91,91,93,93,95,95,95,97,97,109,109,111,111,115,115,115,117,119,119,124],"card_choices":[{"not_picked":["Twin Strike","True Grit"],"picked":"Cleave","floor":1},{"not_picked":["Warcry","Clash"],"picked":"Shrug It Off","floor":4},{"not_picked":["Sentinel","Cleave","Wild Strike"],"picked":"SKIP","floor":5},{"not_picked":["Iron Wave","Havoc"],"picked":"Uppercut","floor":6},{"not_picked":["Iron Wave","Reaper"],"picked":"Shockwave","floor":8},{"not_picked":["Heavy Blade","Shockwave"],"picked":"Battle Trance","floor":10},{"not_picked":["Twin Strike","Rage","Havoc"],"picked":"Singing Bowl","floor":11},{"not_picked":["Clash","Pommel Strike"],"picked":"Evolve","floor":12},{"not_picked":["Dropkick","Headbutt","Armaments"],"picked":"Singing Bowl","floor":14},{"not_picked":["Limit Break","Berserk","Immolate"],"picked":"Singing Bowl","floor":16},{"not_picked":["Sword Boomerang","Cleave","Body Slam"],"picked":"Singing Bowl","floor":18},{"not_picked":["Headbutt","True Grit+1","Body Slam+1"],"picked":"Singing Bowl","floor":21},{"not_picked":["Uppercut","Heavy Blade","Wild Strike"],"picked":"Singing Bowl","floor":22},{"not_picked":["Rupture","Thunderclap"],"picked":"Disarm","floor":23},{"not_picked":["Reckless Charge","Warcry","Bludgeon"],"picked":"Singing Bowl","floor":24},{"not_picked":["Armaments+1","Blood for Blood","Fire Breathing"],"picked":"Singing Bowl","floor":25},{"not_picked":["Combust","Blood for Blood","Flex+1"],"picked":"Singing Bowl","floor":29},{"not_picked":["Armaments","Shockwave","Sword Boomerang+1"],"picked":"Singing Bowl","floor":31},{"not_picked":["Immolate","Bludgeon","Feed"],"picked":"Singing Bowl","floor":33},{"not_picked":["Uppercut+1","Pummel+1","Warcry"],"picked":"Singing Bowl","floor":35},{"not_picked":["Clothesline","Sword Boomerang"],"picked":"Armaments","floor":37},{"not_picked":["True Grit","Sever Soul+1","Cleave"],"picked":"Singing Bowl","floor":38},{"not_picked":["Seeing Red+1","Burning Pact+1","Blood for Blood+1"],"picked":"Singing Bowl","floor":40},{"not_picked":["Bludgeon","Havoc+1","Cleave+1"],"picked":"Singing Bowl","floor":42},{"not_picked":["Body Slam+1","Iron Wave+1","Clash+1","Searing Blow"],"picked":"Singing Bowl","floor":44},{"not_picked":["Cleave+1","Headbutt","Twin Strike","Feel No Pain+1"],"picked":"Singing Bowl","floor":44},{"not_picked":["Evolve","Burning Pact","Impervious","Infernal Blade"],"picked":"Singing Bowl","floor":47},{"not_picked":["True Grit+1","Iron Wave","Perfected Strike","Corruption+1"],"picked":"Singing Bowl","floor":48},{"not_picked":["Power Through+1","Flex+1","Ghostly Armor+1"],"picked":"Entrench+1","floor":48}],"player_experience":235350,"relics_obtained":[{"floor":6,"key":"Mummified Hand"},{"floor":8,"key":"Shuriken"},{"floor":9,"key":"Singing Bowl"},{"floor":12,"key":"War Paint"},{"floor":23,"key":"Bag of Preparation"},{"floor":25,"key":"Mango"},{"floor":26,"key":"Pen Nib"},{"floor":37,"key":"Prayer Wheel"},{"floor":38,"key":"Incense Burner"},{"floor":40,"key":"Pear"},{"floor":42,"key":"Gremlin Horn"},{"floor":43,"key":"Question Card"},{"floor":47,"key":"Ornamental Fan"}],"event_choices":[{"damage_healed":0,"gold_gain":0,"player_choice":"Entered Light","damage_taken":17,"max_hp_gain":0,"max_hp_loss":0,"event_name":"Shining Light","floor":2,"gold_loss":0,"cards_upgraded":["Strike_R","Strike_R"]},{"damage_healed":0,"gold_gain":0,"player_choice":"Became a vampire","damage_taken":0,"max_hp_gain":0,"max_hp_loss":28,"event_name":"Vampires","floor":19,"gold_loss":0,"cards_obtained":["Bite","Bite","Bite","Bite","Bite"]},{"damage_healed":0,"gold_gain":0,"player_choice":"Read","damage_taken":0,"max_hp_gain":0,"max_hp_loss":0,"event_name":"The Library","floor":30,"gold_loss":0,"cards_obtained":["Spot Weakness"]},{"damage_healed":0,"gold_gain":0,"player_choice":"Fight","damage_taken":0,"max_hp_gain":0,"max_hp_loss":0,"event_name":"MindBloom","floor":37,"gold_loss":0},{"damage_healed":0,"gold_gain":0,"player_choice":"Fight","damage_taken":0,"max_hp_gain":0,"max_hp_loss":0,"event_name":"Mysterious Sphere","floor":38,"gold_loss":0},{"damage_healed":0,"gold_gain":0,"player_choice":"Ignored","damage_taken":0,"max_hp_gain":0,"max_hp_loss":0,"event_name":"Tomb of Lord Red Mask","floor":39,"gold_loss":0},{"cards_removed":["Evolve"],"damage_healed":0,"gold_gain":0,"player_choice":"Removed Power","damage_taken":0,"max_hp_gain":0,"max_hp_loss":0,"event_name":"Falling","floor":46,"gold_loss":0}],"is_beta":false,"boss_relics":[{"not_picked":["Calling Bell","Snecko Eye"],"picked":"Philosopher\u0027s Stone"},{"not_picked":["Empty Cage","Black Star"],"picked":"Runic Pyramid"}],"items_purged_floors":[27,36],"is_endless":false,"potions_floor_spawned":[1,5,8,11,14,21,22,24,29,33,40,42,44,48],"ascension_level":5}