{"gold_per_floor":[115,115,115,115,3,28,39,67,67,87,87,111,111,125,125,226,226,246,246,265,284,303,303],"floor_reached":23,"playtime":941,"items_purged":["Strike_R"],"score":285,"play_id":"8d2371f6-68d0-4b52-9e44-786e9208270b","local_time":"20190705111607","is_ascension_mode":true,"campfire_choices":[{"data":"Demon Form","floor":11,"key":"SMITH"},{"data":"Shockwave","floor":15,"key":"SMITH"}],"neow_cost":"NONE","seed_source_timestamp":1417829677551516,"circlet_count":0,"master_deck":["Strike_R","Defend_R","Defend_R","Defend_R","Bash","Clothesline+1","Uppercut","Dual Wield","Uppercut","Demon Form+1","Heavy Blade","Shockwave+1","Barricade","Anger+1","Warcry+1","Sword Boomerang+1","Entrench"],"relics":["Burning Blood","NeowsBlessing","Paper Frog","Du-Vu Doll","Singing Bowl","Orichalcum","Odd Mushroom","Pear","Astrolabe"],"potions_floor_usage":[12,12,23,23,23],"damage_taken":[{"damage":0,"enemies":"Jaw Worm","floor":1,"turns":1},{"damage":0,"enemies":"3 Sentries","floor":6,"turns":2},{"damage":0,"enemies":"2 Louse","floor":7,"turns":1},{"damage":24,"enemies":"Gremlin Nob","floor":8,"turns":4},{"damage":5,"enemies":"Small Slimes","floor":10,"turns":4},{"damage":4,"enemies":"The Mushroom Lair","floor":12,"turns":4},{"damage":12,"enemies":"Gremlin Gang","floor":14,"turns":5},{"damage":54,"enemies":"The Guardian","floor":16,"turns":10},{"damage":24,"enemies":"Shell Parasite","floor":18,"turns":4},{"damage":2,"enemies":"Chosen","floor":20,"turns":4},{"damage":24,"enemies":"Centurion and Healer","floor":21,"turns":5},{"damage":51,"enemies":"Shelled Parasite and Fungi","floor":22,"turns":6},{"damage":24,"enemies":"Slavers","floor":23,"turns":2}],"seed_played":"2203408607760953343","potions_obtained":[{"floor":6,"key":"PowerPotion"},{"floor":7,"key":"Fire Potion"},{"floor":8,"key":"AttackPotion"},{"floor":12,"key":"PowerPotion"},{"floor":14,"key":"GamblersBrew"}],"is_trial":false,"path_per_floor":["M","?","?","?","$","E","M","E","T","M","R","?","T","M","R","B",null,"M","?","M","M","M","E"],"character_chosen":"IRONCLAD","items_purchased":["Uppercut"],"campfire_rested":0,"item_purchase_floors":[5],"current_hp_per_floor":[80,80,80,73,73,79,80,62,62,63,63,65,75,71,71,23,92,76,76,80,64,21,0],"gold":303,"neow_bonus":"THREE_ENEMY_KILL","is_prod":false,"is_daily":false,"chose_seed":false,"campfire_upgraded":2,"win_rate":0,"timestamp":1562350567,"path_taken":["M","?","?","?","$","E","M","E","T","M","R","?","?","M","R","BOSS","M","?","M","M","M","E"],"build_version":"2019-07-01","purchased_purges":1,"victory":false,"max_hp_per_floor":[80,80,80,80,80,80,80,80,80,80,80,80,90,92,92,92,92,94,94,94,96,98,98],"card_choices":[{"not_picked":["Perfected Strike","Inflame"],"picked":"Clothesline","floor":1},{"not_picked":["Clothesline","Warcry"],"picked":"Dual Wield","floor":6},{"not_picked":["Body Slam","Dropkick"],"picked":"Uppercut","floor":7},{"not_picked":["Rupture","Iron Wave"],"picked":"Demon Form","floor":8},{"not_picked":["Body Slam","Perfected Strike"],"picked":"Heavy Blade","floor":10},{"not_picked":["Feed","Cleave"],"picked":"Shockwave","floor":12},{"not_picked":["Iron Wave","Reckless Charge","Cleave"],"picked":"Singing Bowl","floor":14},{"not_picked":["Feed","Demon Form"],"picked":"Barricade","floor":16},{"not_picked":["Cleave","Perfected Strike+1","Flex"],"picked":"Singing Bowl","floor":18},{"not_picked":["Clash","Body Slam+1"],"picked":"Entrench","floor":20},{"not_picked":["Whirlwind","Feel No Pain","Anger"],"picked":"Singing Bowl","floor":21},{"not_picked":["Perfected Strike","Anger+1","Twin Strike+1"],"picked":"Singing Bowl","floor":22}],"player_experience":240353,"relics_obtained":[{"floor":6,"key":"Du-Vu Doll"},{"floor":8,"key":"Singing Bowl"},{"floor":9,"key":"Orichalcum"},{"floor":12,"key":"Odd Mushroom"},{"floor":13,"key":"Pear"}],"event_choices":[{"damage_healed":0,"gold_gain":0,"player_choice":"Grow","damage_taken":0,"max_hp_gain":0,"max_hp_loss":0,"event_name":"Living Wall","floor":2,"gold_loss":0,"cards_upgraded":["Clothesline"]},{"damage_healed":0,"gold_gain":0,"player_choice":"Box","damage_taken":0,"relics_obtained":["Paper Frog"],"max_hp_gain":0,"max_hp_loss":0,"event_name":"Big Fish","floor":3,"gold_loss":0,"cards_obtained":["Regret"]},{"cards_removed":["Regret"],"damage_healed":0,"gold_gain":0,"player_choice":"Card Removal","damage_taken":7,"max_hp_gain":0,"max_hp_loss":0,"event_name":"Golden Wing","floor":4,"gold_loss":0},{"damage_healed":0,"gold_gain":0,"player_choice":"Fought Mushrooms","damage_taken":0,"max_hp_gain":0,"max_hp_loss":0,"event_name":"Mushrooms","floor":12,"gold_loss":0},{"cards_removed":["Strike_R"],"damage_healed":0,"gold_gain":0,"player_choice":"Card Removal","damage_taken":0,"max_hp_gain":0,"max_hp_loss":0,"event_name":"Wheel of Change","floor":19,"gold_loss":0}],"is_beta":false,"boss_relics":[{"not_picked":["Eternal Feather","Runic Dome"],"picked":"Astrolabe"}],"items_purged_floors":[5],"is_endless":false,"potions_floor_spawned":[6,7,8,12,14],"killed_by":"Slavers","ascension_level":3}