{"gold_per_floor":[114,114,129,129,139,139,155,155,155,167,167,167,167,187,187,187],"floor_reached":16,"playtime":1128,"items_purged":[],"score":147,"play_id":"f5309f1b-ab92-4de4-b23b-ee049d86fd7b","local_time":"20181222235510","is_ascension_mode":true,"campfire_choices":[{"data":"Fire Breathing","floor":6,"key":"SMITH"},{"data":"Pommel Strike","floor":8,"key":"SMITH"},{"data":"Anger","floor":11,"key":"SMITH"},{"data":"Whirlwind","floor":15,"key":"SMITH"}],"neow_cost":"PERCENT_DAMAGE","seed_source_timestamp":3493664802103111,"circlet_count":0,"master_deck":["AscendersBane","Strike_R","Strike_R","Strike_R","Strike_R","Defend_R","Defend_R+1","Defend_R","Defend_R","Bash","Anger+1","Shrug It Off+1","Fire Breathing+1","Pommel Strike+1","Disarm+1","Parasite","Whirlwind+1"],"relics":["Burning Blood","Nunchaku","Gremlin Horn"],"potions_floor_usage":[14],"damage_taken":[{"damage":25,"enemies":"Jaw Worm","floor":1,"turns":5},{"damage":9,"enemies":"2 Louse","floor":3,"turns":3},{"damage":0,"enemies":"Cultist","floor":5,"turns":3},{"damage":10,"enemies":"Exordium Wildlife","floor":7,"turns":4},{"damage":0,"enemies":"2 Fungi Beasts","floor":10,"turns":3},{"damage":8,"enemies":"Large Slime","floor":14,"turns":4},{"damage":30,"enemies":"Slime Boss","floor":16,"turns":10}],"seed_played":"-1923794439967202422","potions_obtained":[{"floor":1,"key":"Weak Potion"}],"is_trial":false,"path_per_floor":["M","?","M","?","M","R","M","R","T","M","R","?","?","M","R","B"],"character_chosen":"IRONCLAD","items_purchased":[],"campfire_rested":0,"item_purchase_floors":[],"current_hp_per_floor":[32,32,29,29,35,35,31,31,31,37,37,21,41,39,39,9],"gold":187,"neow_bonus":"ONE_RARE_RELIC","is_prod":false,"is_daily":false,"chose_seed":false,"campfire_upgraded":4,"win_rate":0,"timestamp":1545551710,"path_taken":["M","?","M","?","M","R","?","R","T","M","R","?","?","M","R","BOSS"],"build_version":"2018-12-20","purchased_purges":0,"victory":false,"max_hp_per_floor":[80,80,80,80,80,80,80,80,80,80,80,80,80,80,80,80],"card_choices":[{"not_picked":["Dropkick","Sword Boomerang"],"picked":"Anger","floor":1},{"not_picked":["Combust","Heavy Blade"],"picked":"Shrug It Off","floor":3},{"not_picked":["Reckless Charge","Metallicize"],"picked":"Fire Breathing","floor":5},{"not_picked":["Wild Strike","Juggernaut"],"picked":"Pommel Strike","floor":7},{"not_picked":["Twin Strike","Headbutt"],"picked":"Disarm","floor":10},{"not_picked":["Warcry","True Grit"],"picked":"Whirlwind","floor":14}],"player_experience":506815,"relics_obtained":[{"floor":9,"key":"Gremlin Horn"}],"event_choices":[{"cards_removed":["Strike_R"],"damage_healed":0,"gold_gain":0,"player_choice":"Forget","damage_taken":0,"max_hp_gain":0,"max_hp_loss":0,"event_name":"Living Wall","floor":2,"gold_loss":0},{"damage_healed":0,"gold_gain":0,"player_choice":"Upgraded","damage_taken":0,"max_hp_gain":0,"max_hp_loss":0,"event_name":"Upgrade Shrine","floor":4,"gold_loss":0,"cards_upgraded":["Shrug It Off"]},{"damage_healed":0,"gold_gain":0,"player_choice":"Entered Light","damage_taken":16,"max_hp_gain":0,"max_hp_loss":0,"event_name":"Shining Light","floor":12,"gold_loss":0,"cards_upgraded":["Defend_R","Disarm"]},{"damage_healed":20,"gold_gain":0,"player_choice":"Healed and dodged fight","damage_taken":0,"max_hp_gain":0,"max_hp_loss":0,"event_name":"Mushrooms","floor":13,"gold_loss":0,"cards_obtained":["Parasite"]}],"is_beta":false,"boss_relics":[],"items_purged_floors":[],"is_endless":false,"potions_floor_spawned":[1],"killed_by":"Slime Boss","ascension_level":12}