{"gold_per_floor":[112,129,129,142,112,137,197,122,122,147,147,2,2,2,2,103,103,115,134,234,37,57,89,89,100,100,125,19,19,19,36,36,133,133,152,152,152],"floor_reached":37,"playtime":4578,"items_purged":["Regret","Parasite","Parasite"],"score":459,"play_id":"b5e3f6e3-92a5-4b7b-96fe-2e18e4194102","local_time":"20190506232521","is_ascension_mode":true,"campfire_choices":[{"floor":11,"key":"REST"},{"data":"Armaments","floor":13,"key":"SMITH"},{"data":"Flame Barrier","floor":15,"key":"SMITH"},{"floor":24,"key":"DIG"},{"data":"Rage","floor":30,"key":"SMITH"},{"floor":32,"key":"DIG"}],"neow_cost":"CURSE","seed_source_timestamp":85305653330500,"circlet_count":0,"master_deck":["Strike_R","Strike_R","Strike_R","Strike_R","Strike_R","Defend_R","Defend_R","Defend_R","Defend_R","Bash","Armaments+1","Rage+1","Flame Barrier+1","Pommel Strike","Offering+1","Dropkick","Cleave","Searing Blow","Spot Weakness+1","Inflame","Jack Of All Trades+1"],"relics":["Burning Blood","Toxic Egg 2","Kunai","Art of War","Pen Nib","Regal Pillow","Cursed Key","Shovel","The Courier","Vajra","Blue Candle","Mercury Hourglass","Smiling Mask","Bottled Lightning","Sundial","Eternal Feather"],"potions_floor_usage":[10,16,20,25,33,33,33],"damage_taken":[{"damage":19,"enemies":"Jaw Worm","floor":1,"turns":7},{"damage":4,"enemies":"2 Louse","floor":2,"turns":3},{"damage":3,"enemies":"Small Slimes","floor":4,"turns":5},{"damage":2,"enemies":"Looter","floor":5,"turns":4},{"damage":48,"enemies":"Lagavulin","floor":6,"turns":10},{"damage":26,"enemies":"Gremlin Nob","floor":7,"turns":4},{"damage":34,"enemies":"3 Sentries","floor":10,"turns":11},{"damage":19,"enemies":"The Guardian","floor":16,"turns":11},{"damage":6,"enemies":"3 Byrds","floor":18,"turns":5},{"damage":6,"enemies":"Spheric Guardian","floor":19,"turns":3},{"damage":11,"enemies":"Colosseum Slavers","floor":20,"turns":4},{"damage":6,"enemies":"Colosseum Nobs","floor":20,"turns":5},{"damage":6,"enemies":"3 Cultists","floor":22,"turns":4},{"damage":39,"enemies":"Slavers","floor":23,"turns":5},{"damage":16,"enemies":"Centurion and Healer","floor":25,"turns":7},{"damage":24,"enemies":"Gremlin Leader","floor":27,"turns":6},{"damage":21,"enemies":"Snake Plant","floor":31,"turns":3},{"damage":21,"enemies":"Champ","floor":33,"turns":8},{"damage":13,"enemies":"Orb Walker","floor":35,"turns":3},{"damage":88,"enemies":"2 Orb Walkers","floor":37,"turns":5}],"seed_played":"3816275896495184016","potions_obtained":[{"floor":4,"key":"Strength Potion"},{"floor":7,"key":"BloodPotion"},{"floor":10,"key":"SpeedPotion"},{"floor":16,"key":"SkillPotion"},{"floor":20,"key":"Fire Potion"},{"floor":22,"key":"Regen Potion"},{"floor":31,"key":"SkillPotion"}],"is_trial":false,"path_per_floor":["M","M","?","M","M","E","?","$","T","E","R","$","R","?","R","B",null,"M","M","?","$","M","E","R","M","T","E","$","?","R","M","R","B",null,"M","?","?"],"character_chosen":"IRONCLAD","items_purchased":["Regal Pillow","Vajra","Inflame"],"campfire_rested":1,"item_purchase_floors":[12,21,28],"current_hp_per_floor":[83,85,90,93,97,55,35,35,35,17,47,47,47,72,72,59,101,101,101,96,96,96,63,63,68,68,50,50,81,81,66,66,51,95,88,88,0],"gold":152,"neow_bonus":"TWENTY_PERCENT_HP_BONUS","is_prod":false,"is_daily":false,"chose_seed":false,"campfire_upgraded":3,"win_rate":0,"timestamp":1557210321,"path_taken":["M","M","?","M","M","E","?","$","T","E","R","$","R","?","R","BOSS","M","M","?","$","M","E","R","M","T","E","$","?","R","M","R","BOSS","M","?","?"],"build_version":"2019-01-23","purchased_purges":3,"victory":false,"max_hp_per_floor":[96,96,101,101,101,101,101,101,101,101,101,101,101,101,101,101,101,101,101,101,98,98,98,98,98,98,98,95,95,95,95,95,95,95,95,95,95],"card_choices":[{"not_picked":["Warcry","Iron Wave"],"picked":"Armaments","floor":1},{"not_picked":["Body Slam","Heavy Blade"],"picked":"Rage","floor":2},{"not_picked":["Exhume","Body Slam"],"picked":"Flame Barrier","floor":4},{"not_picked":["Corruption","Armaments"],"picked":"Pommel Strike","floor":5},{"not_picked":["Infernal Blade","Havoc"],"picked":"Offering","floor":6},{"not_picked":["True Grit+1","Havoc+1"],"picked":"Dropkick","floor":7},{"not_picked":["Blood for Blood","Searing Blow"],"picked":"Cleave","floor":10},{"not_picked":["Power Through+1","Combust","Bloodletting+1"],"picked":"SKIP","floor":18},{"not_picked":["Thunderclap","Body Slam","Havoc+1"],"picked":"SKIP","floor":19},{"not_picked":["Reckless Charge","Dropkick"],"picked":"Searing Blow","floor":20},{"not_picked":["Clash","Pommel Strike"],"picked":"Spot Weakness+1","floor":22},{"not_picked":["Burning Pact+1","Sword Boomerang+1","Metallicize"],"picked":"SKIP","floor":23},{"not_picked":["Flex+1","Thunderclap+1","Power Through+1"],"picked":"SKIP","floor":25},{"not_picked":["Uppercut","Spot Weakness+1","Rupture+1"],"picked":"SKIP","floor":27},{"not_picked":["Perfected Strike","Armaments+1","Offering+1"],"picked":"SKIP","floor":31},{"not_picked":["Wild Strike+1","Pommel Strike+1","Body Slam"],"picked":"SKIP","floor":35},{"not_picked":["Magnetism","Flash of Steel"],"picked":"Jack Of All Trades+1","floor":36}],"player_experience":470956,"relics_obtained":[{"floor":6,"key":"Toxic Egg 2"},{"floor":9,"key":"Art of War"},{"floor":10,"key":"Pen Nib"},{"floor":20,"key":"Shovel"},{"floor":20,"key":"The Courier"},{"floor":23,"key":"Blue Candle"},{"floor":24,"key":"Mercury Hourglass"},{"floor":26,"key":"Smiling Mask"},{"floor":27,"key":"Bottled Lightning"},{"floor":32,"key":"Sundial"}],"event_choices":[{"damage_healed":0,"gold_gain":0,"player_choice":"Donut","damage_taken":0,"max_hp_gain":5,"max_hp_loss":0,"event_name":"Big Fish","floor":3,"gold_loss":0},{"damage_healed":0,"gold_gain":0,"player_choice":"Searched \u00272\u0027 times","damage_taken":0,"relics_obtained":["Kunai"],"max_hp_gain":0,"max_hp_loss":0,"event_name":"Dead Adventurer","floor":7,"gold_loss":0},{"damage_healed":25,"gold_gain":0,"player_choice":"Healed and dodged fight","damage_taken":0,"max_hp_gain":0,"max_hp_loss":0,"event_name":"Mushrooms","floor":14,"gold_loss":0,"cards_obtained":["Parasite"]},{"damage_healed":0,"gold_gain":0,"player_choice":"Fight","damage_taken":0,"max_hp_gain":0,"max_hp_loss":0,"event_name":"Colosseum","floor":20,"gold_loss":0},{"damage_healed":0,"gold_gain":0,"player_choice":"Fought Nobs","damage_taken":0,"max_hp_gain":0,"max_hp_loss":0,"event_name":"Colosseum","floor":20,"gold_loss":0},{"damage_healed":31,"gold_gain":0,"player_choice":"Heal","damage_taken":0,"max_hp_gain":0,"max_hp_loss":0,"event_name":"The Library","floor":29,"gold_loss":0},{"damage_healed":0,"gold_gain":0,"player_choice":"Memory 1","damage_taken":0,"max_hp_gain":0,"max_hp_loss":0,"event_name":"SensoryStone","floor":36,"gold_loss":0},{"damage_healed":0,"gold_gain":0,"player_choice":"Fight","damage_taken":0,"max_hp_gain":0,"max_hp_loss":0,"event_name":"Mysterious Sphere","floor":37,"gold_loss":0}],"is_beta":false,"boss_relics":[{"not_picked":["Calling Bell","Coffee Dripper"],"picked":"Cursed Key"},{"not_picked":["Runic Pyramid","Fusion Hammer"],"picked":"Eternal Feather"}],"items_purged_floors":[8,21,28],"is_endless":false,"potions_floor_spawned":[4,7,10,16,20,22,23,31],"killed_by":"2 Orb Walkers","ascension_level":1}