{"gold_per_floor":[217,217,182,2,2,2,27,41,66,66,76,86,98,117,117,117],"floor_reached":16,"playtime":704,"items_purged":[],"score":178,"play_id":"413c7c9f-24bd-44fd-8a4b-5ba014214868","local_time":"20181109185256","is_ascension_mode":true,"campfire_choices":[{"data":"Combust","floor":6,"key":"SMITH"},{"data":"Regret","floor":10,"key":"PURGE"},{"data":"Strike_R","floor":15,"key":"PURGE"}],"neow_cost":"NONE","seed_source_timestamp":23162376882666,"circlet_count":0,"master_deck":["AscendersBane","Strike_R","Strike_R","Strike_R","Strike_R","Defend_R","Defend_R","Defend_R","Defend_R","Bash","Combust+1","Feed","Dual Wield"],"relics":["Burning Blood","Darkstone Periapt","Red Skull","Peace Pipe","Potion Belt"],"potions_floor_usage":[4,12],"damage_taken":[{"damage":12,"enemies":"2 Louse","floor":1,"turns":3},{"damage":56,"enemies":"Lagavulin","floor":7,"turns":6},{"damage":2,"enemies":"Small Slimes","floor":8,"turns":3},{"damage":0,"enemies":"Cultist","floor":11,"turns":3},{"damage":13,"enemies":"Blue Slaver","floor":12,"turns":5},{"damage":9,"enemies":"Red Slaver","floor":13,"turns":2},{"damage":18,"enemies":"Lots of Slimes","floor":14,"turns":3},{"damage":33,"enemies":"The Guardian","floor":16,"turns":2}],"seed_played":"6904928197527061136","potions_obtained":[{"floor":7,"key":"Weak Potion"},{"floor":12,"key":"Dexterity Potion"}],"is_trial":false,"path_per_floor":["M","?","?","$","?","R","E","M","T","R","M","M","M","M","R","B"],"character_chosen":"IRONCLAD","items_purchased":["Feed","Fruit Juice"],"campfire_rested":0,"item_purchase_floors":[4,4],"current_hp_per_floor":[66,48,68,73,79,79,32,36,36,36,42,38,38,26,26,0],"gold":117,"neow_bonus":"HUNDRED_GOLD","is_prod":false,"is_daily":false,"chose_seed":false,"campfire_upgraded":1,"win_rate":0,"timestamp":1541818376,"path_taken":["M","?","?","$","?","R","E","M","T","R","M","M","M","M","R","BOSS"],"build_version":"2018-11-08","purchased_purges":0,"victory":false,"max_hp_per_floor":[80,80,80,85,91,91,94,94,94,94,94,97,100,100,100,100],"card_choices":[{"not_picked":["Sword Boomerang","Sentinel"],"picked":"Combust","floor":1},{"not_picked":["Thunderclap","Entrench","Headbutt"],"picked":"SKIP","floor":7},{"not_picked":["Wild Strike","Clothesline","Iron Wave"],"picked":"SKIP","floor":8},{"not_picked":["Berserk","Anger"],"picked":"Dual Wield","floor":11},{"not_picked":["Warcry","Hemokinesis","Headbutt"],"picked":"SKIP","floor":12},{"not_picked":["Rage","Thunderclap","Shockwave"],"picked":"SKIP","floor":13},{"not_picked":["Dual Wield","Feel No Pain","Iron Wave"],"picked":"SKIP","floor":14}],"player_experience":319815,"relics_obtained":[{"floor":7,"key":"Peace Pipe"},{"floor":9,"key":"Potion Belt"}],"event_choices":[{"damage_healed":0,"gold_gain":0,"player_choice":"Success","damage_taken":18,"relics_obtained":["Darkstone Periapt"],"max_hp_gain":0,"max_hp_loss":0,"event_name":"Scrap Ooze","floor":2,"gold_loss":0},{"damage_healed":20,"gold_gain":0,"player_choice":"Healed","damage_taken":0,"max_hp_gain":0,"max_hp_loss":0,"event_name":"The Cleric","floor":3,"gold_loss":35},{"damage_healed":0,"gold_gain":0,"player_choice":"Box","damage_taken":0,"relics_obtained":["Red Skull"],"max_hp_gain":0,"max_hp_loss":0,"event_name":"Big Fish","floor":5,"gold_loss":0,"cards_obtained":["Regret"]}],"is_beta":false,"boss_relics":[],"items_purged_floors":[],"is_endless":false,"potions_floor_spawned":[7,12],"killed_by":"The Guardian","ascension_level":10}