{"gold_per_floor":[118,133,35,62,62,76,92,110,110,185,185,135,154,164,164,266,266,281,196,212,224,145,145,174,174,228,241,256,256,272,272,272,272],"floor_reached":33,"playtime":2850,"items_purged":[],"score":311,"play_id":"bf00c108-56da-45fa-b5e7-7c62baf15fb9","local_time":"20190709001853","is_ascension_mode":false,"campfire_choices":[{"data":"Clash","floor":11,"key":"SMITH"},{"data":"Pommel Strike","floor":15,"key":"SMITH"},{"data":"Shrug It Off","floor":23,"key":"SMITH"},{"data":"Clash","floor":25,"key":"SMITH"},{"floor":32,"key":"REST"}],"neow_cost":"CURSE","seed_source_timestamp":1786323365326253,"circlet_count":0,"master_deck":["Strike_R","Strike_R+1","Strike_R","Strike_R+1","Strike_R","Defend_R","Defend_R","Defend_R","Defend_R","Bash+1","Pommel Strike+1","Shrug It Off+1","Iron Wave","Clash+1","Anger","Clash","Shrug It Off+1","Barricade+1","Cleave","Flex","Anger","Clash+1","Shockwave+1","Blood for Blood","Clash"],"relics":["Burning Blood","Whetstone","Frozen Egg 2","Runic Cube","Blood Vial","Pear","Tiny Chest","Art of War"],"potions_floor_usage":[16,16,28,28,33,33],"damage_taken":[{"damage":3,"enemies":"Cultist","floor":1,"turns":3},{"damage":19,"enemies":"2 Louse","floor":2,"turns":4},{"damage":3,"enemies":"Jaw Worm","floor":6,"turns":3},{"damage":2,"enemies":"2 Fungi Beasts","floor":7,"turns":3},{"damage":6,"enemies":"Large Slime","floor":8,"turns":5},{"damage":1,"enemies":"3 Louse","floor":13,"turns":4},{"damage":0,"enemies":"2 Fungi Beasts","floor":14,"turns":2},{"damage":42,"enemies":"Hexaghost","floor":16,"turns":6},{"damage":10,"enemies":"Chosen","floor":18,"turns":3},{"damage":19,"enemies":"Spheric Guardian","floor":20,"turns":4},{"damage":17,"enemies":"Centurion and Healer","floor":21,"turns":6},{"damage":25,"enemies":"Gremlin Leader","floor":24,"turns":6},{"damage":13,"enemies":"Cultist and Chosen","floor":27,"turns":5},{"damage":13,"enemies":"3 Cultists","floor":28,"turns":6},{"damage":29,"enemies":"Shelled Parasite and Fungi","floor":30,"turns":5},{"damage":87,"enemies":"Automaton","floor":33,"turns":8}],"seed_played":"7905582517998894453","potions_obtained":[{"floor":1,"key":"Strength Potion"},{"floor":8,"key":"Regen Potion"},{"floor":21,"key":"Regen Potion"},{"floor":24,"key":"SkillPotion"},{"floor":27,"key":"Explosive Potion"},{"floor":28,"key":"Swift Potion"}],"is_trial":false,"path_per_floor":["M","M","$","T","?","M","M","M","T","?","R","?","M","M","R","B",null,"M","?","M","M","$","R","E","R","T","M","M","?","M","?","R","B"],"character_chosen":"IRONCLAD","items_purchased":["Shrug It Off","Iron Wave","Anger","Clash"],"campfire_rested":1,"item_purchase_floors":[3,3,22,22],"current_hp_per_floor":[96,83,83,83,64,67,71,71,71,60,60,60,65,71,71,49,96,92,92,81,72,72,72,65,65,65,60,64,64,43,43,74,0],"gold":272,"neow_bonus":"TWENTY_PERCENT_HP_BONUS","is_prod":false,"is_daily":false,"chose_seed":false,"campfire_upgraded":4,"win_rate":0,"timestamp":1562649533,"path_taken":["M","M","?","?","?","M","?","M","T","?","R","?","M","M","R","BOSS","M","?","M","M","$","R","E","R","T","M","M","?","M","?","R","BOSS"],"build_version":"2019-07-05","purchased_purges":0,"victory":false,"max_hp_per_floor":[96,96,96,96,96,96,96,96,96,96,96,96,96,96,96,96,96,96,96,96,96,96,96,106,106,106,106,106,106,106,106,106,106],"card_choices":[{"not_picked":["True Grit","Evolve","Entrench"],"picked":"SKIP","floor":1},{"not_picked":["Heavy Blade","Wild Strike"],"picked":"Pommel Strike","floor":2},{"not_picked":["Twin Strike","Havoc"],"picked":"Clash","floor":6},{"not_picked":["Entrench","Pommel Strike"],"picked":"Anger","floor":7},{"not_picked":["Sever Soul","Burning Pact","Fiend Fire"],"picked":"SKIP","floor":8},{"not_picked":["Iron Wave","Metallicize+1"],"picked":"Clash","floor":13},{"not_picked":["Hemokinesis","Second Wind"],"picked":"Shrug It Off","floor":14},{"not_picked":["Reaper","Dark Embrace+1"],"picked":"Barricade+1","floor":16},{"not_picked":["Warcry+1","Pommel Strike"],"picked":"Cleave","floor":18},{"not_picked":["Inflame+1","Feel No Pain+1","Spot Weakness+1"],"picked":"SKIP","floor":20},{"not_picked":["Armaments+1","Clash"],"picked":"Flex","floor":21},{"not_picked":["Twin Strike","Limit Break"],"picked":"Shockwave+1","floor":24},{"not_picked":["Shrug It Off+1","Twin Strike","Power Through"],"picked":"SKIP","floor":27},{"not_picked":["Headbutt","Disarm"],"picked":"Blood for Blood","floor":28},{"not_picked":["Armaments","Iron Wave","Perfected Strike"],"picked":"SKIP","floor":30}],"player_experience":306535,"relics_obtained":[{"floor":4,"key":"Whetstone"},{"floor":9,"key":"Frozen Egg 2"},{"floor":24,"key":"Pear"},{"floor":26,"key":"Tiny Chest"}],"event_choices":[{"damage_healed":0,"gold_gain":0,"player_choice":"Entered Light","damage_taken":19,"max_hp_gain":0,"max_hp_loss":0,"event_name":"Shining Light","floor":5,"gold_loss":0,"cards_upgraded":["Bash","Shrug It Off"]},{"damage_healed":0,"gold_gain":75,"player_choice":"Gather Gold","damage_taken":11,"max_hp_gain":0,"max_hp_loss":0,"event_name":"World of Goop","floor":10,"gold_loss":0},{"cards_removed":["Regret"],"damage_healed":0,"gold_gain":0,"player_choice":"Card Removal","damage_taken":0,"max_hp_gain":0,"max_hp_loss":0,"event_name":"The Cleric","floor":12,"gold_loss":50},{"damage_healed":0,"gold_gain":0,"player_choice":"Obtained Relic","damage_taken":0,"relics_obtained":["Blood Vial"],"max_hp_gain":0,"max_hp_loss":0,"event_name":"Addict","floor":19,"gold_loss":85},{"damage_healed":0,"gold_gain":0,"player_choice":"Read","damage_taken":0,"max_hp_gain":0,"max_hp_loss":0,"event_name":"The Library","floor":29,"gold_loss":0,"cards_obtained":["Clash"]},{"damage_healed":0,"gold_gain":0,"player_choice":"Opened","damage_taken":0,"relics_obtained":["Art of War"],"max_hp_gain":0,"max_hp_loss":0,"event_name":"The Mausoleum","floor":31,"gold_loss":0}],"is_beta":false,"boss_relics":[{"not_picked":["Calling Bell","Coffee Dripper"],"picked":"Runic Cube"}],"items_purged_floors":[],"is_endless":false,"potions_floor_spawned":[1,8,21,24,27,28],"killed_by":"Automaton","ascension_level":0}