{"gold_per_floor":[115,127,141,153,169,169,195,195,195,195,195,206,221,252,252,252],"floor_reached":16,"playtime":689,"items_purged":[],"score":120,"play_id":"b3ab5564-31e8-4e3f-b49b-46bb84a146aa","local_time":"20190411205317","is_ascension_mode":true,"campfire_choices":[{"data":"Static Discharge","floor":6,"key":"SMITH"},{"floor":8,"key":"REST"},{"data":"Conserve Battery","floor":10,"key":"SMITH"},{"floor":15,"key":"REST"}],"neow_cost":"NONE","seed_source_timestamp":491349668007218,"circlet_count":0,"master_deck":["Strike_B","Strike_B","Strike_B","Strike_B","Defend_B","Defend_B","Defend_B","Defend_B","Zap","Dualcast","Static Discharge+1","Leap","Melter","Conserve Battery+1","Leap","Force Field"],"relics":["Cracked Core","Blue Candle","DataDisk","Juzu Bracelet","Shuriken"],"potions_floor_usage":[14,14],"damage_taken":[{"damage":9,"enemies":"Small Slimes","floor":1,"turns":3},{"damage":1,"enemies":"Cultist","floor":2,"turns":3},{"damage":7,"enemies":"2 Louse","floor":3,"turns":2},{"damage":1,"enemies":"Exordium Wildlife","floor":4,"turns":4},{"damage":23,"enemies":"Exordium Thugs","floor":5,"turns":6},{"damage":26,"enemies":"3 Sentries","floor":7,"turns":5},{"damage":4,"enemies":"3 Louse","floor":12,"turns":3},{"damage":3,"enemies":"Gremlin Gang","floor":13,"turns":5},{"damage":4,"enemies":"Gremlin Nob","floor":14,"turns":3},{"damage":42,"enemies":"Slime Boss","floor":16,"turns":9}],"seed_played":"6325256037141432227","potions_obtained":[{"floor":3,"key":"Explosive Potion"},{"floor":12,"key":"Fire Potion"},{"floor":13,"key":"Weak Potion"}],"is_trial":false,"path_per_floor":["M","M","M","M","M","R","E","R","T","R","?","M","M","E","R","B"],"character_chosen":"DEFECT","items_purchased":[],"campfire_rested":2,"item_purchase_floors":[],"current_hp_per_floor":[66,65,58,57,34,34,8,30,30,30,30,26,23,19,41,0],"gold":252,"neow_bonus":"THREE_CARDS","is_prod":false,"is_daily":false,"chose_seed":false,"campfire_upgraded":2,"win_rate":0,"timestamp":1555041197,"path_taken":["M","M","M","M","M","R","E","R","T","R","?","M","M","E","R","BOSS"],"build_version":"2019-01-23","purchased_purges":0,"victory":false,"max_hp_per_floor":[75,75,75,75,75,75,75,75,75,75,75,75,75,75,75,75],"card_choices":[{"not_picked":["Redo","Auto Shields"],"picked":"Static Discharge","floor":0},{"not_picked":["Gash","Reprogram","Stack"],"picked":"SKIP","floor":1},{"not_picked":["Gash","Reprogram","Redo"],"picked":"SKIP","floor":2},{"not_picked":["Sweeping Beam","Compile Driver"],"picked":"Leap","floor":3},{"not_picked":["Coolheaded","Beam Cell"],"picked":"Melter","floor":4},{"not_picked":["Streamline","Go for the Eyes","Reboot"],"picked":"SKIP","floor":5},{"not_picked":["Chaos","Rebound"],"picked":"Conserve Battery","floor":7},{"not_picked":["Beam Cell","Stack"],"picked":"Leap","floor":12},{"not_picked":["All For One","Steam","Redo"],"picked":"SKIP","floor":13},{"not_picked":["Fusion","Sweeping Beam"],"picked":"Force Field","floor":14}],"player_experience":167615,"relics_obtained":[{"floor":7,"key":"Blue Candle"},{"floor":9,"key":"DataDisk"},{"floor":14,"key":"Shuriken"}],"event_choices":[{"damage_healed":0,"gold_gain":0,"player_choice":"Gave Potion","damage_taken":0,"relics_obtained":["Juzu Bracelet"],"max_hp_gain":0,"max_hp_loss":0,"event_name":"WeMeetAgain","floor":11,"gold_loss":0}],"is_beta":false,"boss_relics":[],"items_purged_floors":[],"is_endless":false,"potions_floor_spawned":[3,12,13],"killed_by":"Slime Boss","ascension_level":1}