{"gold_per_floor":[113,123,12,26,101,101,121,156,183,194,194,194,16,35,35,35],"floor_reached":16,"playtime":1024,"items_purged":["Defend_R","Defend_R"],"score":107,"play_id":"434ad8cb-bf7a-4830-9d0d-0e468081f234","local_time":"20190503022100","is_ascension_mode":true,"campfire_choices":[{"floor":6,"key":"REST"},{"floor":11,"key":"REST"},{"floor":15,"key":"REST"}],"neow_cost":"PERCENT_DAMAGE","seed_source_timestamp":1824350338986900,"circlet_count":0,"master_deck":["Strike_R","Strike_R","Strike_R","Strike_R","Strike_R","Defend_R","Defend_R","Bash","Reaper","Rage","Feed","Rampage","Flame Barrier"],"relics":["Burning Blood","Blood Vial","Anchor"],"potions_floor_usage":[7,10,14],"damage_taken":[{"damage":21,"enemies":"Cultist","floor":1,"turns":5},{"damage":4,"enemies":"Jaw Worm","floor":2,"turns":3},{"damage":4,"enemies":"2 Louse","floor":4,"turns":4},{"damage":17,"enemies":"Blue Slaver","floor":7,"turns":5},{"damage":53,"enemies":"Lagavulin","floor":8,"turns":8},{"damage":15,"enemies":"Red Slaver","floor":10,"turns":3},{"damage":10,"enemies":"Large Slime","floor":14,"turns":7},{"damage":100,"enemies":"Slime Boss","floor":16,"turns":12}],"seed_played":"-186817635101071196","potions_obtained":[{"floor":4,"key":"BloodPotion"},{"floor":8,"key":"Fruit Juice"}],"is_trial":false,"path_per_floor":["M","M","$","M","?","R","M","E","T","M","R","?","$","M","R","B"],"character_chosen":"IRONCLAD","items_purchased":["Rampage","BloodPotion"],"campfire_rested":3,"item_purchase_floors":[3,13],"current_hp_per_floor":[45,47,47,55,44,68,68,24,24,29,56,56,56,69,94,0],"gold":35,"neow_bonus":"THREE_RARE_CARDS","is_prod":false,"is_daily":false,"chose_seed":false,"campfire_upgraded":0,"win_rate":0,"timestamp":1556875260,"path_taken":["M","M","$","?","?","R","M","E","T","M","R","?","$","M","R","BOSS"],"build_version":"2019-01-23","purchased_purges":2,"victory":false,"max_hp_per_floor":[80,80,80,80,80,80,80,83,83,91,91,91,91,94,94,94],"card_choices":[{"not_picked":["Brutality","Impervious"],"picked":"Reaper","floor":0},{"not_picked":["Armaments","Perfected Strike"],"picked":"Rage","floor":1},{"not_picked":["Headbutt","Shrug It Off"],"picked":"Feed","floor":2},{"not_picked":["Clash","Anger","Sword Boomerang"],"picked":"SKIP","floor":4},{"not_picked":["Havoc","Anger","Flex"],"picked":"SKIP","floor":7},{"not_picked":["Havoc","Blood for Blood","Thunderclap"],"picked":"SKIP","floor":8},{"not_picked":["Wild Strike","Twin Strike"],"picked":"Flame Barrier","floor":10},{"not_picked":["Cleave","Clash","Blood for Blood"],"picked":"SKIP","floor":14}],"player_experience":448163,"relics_obtained":[{"floor":8,"key":"Blood Vial"}],"event_choices":[{"damage_healed":0,"gold_gain":75,"player_choice":"Gather Gold","damage_taken":11,"max_hp_gain":0,"max_hp_loss":0,"event_name":"World of Goop","floor":5,"gold_loss":0},{"damage_healed":0,"gold_gain":0,"player_choice":"Searched \u00271\u0027 times","damage_taken":0,"relics_obtained":["Anchor"],"max_hp_gain":0,"max_hp_loss":0,"event_name":"Dead Adventurer","floor":12,"gold_loss":0}],"is_beta":false,"boss_relics":[],"items_purged_floors":[3,13],"is_endless":false,"potions_floor_spawned":[4,8],"killed_by":"Slime Boss","ascension_level":1}