{"gold_per_floor":[114,131,53,53,64,95,95,110,137,154,154,254,254,273,273,370,370,381,381,397,416,77,77,102,102,102,113,145,145,145,158,158,158],"floor_reached":33,"playtime":3477,"items_purged":[],"score":344,"play_id":"786e5f97-4290-4c3e-9afa-32f4abf52831","local_time":"20190627130838","is_ascension_mode":true,"campfire_choices":[{"data":"1","floor":7,"key":"LIFT"},{"data":"2","floor":11,"key":"LIFT"},{"data":"3","floor":13,"key":"LIFT"},{"floor":15,"key":"REST"},{"data":"Apotheosis","floor":23,"key":"SMITH"},{"floor":25,"key":"REST"},{"floor":30,"key":"REST"},{"floor":32,"key":"REST"}],"neow_cost":"TEN_PERCENT_HP_LOSS","seed_source_timestamp":1008865676657300,"circlet_count":0,"master_deck":["Strike_R+1","Strike_R","Strike_R","Strike_R","Defend_R","Defend_R","Defend_R","Bash+1","Pommel Strike","Metallicize","Spot Weakness","Blood for Blood","Shockwave","Iron Wave","Bloodletting","Immolate","Armaments+1","Twin Strike","Flame Barrier","Apotheosis+1","Thunderclap","Burning Pact"],"relics":["Burning Blood","Girya","Potion Belt","Pen Nib","Empty Cage","Vajra","Strawberry","Ornamental Fan","Singing Bowl","Happy Flower"],"potions_floor_usage":[6,6,18,20,20,21,24,33,33],"damage_taken":[{"damage":0,"enemies":"Small Slimes","floor":1,"turns":3},{"damage":13,"enemies":"Jaw Worm","floor":2,"turns":4},{"damage":1,"enemies":"Cultist","floor":5,"turns":3},{"damage":33,"enemies":"3 Sentries","floor":6,"turns":7},{"damage":11,"enemies":"3 Louse","floor":8,"turns":4},{"damage":8,"enemies":"Looter","floor":10,"turns":3},{"damage":6,"enemies":"Exordium Thugs","floor":14,"turns":5},{"damage":12,"enemies":"Slime Boss","floor":16,"turns":6},{"damage":0,"enemies":"Chosen","floor":18,"turns":3},{"damage":3,"enemies":"3 Byrds","floor":20,"turns":2},{"damage":12,"enemies":"Snake Plant","floor":21,"turns":2},{"damage":42,"enemies":"Book of Stabbing","floor":24,"turns":6},{"damage":8,"enemies":"Shelled Parasite and Fungi","floor":27,"turns":3},{"damage":50,"enemies":"Gremlin Leader","floor":28,"turns":6},{"damage":38,"enemies":"Centurion and Healer","floor":31,"turns":6},{"damage":42,"enemies":"Champ","floor":33,"turns":3}],"seed_played":"8336667786962406377","potions_obtained":[{"floor":1,"key":"BloodPotion"},{"floor":2,"key":"BloodPotion"},{"floor":8,"key":"SteroidPotion"},{"floor":10,"key":"SpeedPotion"},{"floor":16,"key":"Explosive Potion"},{"floor":18,"key":"Explosive Potion"},{"floor":20,"key":"Strength Potion"},{"floor":21,"key":"Poison Potion"},{"floor":28,"key":"Strength Potion"}],"is_trial":false,"path_per_floor":["M","M","$","?","M","E","R","M","T","M","R","?","R","M","R","B",null,"M","?","M","M","$","R","E","R","T","M","E","?","R","M","R","B"],"character_chosen":"IRONCLAD","items_purchased":["Spot Weakness","Vajra","Apotheosis"],"campfire_rested":4,"item_purchase_floors":[3,22,22],"current_hp_per_floor":[72,65,65,51,56,43,43,38,38,36,36,36,36,36,57,51,72,72,72,72,66,66,66,37,60,60,58,16,16,40,10,34,0],"gold":158,"neow_bonus":"ONE_RARE_RELIC","is_prod":false,"is_daily":false,"chose_seed":false,"campfire_upgraded":1,"win_rate":0,"timestamp":1561666118,"path_taken":["M","M","$","?","M","E","R","M","T","M","R","?","R","M","R","BOSS","M","?","M","M","$","R","E","R","T","M","E","?","R","M","R","BOSS"],"build_version":"2019-01-23","purchased_purges":0,"victory":false,"max_hp_per_floor":[72,72,72,72,72,72,72,72,72,72,72,72,72,72,72,72,72,72,72,72,72,72,72,79,79,79,79,81,81,81,83,83,83],"card_choices":[{"not_picked":["Searing Blow","Armaments"],"picked":"Pommel Strike","floor":1},{"not_picked":["Pummel","Sever Soul"],"picked":"Metallicize","floor":2},{"not_picked":["Blood for Blood","Wild Strike","Evolve"],"picked":"SKIP","floor":5},{"not_picked":["Hemokinesis","Anger"],"picked":"Blood for Blood","floor":6},{"not_picked":["Fire Breathing","Blood for Blood"],"picked":"Shockwave","floor":8},{"not_picked":["Carnage","Sword Boomerang"],"picked":"Iron Wave","floor":10},{"not_picked":["Flex","Power Through"],"picked":"Bloodletting","floor":14},{"not_picked":["Bludgeon","Brutality"],"picked":"Immolate","floor":16},{"not_picked":["Heavy Blade+1","Anger"],"picked":"Armaments+1","floor":18},{"not_picked":["Pommel Strike","Flex"],"picked":"Twin Strike","floor":20},{"not_picked":["Combust","Warcry"],"picked":"Flame Barrier","floor":21},{"not_picked":["Body Slam","Hemokinesis+1"],"picked":"Thunderclap","floor":24},{"not_picked":["Cleave","Exhume"],"picked":"Burning Pact","floor":27},{"not_picked":["Infernal Blade","Wild Strike+1","Twin Strike"],"picked":"Singing Bowl","floor":28},{"not_picked":["Warcry","Whirlwind","Burning Pact"],"picked":"Singing Bowl","floor":31}],"player_experience":586069,"relics_obtained":[{"floor":6,"key":"Potion Belt"},{"floor":9,"key":"Pen Nib"},{"floor":24,"key":"Strawberry"},{"floor":26,"key":"Ornamental Fan"},{"floor":28,"key":"Singing Bowl"}],"event_choices":[{"damage_healed":0,"gold_gain":0,"player_choice":"Entered Light","damage_taken":14,"max_hp_gain":0,"max_hp_loss":0,"event_name":"Shining Light","floor":4,"gold_loss":0,"cards_upgraded":["Strike_R","Bash"]},{"damage_healed":0,"gold_gain":100,"player_choice":"Pray","damage_taken":0,"max_hp_gain":0,"max_hp_loss":0,"event_name":"Golden Shrine","floor":12,"gold_loss":0},{"damage_healed":0,"gold_gain":0,"player_choice":"Ignored","damage_taken":0,"max_hp_gain":0,"max_hp_loss":0,"event_name":"Ghosts","floor":19,"gold_loss":0},{"damage_healed":0,"gold_gain":0,"player_choice":"Opened","damage_taken":0,"relics_obtained":["Happy Flower"],"max_hp_gain":0,"max_hp_loss":0,"event_name":"The Mausoleum","floor":29,"gold_loss":0}],"is_beta":false,"boss_relics":[{"not_picked":["Philosopher\u0027s Stone","Runic Dome"],"picked":"Empty Cage"}],"items_purged_floors":[],"is_endless":false,"potions_floor_spawned":[1,2,8,10,16,18,20,21,28],"killed_by":"Champ","ascension_level":4}