{"gold_per_floor":[417,23,38,57,70,70,101,112,112,125,125,159,159,172,172,273,273,284,298,298,298,298,298,318,318],"floor_reached":25,"playtime":4394,"items_purged":[],"score":215,"play_id":"7d75e05d-517d-48ce-98a0-c169ecb8be38","local_time":"20190223175221","is_ascension_mode":false,"campfire_choices":[{"data":"Armaments","floor":6,"key":"SMITH"},{"floor":15,"key":"REST"},{"data":"Barricade","floor":23,"key":"SMITH"}],"neow_cost":"TEN_PERCENT_HP_LOSS","seed_source_timestamp":350094010873400,"circlet_count":0,"master_deck":["Strike_R","Strike_R","Strike_R","Strike_R","Strike_R","Defend_R","Defend_R","Defend_R","Defend_R","Bash","Armaments+1","Feel No Pain","Shrug It Off","Flash of Steel","Pommel Strike","Thunderclap","Seeing Red","Body Slam","Warcry","Perfected Strike","Dark Embrace","Sword Boomerang","Barricade+1","Clothesline+1","Flex+1","Rage","Rampage"],"relics":["Burning Blood","Old Coin","Toolbox","Bag of Marbles","Anchor","Strawberry","Kunai","Sozu"],"potions_floor_usage":[7,16,16,16],"damage_taken":[{"damage":9,"enemies":"Small Slimes","floor":1,"turns":3},{"damage":0,"enemies":"Jaw Worm","floor":3,"turns":3},{"damage":9,"enemies":"2 Louse","floor":4,"turns":3},{"damage":19,"enemies":"2 Fungi Beasts","floor":5,"turns":4},{"damage":3,"enemies":"3 Sentries","floor":7,"turns":8},{"damage":9,"enemies":"Large Slime","floor":8,"turns":6},{"damage":0,"enemies":"Looter","floor":10,"turns":3},{"damage":14,"enemies":"Gremlin Nob","floor":12,"turns":3},{"damage":16,"enemies":"2 Fungi Beasts","floor":14,"turns":6},{"damage":13,"enemies":"The Guardian","floor":16,"turns":11},{"damage":17,"enemies":"3 Byrds","floor":18,"turns":7},{"damage":1,"enemies":"Chosen","floor":19,"turns":6},{"damage":19,"enemies":"Snake Plant","floor":24,"turns":5},{"damage":46,"enemies":"Book of Stabbing","floor":25,"turns":5}],"seed_played":"-9197766901301017395","potions_obtained":[{"floor":4,"key":"Block Potion"},{"floor":8,"key":"Poison Potion"},{"floor":12,"key":"Fire Potion"},{"floor":14,"key":"PowerPotion"},{"floor":16,"key":"SpeedPotion"}],"is_trial":false,"path_per_floor":["M","$","M","M","M","R","E","M","T","M","?","E","?","M","R","B",null,"M","M","?","?","?","R","M","E"],"character_chosen":"IRONCLAD","items_purchased":["Toolbox","Feel No Pain","Shrug It Off","Flash of Steel"],"campfire_rested":1,"item_purchase_floors":[2,2,2,2],"current_hp_per_floor":[69,69,72,69,56,56,59,56,56,62,62,54,54,44,67,60,79,68,73,58,58,58,58,45,0],"gold":318,"neow_bonus":"ONE_RARE_RELIC","is_prod":false,"is_daily":false,"chose_seed":false,"campfire_upgraded":2,"win_rate":0.0,"timestamp":1550969541,"path_taken":["M","$","M","M","M","R","E","M","T","M","?","E","?","M","R","BOSS","M","M","?","?","?","R","M","E"],"build_version":"2019-01-23","purchased_purges":0,"victory":false,"max_hp_per_floor":[72,72,72,72,72,72,72,72,72,72,79,79,79,79,79,79,79,79,79,84,84,84,84,84,84],"card_choices":[{"not_picked":["Body Slam","Heavy Blade"],"picked":"Armaments","floor":1},{"not_picked":["Headbutt","Cleave"],"picked":"Pommel Strike","floor":3},{"not_picked":["Power Through","Clash"],"picked":"Thunderclap","floor":4},{"not_picked":["Battle Trance","Sword Boomerang"],"picked":"Seeing Red","floor":5},{"not_picked":["Armaments","Thunderclap"],"picked":"Body Slam","floor":7},{"not_picked":["True Grit","Anger"],"picked":"Warcry","floor":8},{"not_picked":["Sword Boomerang","Twin Strike"],"picked":"Perfected Strike","floor":10},{"not_picked":["Body Slam","Clash"],"picked":"Dark Embrace","floor":12},{"not_picked":["Pommel Strike","True Grit"],"picked":"Sword Boomerang","floor":14},{"not_picked":["Juggernaut","Fiend Fire"],"picked":"Barricade","floor":16},{"not_picked":["Searing Blow","Twin Strike"],"picked":"Clothesline+1","floor":18},{"not_picked":["Headbutt","Anger+1"],"picked":"Flex+1","floor":19},{"not_picked":["True Grit","Feel No Pain"],"picked":"Rampage","floor":24}],"player_experience":24614,"relics_obtained":[{"floor":7,"key":"Bag of Marbles"},{"floor":9,"key":"Anchor"},{"floor":12,"key":"Kunai"}],"event_choices":[{"damage_healed":0,"gold_gain":0,"player_choice":"Success","damage_taken":7,"relics_obtained":["Strawberry"],"max_hp_gain":0,"max_hp_loss":0,"event_name":"Scrap Ooze","floor":11,"gold_loss":0},{"damage_healed":0,"gold_gain":0,"player_choice":"Ignored","damage_taken":0,"max_hp_gain":0,"max_hp_loss":0,"event_name":"Shining Light","floor":13,"gold_loss":0},{"damage_healed":0,"gold_gain":0,"player_choice":"Shed Blood","damage_taken":20,"max_hp_gain":5,"max_hp_loss":0,"event_name":"Forgotten Altar","floor":20,"gold_loss":0},{"damage_healed":0,"gold_gain":0,"player_choice":"Read","damage_taken":0,"max_hp_gain":0,"max_hp_loss":0,"event_name":"The Library","floor":21,"gold_loss":0,"cards_obtained":["Rage"]},{"damage_healed":0,"gold_gain":0,"player_choice":"Ignored","damage_taken":0,"max_hp_gain":0,"max_hp_loss":0,"event_name":"Vampires","floor":22,"gold_loss":0}],"is_beta":false,"boss_relics":[{"not_picked":["Snecko Eye","Cursed Key"],"picked":"Sozu"}],"items_purged_floors":[],"is_endless":false,"potions_floor_spawned":[4,8,12,14,16,24],"killed_by":"Book of Stabbing","ascension_level":0}