{"gold_per_floor":[118,136,211,223,223,223,14,14,14,14,39,59,84,94,94,172,172,185,196,212,212,127,127,152,152,226,252,252,272,303,314,314,389,389,405,417,435,185,185,185],"floor_reached":40,"playtime":5286,"items_purged":["Strike_B"],"score":988,"play_id":"883675f0-ca42-43fe-af97-3359e15097d5","local_time":"20190702193432","is_ascension_mode":true,"campfire_choices":[{"data":"Dualcast","floor":6.0,"key":"SMITH"},{"data":"Fission","floor":8.0,"key":"SMITH"},{"floor":15.0,"key":"REST"},{"data":"Biased Cognition","floor":23,"key":"SMITH"},{"data":"Zap","floor":25,"key":"SMITH"},{"data":"Ball Lightning","floor":28,"key":"SMITH"},{"floor":32,"key":"REST"}],"neow_cost":"NONE","seed_source_timestamp":0,"circlet_count":0,"master_deck":["AscendersBane","Strike_B","Strike_B","Strike_B","Defend_B","Defend_B+1","Defend_B","Defend_B","Zap+1","Dualcast+1","Ball Lightning+1","Ball Lightning","Leap+1","Fission+1","Glacier+1","White Noise+1","Conserve Battery+1","Fission+1","Biased Cognition+1","Aggregate+1","Sweeping Beam+1","Stack+1","Reboot+1","Reinforced Body+1","FTL+1","Tempest+1","Sweeping Beam+1","Amplify+1","Capacitor","Force Field+1","Leap+1"],"special_seed":0,"relics":["Cracked Core","Toxic Egg 2","Ancient Tea Set","Dead Branch","Molten Egg 2","Nuclear Battery","Pantograph","Pocketwatch","Meat on the Bone","War Paint","Vajra","Runic Pyramid","Membership Card","Smiling Mask"],"potions_floor_usage":[],"damage_taken":[{"damage":0.0,"enemies":"Small Slimes","floor":1.0,"turns":3.0},{"damage":2.0,"enemies":"Jaw Worm","floor":2.0,"turns":3.0},{"damage":4.0,"enemies":"2 Louse","floor":4.0,"turns":2.0},{"damage":36.0,"enemies":"Gremlin Nob","floor":11.0,"turns":4.0},{"damage":9.0,"enemies":"Red Slaver","floor":12.0,"turns":2.0},{"damage":0.0,"enemies":"3 Sentries","floor":13.0,"turns":7.0},{"damage":0.0,"enemies":"Large Slime","floor":14.0,"turns":4.0},{"damage":0.0,"enemies":"Hexaghost","floor":16.0,"turns":9.0},{"damage":0.0,"enemies":"2 Thieves","floor":18.0,"turns":3.0},{"damage":0.0,"enemies":"Spheric Guardian","floor":19.0,"turns":3.0},{"damage":0,"enemies":"Snecko","floor":20,"turns":3},{"damage":2,"enemies":"Slavers","floor":24,"turns":5},{"damage":3,"enemies":"Gremlin Leader","floor":27,"turns":8},{"damage":0,"enemies":"Chosen and Byrds","floor":29,"turns":1},{"damage":0,"enemies":"Slavers","floor":30,"turns":6},{"damage":0,"enemies":"Centurion and Healer","floor":31,"turns":2},{"damage":17,"enemies":"Champ","floor":33,"turns":8},{"damage":0,"enemies":"3 Shapes","floor":35,"turns":2},{"damage":11,"enemies":"Orb Walker","floor":36,"turns":2},{"damage":20,"enemies":"4 Shapes","floor":37,"turns":4},{"damage":78,"enemies":"Giant Head","floor":40,"turns":10}],"seed_played":"5238457622090861303","potions_obtained":[{"floor":11.0,"key":"EssenceOfSteel"},{"floor":12.0,"key":"SpeedPotion"},{"floor":13.0,"key":"GamblersBrew"},{"floor":16.0,"key":"Explosive Potion"},{"floor":24,"key":"Ancient Potion"}],"is_trial":false,"path_per_floor":["M","M","?","M","$","R","$","R","T","?","E","M","E","M","R","B",null,"M","M","M","?","?","R","E","R","T","E","R","M","E","M","R","B",null,"M","M","M","$","?","E"],"character_chosen":"DEFECT","items_purchased":["Fission","PowerPotion","Membership Card","Leap+1"],"campfire_rested":2,"item_purchase_floors":[7,7,38,38],"current_hp_per_floor":[71,69,58,54,54,54,54,54,54,54,18,9,9,9,32,32,67,67,67,67,52,52,52,50,50,50,47,47,47,47,47,71,66,79,79,68,48,48,48,0],"gold":185,"neow_bonus":"TEN_PERCENT_HP_BONUS","is_prod":false,"is_daily":false,"chose_seed":false,"campfire_upgraded":5,"win_rate":0,"timestamp":1562121272,"path_taken":["M","M","?","M","?","R","$","R","T","?","E","M","E","?","R","BOSS","M","M","M","?","?","R","E","R","T","E","R","?","E","M","R","BOSS","M","M","M","$","?","E"],"build_version":"2019-07-01","purchased_purges":1,"victory":false,"max_hp_per_floor":[78,78,78,78,78,78,78,78,78,78,78,78,78,78,78,78,78,78,78,78,83,83,83,83,83,83,83,83,83,83,83,83,83,83,83,83,83,83,83,83],"card_choices":[{"not_picked":["Streamline","Gash"],"picked":"Ball Lightning","floor":1.0},{"not_picked":["Cold Snap","White Noise"],"picked":"Ball Lightning","floor":2.0},{"not_picked":["Self Repair","Tempest"],"picked":"Leap","floor":4.0},{"not_picked":["Lockon","Redo+1"],"picked":"Glacier+1","floor":11.0},{"not_picked":["Consume+1","Steam+1"],"picked":"White Noise+1","floor":12.0},{"not_picked":["Cold Snap","Fusion+1"],"picked":"Conserve Battery+1","floor":13.0},{"not_picked":["Capacitor","Beam Cell+1"],"picked":"Fission+1","floor":14.0},{"not_picked":["Reboot+1","Hyperbeam+1"],"picked":"Biased Cognition","floor":16.0},{"not_picked":["Gash+1","Chaos+1"],"picked":"Aggregate+1","floor":18.0},{"not_picked":["Lockon+1","Conserve Battery+1"],"picked":"Sweeping Beam+1","floor":19},{"not_picked":["Heatsinks","Gash+1"],"picked":"Stack+1","floor":20},{"not_picked":["Steam Power+1","Darkness+1"],"picked":"Reboot+1","floor":24},{"not_picked":["Barrage+1","Hello World"],"picked":"Reinforced Body+1","floor":27},{"not_picked":["Loop","Leap+1"],"picked":"FTL+1","floor":29},{"not_picked":["Streamline+1","Barrage+1"],"picked":"Tempest+1","floor":30},{"not_picked":["Undo+1","Barrage+1"],"picked":"Sweeping Beam+1","floor":31},{"not_picked":["Hyperbeam+1","Rainbow+1"],"picked":"Amplify+1","floor":33},{"not_picked":["Steam Power+1","Conserve Battery+1"],"picked":"Capacitor","floor":35},{"not_picked":["Beam Cell+1","Ball Lightning+1","Scrape+1"],"picked":"SKIP","floor":36},{"not_picked":["Sweeping Beam+1","Cold Snap+1"],"picked":"Force Field+1","floor":37}],"player_experience":1373513,"relics_obtained":[{"floor":9.0,"key":"Toxic Egg 2"},{"floor":11.0,"key":"Dead Branch"},{"floor":13.0,"key":"Molten Egg 2"},{"floor":24,"key":"Pocketwatch"},{"floor":26,"key":"Meat on the Bone"},{"floor":27,"key":"War Paint"},{"floor":30,"key":"Vajra"},{"floor":39,"key":"Smiling Mask"}],"event_choices":[{"damage_healed":0.0,"max_hp_gain":0.0,"max_hp_loss":0.0,"gold_gain":75.0,"event_name":"World of Goop","player_choice":"Gather Gold","floor":3.0,"gold_loss":0.0,"damage_taken":11.0},{"damage_healed":0.0,"max_hp_gain":0.0,"max_hp_loss":0.0,"gold_gain":0.0,"event_name":"WeMeetAgain","player_choice":"Gave Potion","floor":10.0,"gold_loss":0.0,"damage_taken":0.0,"relics_obtained":["Ancient Tea Set"]},{"damage_healed":0,"gold_gain":0,"player_choice":"Shed Blood","damage_taken":20,"max_hp_gain":5,"max_hp_loss":0,"event_name":"Forgotten Altar","floor":21,"gold_loss":0},{"damage_healed":0,"gold_gain":0,"player_choice":"Obtained Relic","damage_taken":0,"relics_obtained":["Pantograph"],"max_hp_gain":0,"max_hp_loss":0,"event_name":"Addict","floor":22,"gold_loss":85},{"damage_healed":0,"gold_gain":0,"player_choice":"Relic","damage_taken":0,"max_hp_gain":0,"max_hp_loss":0,"event_name":"Wheel of Change","floor":39,"gold_loss":0}],"is_beta":false,"boss_relics":[{"not_picked":["Calling Bell","Busted Crown"],"picked":"Nuclear Battery"},{"not_picked":["Black Star","Coffee Dripper"],"picked":"Runic Pyramid"}],"items_purged_floors":[38],"is_endless":false,"potions_floor_spawned":[11,12,13,16,24,27,30,31,35,37],"killed_by":"Giant Head","ascension_level":14}