{"gold_per_floor":[18,32,49,124,39,39,70,87,111,125,145,176,189,202,202,202],"floor_reached":16,"playtime":1507,"items_purged":[],"score":133,"play_id":"34bb3b39-c859-4058-8559-ca4b68031ad2","local_time":"20190403084755","is_ascension_mode":true,"campfire_choices":[{"data":"Dualcast","floor":6,"key":"SMITH"},{"data":"Recycle","floor":15,"key":"SMITH"}],"neow_cost":"NO_GOLD","seed_source_timestamp":101302627370387,"circlet_count":0,"master_deck":["Strike_B","Strike_B","Strike_B","Strike_B","Defend_B","Defend_B","Defend_B","Defend_B","Zap","Dualcast+1","Ball Lightning","Doom and Gloom","Leap","Dark Shackles","Steam Power","Tempest","Consume","Recycle+1","BootSequence"],"relics":["Cracked Core","Pocketwatch","Happy Flower","Anchor","Smiling Mask"],"potions_floor_usage":[12,12],"damage_taken":[{"damage":0,"enemies":"Small Slimes","floor":1,"turns":2},{"damage":0,"enemies":"2 Louse","floor":2,"turns":2},{"damage":2,"enemies":"Jaw Worm","floor":3,"turns":3},{"damage":11,"enemies":"3 Sentries","floor":7,"turns":4},{"damage":0,"enemies":"2 Fungi Beasts","floor":8,"turns":2},{"damage":0,"enemies":"Large Slime","floor":10,"turns":2},{"damage":0,"enemies":"Exordium Thugs","floor":11,"turns":4},{"damage":7,"enemies":"Gremlin Nob","floor":12,"turns":3},{"damage":0,"enemies":"Looter","floor":13,"turns":3},{"damage":3,"enemies":"Gremlin Gang","floor":14,"turns":3},{"damage":44,"enemies":"Hexaghost","floor":16,"turns":9}],"seed_played":"-6908921091826622664","potions_obtained":[{"floor":7,"key":"Block Potion"},{"floor":8,"key":"Swift Potion"},{"floor":12,"key":"Strength Potion"},{"floor":13,"key":"SteroidPotion"}],"is_trial":false,"path_per_floor":["M","M","M","?","$","R","E","M","T","M","M","E","M","M","R","B"],"character_chosen":"DEFECT","items_purchased":["Dark Shackles"],"campfire_rested":0,"item_purchase_floors":[5],"current_hp_per_floor":[75,75,73,62,62,62,51,51,51,51,51,44,44,41,41,0],"gold":202,"neow_bonus":"ONE_RARE_RELIC","is_prod":false,"is_daily":false,"chose_seed":false,"campfire_upgraded":2,"win_rate":0,"timestamp":1554306475,"path_taken":["M","M","M","?","$","R","E","M","T","M","M","E","M","M","R","BOSS"],"build_version":"2019-01-23","purchased_purges":0,"victory":false,"max_hp_per_floor":[75,75,75,75,75,75,75,75,75,75,75,75,75,75,75,75],"card_choices":[{"not_picked":["Hologram","Rebound"],"picked":"Ball Lightning","floor":1},{"not_picked":["Chaos","Conserve Battery"],"picked":"Doom and Gloom","floor":2},{"not_picked":["Streamline","Fusion"],"picked":"Leap","floor":3},{"not_picked":["Thunder Strike","Fusion"],"picked":"Steam Power","floor":7},{"not_picked":["Ball Lightning","Redo"],"picked":"Tempest","floor":8},{"not_picked":["Gash","Force Field"],"picked":"Consume","floor":10},{"not_picked":["Beam Cell","Tempest"],"picked":"Recycle","floor":11},{"not_picked":["White Noise","Coolheaded","Sweeping Beam"],"picked":"SKIP","floor":12},{"not_picked":["Streamline","Sweeping Beam","Compile Driver"],"picked":"SKIP","floor":13},{"not_picked":["Barrage","Darkness"],"picked":"BootSequence","floor":14}],"player_experience":823344,"relics_obtained":[{"floor":7,"key":"Happy Flower"},{"floor":9,"key":"Anchor"},{"floor":12,"key":"Smiling Mask"}],"event_choices":[{"damage_healed":0,"gold_gain":75,"player_choice":"Gather Gold","damage_taken":11,"max_hp_gain":0,"max_hp_loss":0,"event_name":"World of Goop","floor":4,"gold_loss":0}],"is_beta":false,"boss_relics":[],"items_purged_floors":[],"is_endless":false,"potions_floor_spawned":[7,8,12,13],"killed_by":"Hexaghost","ascension_level":3}