{"gold_per_floor":[118,118,138,157,174,174,203,216,216,216,228,228,243,243,243,340,390,408,189,209,227,246,246,262,272,272,285,300,300,185,205,205,205],"floor_reached":33,"playtime":2533,"items_purged":[],"score":257,"play_id":"927af037-b029-4b79-ad3d-7c32140fbc87","local_time":"20190611232207","is_ascension_mode":false,"campfire_choices":[{"floor":6,"key":"REST"},{"floor":12,"key":"REST"},{"floor":15,"key":"REST"},{"floor":23,"key":"REST"},{"floor":32,"key":"REST"}],"neow_cost":"NONE","seed_source_timestamp":290864344813081,"circlet_count":0,"master_deck":["Strike_B","Strike_B","Strike_B+1","Strike_B","Defend_B","Defend_B","Defend_B","Defend_B","Zap","Dualcast","Ball Lightning","Zap","Forethought","Leap","Steam","Static Discharge","Go for the Eyes","Static Discharge","Leap","Ball Lightning","Redo","Loop","Ball Lightning","Echo Form","Redo+1","Gash","FTL+1","Static Discharge+1","Writhe","Gash","Mind Blast","Storm+1"],"relics":["Cracked Core","Bronze Scales","Meat on the Bone","CultistMask","Tiny House","PreservedInsect","Frozen Egg 2","Ginger"],"potions_floor_usage":[27,28,31],"damage_taken":[{"damage":7,"enemies":"Jaw Worm","floor":1,"turns":4},{"damage":1,"enemies":"Cultist","floor":3,"turns":3},{"damage":0,"enemies":"Small Slimes","floor":4,"turns":2},{"damage":12,"enemies":"2 Fungi Beasts","floor":5,"turns":3},{"damage":34,"enemies":"3 Sentries","floor":7,"turns":8},{"damage":5,"enemies":"Red Slaver","floor":8,"turns":3},{"damage":12,"enemies":"Blue Slaver","floor":11,"turns":3},{"damage":9,"enemies":"3 Louse","floor":13,"turns":3},{"damage":32,"enemies":"Hexaghost","floor":16,"turns":6},{"damage":6,"enemies":"Chosen","floor":18,"turns":4},{"damage":28,"enemies":"2 Thieves","floor":20,"turns":4},{"damage":19,"enemies":"Centurion and Healer","floor":21,"turns":7},{"damage":7,"enemies":"Chosen and Byrds","floor":22,"turns":4},{"damage":24,"enemies":"Snake Plant","floor":24,"turns":3},{"damage":27,"enemies":"Sentry and Sphere","floor":25,"turns":4},{"damage":15,"enemies":"Snecko","floor":27,"turns":4},{"damage":36,"enemies":"Shelled Parasite and Fungi","floor":28,"turns":4},{"damage":10,"enemies":"Sentry and Sphere","floor":31,"turns":3},{"damage":55,"enemies":"Automaton","floor":33,"turns":6}],"seed_played":"8121322499600715161","potions_obtained":[{"floor":0,"key":"SkillPotion"},{"floor":0,"key":"Ancient Potion"},{"floor":0,"key":"PowerPotion"},{"floor":16,"key":"Explosive Potion"},{"floor":25,"key":"Regen Potion"},{"floor":27,"key":"Energy Potion"}],"is_trial":false,"path_per_floor":["M","?","M","M","M","R","E","M","T","?","M","R","M","?","R","B",null,"M","$","M","M","M","R","M","M","T","M","M","?","$","M","R","B"],"character_chosen":"DEFECT","items_purchased":["PreservedInsect","Loop","Gash","Mind Blast"],"campfire_rested":5,"item_purchase_floors":[19,19,30,30],"current_hp_per_floor":[68,68,67,67,55,75,41,36,36,36,36,58,49,49,71,39,80,74,74,46,39,44,68,44,29,29,26,16,16,16,18,42,0],"gold":205,"neow_bonus":"THREE_SMALL_POTIONS","is_prod":false,"is_daily":false,"chose_seed":false,"campfire_upgraded":0,"win_rate":0.0,"timestamp":1560313327,"path_taken":["M","?","?","M","M","R","E","M","T","?","M","R","M","?","R","BOSS","M","?","M","M","M","R","M","M","T","M","M","?","$","M","R","BOSS"],"build_version":"2019-01-23","purchased_purges":0,"victory":false,"max_hp_per_floor":[75,75,75,75,75,75,75,75,75,75,75,75,75,75,75,75,80,80,80,80,80,80,80,80,80,80,80,80,80,80,80,80,80],"card_choices":[{"not_picked":["FTL","Hello World"],"picked":"Ball Lightning","floor":1},{"not_picked":["Rip and Tear","Turbo"],"picked":"Leap","floor":3},{"not_picked":["Rip and Tear","Defragment","Barrage"],"picked":"SKIP","floor":4},{"not_picked":["All For One","Recycle"],"picked":"Steam","floor":5},{"not_picked":["Conserve Battery","Sweeping Beam"],"picked":"Static Discharge","floor":7},{"not_picked":["Barrage","Conserve Battery"],"picked":"Go for the Eyes","floor":8},{"not_picked":["Gash","Self Repair"],"picked":"Static Discharge","floor":11},{"not_picked":["Skim","Consume"],"picked":"Leap","floor":13},{"not_picked":["Gash","Hologram"],"picked":"Ball Lightning","floor":17},{"not_picked":["Go for the Eyes","Force Field"],"picked":"Redo","floor":18},{"not_picked":["Turbo","Coolheaded"],"picked":"Ball Lightning","floor":20},{"not_picked":["Chill","FTL"],"picked":"Echo Form","floor":21},{"not_picked":["Compile Driver","Leap+1"],"picked":"Redo+1","floor":22},{"not_picked":["Go for the Eyes","Conserve Battery+1"],"picked":"Gash","floor":24},{"not_picked":["Cold Snap+1","Redo"],"picked":"FTL+1","floor":25},{"not_picked":["Rebound","Consume+1","Barrage"],"picked":"SKIP","floor":27},{"not_picked":["Sweeping Beam","Force Field+1"],"picked":"Static Discharge+1","floor":28},{"not_picked":["Barrage","Genetic Algorithm"],"picked":"Storm+1","floor":31}],"player_experience":116316,"relics_obtained":[{"floor":7,"key":"Bronze Scales"},{"floor":9,"key":"Meat on the Bone"},{"floor":26,"key":"Frozen Egg 2"}],"event_choices":[{"damage_healed":0,"gold_gain":0,"player_choice":"2 cards matched","damage_taken":0,"max_hp_gain":0,"max_hp_loss":0,"event_name":"Match and Keep!","floor":2,"gold_loss":0,"cards_obtained":["Zap","Forethought"]},{"damage_healed":0,"gold_gain":0,"player_choice":"Ignored","damage_taken":0,"max_hp_gain":0,"max_hp_loss":0,"event_name":"Golden Wing","floor":10,"gold_loss":0},{"damage_healed":0,"gold_gain":0,"player_choice":"Trade","damage_taken":0,"relics_obtained":["CultistMask"],"max_hp_gain":0,"max_hp_loss":0,"event_name":"FaceTrader","floor":14,"gold_loss":0},{"damage_healed":0,"gold_gain":0,"player_choice":"Opened","damage_taken":0,"relics_obtained":["Ginger"],"max_hp_gain":0,"max_hp_loss":0,"event_name":"The Mausoleum","floor":29,"gold_loss":0,"cards_obtained":["Writhe"]}],"is_beta":false,"boss_relics":[{"not_picked":["Snecko Eye","Empty Cage"],"picked":"Tiny House"}],"items_purged_floors":[],"is_endless":false,"potions_floor_spawned":[1,4,5,13,16,18,20,25,27],"killed_by":"Automaton","ascension_level":0}