{"gold_per_floor":[111,121,121,134,134,134,134,134,134,134,150,150,75,85,85,188,188,178,25,25,25,35,35,47,47,95,114,147,147,177,191,191,289,289,299,316,331,341,241,241,266,266,266,266,281,281,313,84,84,84],"floor_reached":51,"playtime":3690,"items_purged":["Strike_R","Berserk+1","Defend_R+1"],"score":960,"play_id":"0da35c46-ebf5-422b-bcce-443ed8924470","local_time":"20180630002317","is_ascension_mode":false,"campfire_choices":[{"data":"Entrench","floor":6,"key":"SMITH"},{"data":"Body Slam","floor":10,"key":"SMITH"},{"data":"Shrug It Off","floor":12,"key":"SMITH"},{"data":"Defend_R","floor":15,"key":"SMITH"},{"data":"Impervious","floor":23,"key":"SMITH"},{"data":"Defend_R","floor":25,"key":"SMITH"},{"data":"Defend_R","floor":32,"key":"SMITH"},{"data":"Battle Trance","floor":40,"key":"SMITH"},{"floor":42,"key":"REST"},{"floor":49,"key":"REST"}],"neow_cost":"NONE","seed_source_timestamp":956587215372454,"circlet_count":0,"master_deck":["Defend_R+1","Defend_R+1","Defend_R+1","Bash+1","Entrench+1","Body Slam+1","Shrug It Off+1","Impervious+1","Body Slam+1","Juggernaut+1","Brutality+1","Battle Trance+1","Shrug It Off+1"],"relics":["Burning Blood","Orichalcum","Black Star","Oddly Smooth Stone","Omamori","Anchor","Regal Pillow","Torii","Kunai","Mummified Hand","Astrolabe","Ancient Tea Set","Whetstone","Paper Frog","Bird Faced Urn","Potion Belt","Juzu Bracelet"],"potions_floor_usage":[33,33,33,33],"damage_taken":[{"damage":0,"enemies":"Small Slimes","floor":1,"turns":3},{"damage":1,"enemies":"2 Louse","floor":2,"turns":3},{"damage":1,"enemies":"Cultist","floor":4,"turns":4},{"damage":3,"enemies":"2 Fungi Beasts","floor":11,"turns":4},{"damage":0,"enemies":"Blue Slaver","floor":14,"turns":5},{"damage":20,"enemies":"The Guardian","floor":16,"turns":15},{"damage":13,"enemies":"2 Thieves","floor":18,"turns":4},{"damage":0,"enemies":"Chosen","floor":22,"turns":3},{"damage":0,"enemies":"Slaver and Parasite","floor":24,"turns":7},{"damage":0,"enemies":"Snake Plant","floor":27,"turns":3},{"damage":12,"enemies":"Slavers","floor":28,"turns":7},{"damage":28,"enemies":"Gremlin Leader","floor":30,"turns":3},{"damage":0,"enemies":"3 Cultists","floor":31,"turns":4},{"damage":42,"enemies":"Collector","floor":33,"turns":16},{"damage":2,"enemies":"3 Darklings","floor":35,"turns":6},{"damage":2,"enemies":"3 Shapes","floor":36,"turns":3},{"damage":2,"enemies":"Sphere and 2 Shapes","floor":37,"turns":3},{"damage":2,"enemies":"4 Shapes","floor":38,"turns":3},{"damage":3,"enemies":"Giant Head","floor":41,"turns":4},{"damage":3,"enemies":"3 Darklings","floor":45,"turns":4},{"damage":8,"floor":46,"turns":3},{"damage":2,"enemies":"2 Orb Walkers","floor":47,"turns":3},{"damage":20,"enemies":"Donu and Deca","floor":50,"turns":8}],"seed_played":"-3864235904810203850","potions_obtained":[{"floor":4,"key":"PowerPotion"},{"floor":11,"key":"EntropicBrew"},{"floor":18,"key":"SteroidPotion"},{"floor":24,"key":"GamblersBrew"},{"floor":35,"key":"AttackPotion"},{"floor":41,"key":"GamblersBrew"},{"floor":46,"key":"Explosive Potion"}],"is_trial":false,"path_per_floor":["M","M","?","M","?","R","?","?","T","R","M","R","$","M","R","B",null,"M","$","?","?","M","R","M","R","T","M","E","?","E","M","R","B",null,"M","M","M","M","$","R","E","R","T","?","M","?","E","$","R","B"],"character_chosen":"IRONCLAD","items_purchased":["Oddly Smooth Stone","SpeedPotion","Swift Potion"],"campfire_rested":2,"item_purchase_floors":[19,48,48],"current_hp_per_floor":[80,80,64,69,69,69,61,61,61,61,64,64,64,70,70,56,80,73,73,58,58,64,64,70,70,70,76,70,70,48,54,54,18,85,85,85,85,85,85,85,85,85,85,85,85,83,85,85,85,72],"gold":84,"neow_bonus":"THREE_CARDS","is_prod":false,"is_daily":false,"chose_seed":false,"campfire_upgraded":8,"win_rate":0.0,"timestamp":1530343397,"path_taken":["M","M","?","M","?","R","?","?","T","R","M","R","$","M","R","BOSS","M","$","?","?","M","R","M","R","T","M","E","?","E","M","R","BOSS","M","M","M","M","$","R","E","R","T","?","M","?","E","$","R","BOSS"],"build_version":"2018-06-28","purchased_purges":3,"victory":true,"max_hp_per_floor":[80,80,80,80,80,80,80,80,80,80,80,80,80,80,80,80,80,80,80,85,85,85,85,85,85,85,85,85,85,85,85,85,85,85,85,85,85,85,85,85,85,85,85,85,85,85,85,85,85,85],"card_choices":[{"not_picked":["Sever Soul","Shrug It Off"],"picked":"Entrench","floor":0},{"not_picked":["Clash","Sever Soul","Flex"],"picked":"SKIP","floor":1},{"not_picked":["Shockwave","Sever Soul"],"picked":"Body Slam","floor":2},{"not_picked":["True Grit","Warcry","Hemokinesis"],"picked":"SKIP","floor":4},{"not_picked":["Anger","Perfected Strike"],"picked":"Shrug It Off","floor":11},{"not_picked":["Clothesline","Sword Boomerang","Warcry"],"picked":"SKIP","floor":14},{"not_picked":["Dark Embrace","Reaper"],"picked":"Impervious","floor":16},{"not_picked":["Pommel Strike","Bloodletting","Clothesline"],"picked":"SKIP","floor":18},{"not_picked":["Clothesline","Flame Barrier"],"picked":"Body Slam+1","floor":22},{"not_picked":["Clothesline","Heavy Blade","Armaments+1"],"picked":"SKIP","floor":24},{"not_picked":["Twin Strike","Sever Soul","Ghostly Armor"],"picked":"SKIP","floor":27},{"not_picked":["Flame Barrier","Spot Weakness+1","Flex"],"picked":"SKIP","floor":28},{"not_picked":["Blood for Blood","Metallicize","Clothesline"],"picked":"SKIP","floor":30},{"not_picked":["Blood for Blood","Flex","Clash+1"],"picked":"SKIP","floor":31},{"not_picked":["Inflame+1","Sword Boomerang+1","Pommel Strike+1"],"picked":"SKIP","floor":35},{"not_picked":["Second Wind+1","Rampage"],"picked":"Battle Trance","floor":36},{"not_picked":["Rampage+1","Corruption+1","Headbutt"],"picked":"SKIP","floor":37},{"not_picked":["Ghostly Armor","Armaments","Power Through+1"],"picked":"SKIP","floor":38},{"not_picked":["Searing Blow+1","Burning Pact","Blood for Blood"],"picked":"SKIP","floor":41},{"not_picked":["Corruption+1","Inflame","Metallicize"],"picked":"SKIP","floor":45},{"not_picked":["Intimidate","Armaments"],"picked":"Shrug It Off+1","floor":47}],"player_experience":20565,"relics_obtained":[{"floor":9,"key":"Orichalcum"},{"floor":26,"key":"Omamori"},{"floor":28,"key":"Anchor"},{"floor":28,"key":"Regal Pillow"},{"floor":30,"key":"Kunai"},{"floor":30,"key":"Mummified Hand"},{"floor":41,"key":"Ancient Tea Set"},{"floor":41,"key":"Whetstone"},{"floor":43,"key":"Paper Frog"},{"floor":46,"key":"Bird Faced Urn"},{"floor":47,"key":"Potion Belt"},{"floor":47,"key":"Juzu Bracelet"}],"event_choices":[{"event_name":"Shining Light","player_choice":"Entered Light","floor":3,"damage_taken":0},{"event_name":"Liars Game","player_choice":"disagreed","floor":5,"damage_taken":0},{"event_name":"Wheel of Change","player_choice":"Damage","floor":7,"damage_taken":0},{"event_name":"Bonfire Elementals","player_choice":"BASIC","floor":8,"damage_taken":0},{"event_name":"Forgotten Altar","player_choice":"Shed Blood","floor":20,"damage_taken":0},{"event_name":"Addict","player_choice":"Ignored","floor":21,"damage_taken":0},{"event_name":"The Mausoleum","player_choice":"Yes","floor":29,"damage_taken":0},{"event_name":"Upgrade Shrine","player_choice":"Skipped","floor":44,"damage_taken":0},{"event_name":"MindBloom","player_choice":"Fight","floor":46,"damage_taken":0}],"boss_relics":[{"not_picked":["Lizard Tail","Calling Bell"],"picked":"Black Star"},{"not_picked":["Sozu","Snecko Eye"],"picked":"Astrolabe"}],"items_purged_floors":[13,39,48],"is_endless":false,"potions_floor_spawned":[4,11,18,24,31,35,36,41,46],"ascension_level":0}