{"gold_per_floor":[114,129,9,9,29,29,29,29,29,48,65,80,100,118,118,222,222,242,63,63,63,3,3,22,22],"floor_reached":25,"playtime":2234,"items_purged":["Regret"],"score":195,"play_id":"74be1411-9650-46b3-9340-81956782ca77","local_time":"20190707022556","is_ascension_mode":false,"campfire_choices":[{"data":"Combust","floor":6,"key":"SMITH"},{"data":"Anger","floor":8,"key":"SMITH"},{"data":"Feed","floor":15,"key":"SMITH"},{"data":"Rage","floor":23,"key":"SMITH"}],"neow_cost":"CURSE","seed_source_timestamp":1621760029041998,"circlet_count":0,"master_deck":["Strike_R+1","Strike_R+1","Strike_R+1","Strike_R+1","Defend_R+1","Defend_R+1","Defend_R+1","Defend_R+1","Combust+1","Rage+1","Anger+1","Flex","Flex","Iron Wave","Clash","Feed+1","Heavy Blade","Impervious","Heavy Blade","Pummel","Shockwave","Searing Blow","Writhe","Shrug It Off","Ghostly Armor+1"],"relics":["Burning Blood","Whetstone","Matryoshka"],"potions_floor_usage":[5,16,16,16],"damage_taken":[{"damage":9,"enemies":"2 Louse","floor":1,"turns":3},{"damage":8,"enemies":"Cultist","floor":2,"turns":4},{"damage":3,"enemies":"Jaw Worm","floor":5,"turns":4},{"damage":6,"enemies":"Looter","floor":10,"turns":3},{"damage":9,"enemies":"Large Slime","floor":11,"turns":4},{"damage":13,"enemies":"Exordium Thugs","floor":12,"turns":5},{"damage":2,"enemies":"Looter","floor":13,"turns":2},{"damage":0,"enemies":"Blue Slaver","floor":14,"turns":2},{"damage":42,"enemies":"The Guardian","floor":16,"turns":7},{"damage":19,"enemies":"Shell Parasite","floor":18,"turns":6},{"damage":13,"enemies":"2 Thieves","floor":22,"turns":4},{"damage":36,"enemies":"3 Cultists","floor":24,"turns":7},{"damage":38,"enemies":"Cultist and Chosen","floor":25,"turns":6}],"seed_played":"-2171451286622046599","potions_obtained":[{"floor":1,"key":"SteroidPotion"},{"floor":2,"key":"Ancient Potion"},{"floor":12,"key":"FearPotion"},{"floor":13,"key":"Weak Potion"},{"floor":24,"key":"Regen Potion"}],"is_trial":false,"path_per_floor":["M","M","$","?","M","R","?","R","T","M","M","M","M","M","R","B",null,"M","$","?","?","M","R","M","M"],"character_chosen":"IRONCLAD","items_purchased":["Flex","Pummel","Shockwave","Searing Blow"],"campfire_rested":0,"item_purchase_floors":[3,19,19,19],"current_hp_per_floor":[77,75,75,75,78,78,78,78,78,78,75,68,72,78,78,46,84,75,75,75,75,68,68,38,0],"gold":22,"neow_bonus":"TRANSFORM_TWO_CARDS","is_prod":false,"is_daily":false,"chose_seed":false,"campfire_upgraded":4,"win_rate":0,"timestamp":1562484356,"path_taken":["M","M","$","?","M","R","?","R","T","M","M","?","M","M","R","BOSS","M","$","?","?","M","R","M","M"],"build_version":"2019-07-05","purchased_purges":1,"victory":false,"max_hp_per_floor":[80,80,80,80,80,80,80,80,80,80,80,80,80,80,80,84,84,88,88,88,88,88,88,88,88],"card_choices":[{"not_picked":["Seeing Red","Twin Strike"],"picked":"Rage","floor":1},{"not_picked":["Armaments","Body Slam"],"picked":"Anger","floor":2},{"not_picked":["Havoc","Warcry"],"picked":"Flex","floor":5},{"not_picked":["Shockwave","Ghostly Armor"],"picked":"Clash","floor":10},{"not_picked":["Cleave","Rupture"],"picked":"Feed","floor":11},{"not_picked":["Whirlwind","Havoc","Disarm"],"picked":"SKIP","floor":12},{"not_picked":["Sever Soul","Clash"],"picked":"Heavy Blade","floor":13},{"not_picked":["Brutality","Perfected Strike","Bloodletting"],"picked":"SKIP","floor":14},{"not_picked":["Double Tap","Berserk"],"picked":"Impervious","floor":16},{"not_picked":["Corruption","Wild Strike"],"picked":"Heavy Blade","floor":18},{"not_picked":["Flex","Bloodletting+1"],"picked":"Shrug It Off","floor":22},{"not_picked":["Power Through","Anger"],"picked":"Ghostly Armor+1","floor":24}],"player_experience":262514,"relics_obtained":[{"floor":9,"key":"Whetstone"}],"event_choices":[{"damage_healed":0,"gold_gain":0,"player_choice":"Ignored","damage_taken":0,"max_hp_gain":0,"max_hp_loss":0,"event_name":"Golden Wing","floor":4,"gold_loss":0},{"cards_removed":["Sentinel"],"damage_healed":0,"gold_gain":0,"player_choice":"Took Card","damage_taken":0,"max_hp_gain":0,"max_hp_loss":0,"event_name":"NoteForYourself","floor":7,"gold_loss":0,"cards_obtained":["Iron Wave"]},{"damage_healed":0,"gold_gain":0,"player_choice":"Opened","damage_taken":0,"relics_obtained":["Matryoshka"],"max_hp_gain":0,"max_hp_loss":0,"event_name":"The Mausoleum","floor":20,"gold_loss":0,"cards_obtained":["Writhe"]},{"damage_healed":0,"gold_gain":0,"player_choice":"Simplicity","damage_taken":0,"max_hp_gain":0,"max_hp_loss":0,"event_name":"Back to Basics","floor":21,"gold_loss":0,"cards_upgraded":["Strike_R","Strike_R","Defend_R","Defend_R","Defend_R","Defend_R"]}],"is_beta":false,"boss_relics":[{"not_picked":["Empty Cage","Fusion Hammer","Ectoplasm"]}],"items_purged_floors":[3],"is_endless":false,"potions_floor_spawned":[1,2,12,13,24],"killed_by":"Cultist and Chosen","ascension_level":0}