{"gold_per_floor":[115,390,21,21,37,37,63,75,75,95,127,70,83,113,113,184,184,184],"floor_reached":18,"playtime":1060,"items_purged":["Regret"],"score":400,"play_id":"56946583-9fc8-4fa6-8d41-728e4243f068","local_time":"20190701212839","is_ascension_mode":true,"campfire_choices":[{"data":"Neutralize","floor":6.0,"key":"SMITH"},{"data":"Noxious Fumes","floor":15.0,"key":"SMITH"}],"neow_cost":"NONE","seed_source_timestamp":0,"circlet_count":0,"master_deck":["AscendersBane","Defend_G","Defend_G","Defend_G","Defend_G","Defend_G","Strike_G","Strike_G","Strike_G","Strike_G","Strike_G","Survivor","Neutralize+1","Noxious Fumes+1","Sucker Punch","Dagger Throw","Finisher","Leg Sweep","Skewer","After Image"],"special_seed":0,"relics":["Ring of the Snake","NeowsBlessing","Blood Vial","Shuriken","Vajra","Gremlin Horn","The Specimen","Pantograph","Snecko Eye"],"potions_floor_usage":[],"damage_taken":[{"damage":0.0,"enemies":"Jaw Worm","floor":1.0,"turns":1.0},{"damage":0.0,"enemies":"Cultist","floor":5.0,"turns":1.0},{"damage":0.0,"enemies":"Gremlin Nob","floor":7.0,"turns":1.0},{"damage":9.0,"enemies":"Small Slimes","floor":8.0,"turns":3.0},{"damage":2.0,"enemies":"Blue Slaver","floor":10.0,"turns":4.0},{"damage":17.0,"enemies":"Lagavulin","floor":11.0,"turns":7.0},{"damage":15.0,"enemies":"Large Slime","floor":13.0,"turns":4.0},{"damage":17.0,"enemies":"3 Sentries","floor":14.0,"turns":6.0},{"damage":27.0,"enemies":"Slime Boss","floor":16.0,"turns":9.0},{"damage":0,"enemies":"Chosen","floor":18,"turns":1}],"seed_played":"-2308599865623016996","potions_obtained":[{"floor":7.0,"key":"LiquidBronze"},{"floor":13.0,"key":"AttackPotion"},{"floor":14.0,"key":"LiquidBronze"}],"is_trial":false,"path_per_floor":["M","?","$","T","M","R","E","M","T","M","E","$","M","E","R","B",null,"M"],"character_chosen":"THE_SILENT","items_purchased":["Noxious Fumes","Sucker Punch","Blood Vial","Fire Potion"],"campfire_rested":0,"item_purchase_floors":[3,3,3,12],"current_hp_per_floor":[59,59,59,59,61,61,63,56,56,56,41,41,28,13,13,13,53,55],"gold":184,"neow_bonus":"THREE_ENEMY_KILL","is_prod":false,"is_daily":false,"chose_seed":false,"campfire_upgraded":2,"win_rate":0,"timestamp":1562041719,"path_taken":["M","?","$","?","M","R","E","M","T","?","E","$","M","E","R","BOSS","M"],"build_version":"2019-07-01","purchased_purges":1,"victory":false,"max_hp_per_floor":[66,66,66,66,66,66,66,66,66,66,66,66,66,66,66,66,66,66],"card_choices":[{"not_picked":["Blade Dance","Bane","Slice"],"picked":"SKIP","floor":1.0},{"not_picked":["Dagger Spray","Sucker Punch"],"picked":"Dagger Throw","floor":5.0},{"not_picked":["Deadly Poison","A Thousand Cuts","Outmaneuver"],"picked":"SKIP","floor":7.0},{"not_picked":["Setup","Dodge and Roll","Tactician"],"picked":"SKIP","floor":8.0},{"not_picked":["Slice","PiercingWail"],"picked":"Finisher","floor":10.0},{"not_picked":["Deadly Poison","Sucker Punch"],"picked":"Leg Sweep","floor":11.0},{"not_picked":["Underhanded Strike","Caltrops","Finisher"],"picked":"SKIP","floor":13.0},{"not_picked":["Escape Plan","Distraction"],"picked":"Skewer","floor":14.0},{"not_picked":["Die Die Die","Bullet Time"],"picked":"After Image","floor":16.0}],"player_experience":1371668,"relics_obtained":[{"floor":4.0,"key":"Shuriken"},{"floor":7.0,"key":"Vajra"},{"floor":9.0,"key":"Gremlin Horn"},{"floor":11.0,"key":"The Specimen"},{"floor":14.0,"key":"Pantograph"}],"event_choices":[{"damage_healed":0.0,"max_hp_gain":0.0,"max_hp_loss":0.0,"gold_gain":275.0,"event_name":"Golden Shrine","player_choice":"Desecrate","floor":2.0,"gold_loss":0.0,"damage_taken":0.0,"cards_obtained":["Regret"]}],"is_beta":false,"boss_relics":[{"not_picked":["Tiny House","Empty Cage"],"picked":"Snecko Eye"}],"items_purged_floors":[3],"is_endless":false,"potions_floor_spawned":[7,13,14],"killed_by":"Chosen","ascension_level":19}