{"gold_per_floor":[112,131,21,34,34,34,75,75,155,155,170,170,170],"floor_reached":13,"playtime":647,"items_purged":[],"score":133,"play_id":"2ac630e2-190d-4440-8c65-0ed11cc59775","local_time":"20181219134416","is_ascension_mode":true,"campfire_choices":[{"data":"Evolve","floor":6,"key":"SMITH"},{"data":"Defend_R","floor":8,"key":"SMITH"},{"floor":12,"key":"REST"}],"neow_cost":"CURSE","seed_source_timestamp":3198364858359111,"circlet_count":0,"master_deck":["AscendersBane","Strike_R","Strike_R","Strike_R","Strike_R","Strike_R","Defend_R+1","Defend_R","Defend_R","Defend_R","Bash","Writhe","Flex","Power Through","Evolve+1","Pummel"],"relics":["Burning Blood","Bird Faced Urn","Golden Idol","Vajra","Frozen Egg 2","CultistMask"],"potions_floor_usage":[],"damage_taken":[{"damage":14,"enemies":"Jaw Worm","floor":1,"turns":4},{"damage":2,"enemies":"2 Louse","floor":2,"turns":3},{"damage":22,"enemies":"Cultist","floor":4,"turns":6},{"damage":46,"enemies":"Lagavulin","floor":7,"turns":10},{"damage":1,"enemies":"Looter","floor":11,"turns":3},{"damage":38,"enemies":"Gremlin Nob","floor":13,"turns":5}],"seed_played":"-4958350584342549652","potions_obtained":[{"floor":1,"key":"LiquidBronze"},{"floor":7,"key":"Dexterity Potion"}],"is_trial":false,"path_per_floor":["M","M","$","M","?","R","E","R","T","?","M","R","E"],"character_chosen":"IRONCLAD","items_purchased":["Power Through","Evolve"],"campfire_rested":1,"item_purchase_floors":[3,3],"current_hp_per_floor":[64,68,68,54,54,54,16,16,16,16,23,45,9],"gold":170,"neow_bonus":"ONE_RARE_RELIC","is_prod":false,"is_daily":false,"chose_seed":false,"campfire_upgraded":2,"win_rate":0,"timestamp":1545255856,"path_taken":["M","M","$","M","?","R","E","R","T","?","?","R","E"],"build_version":"2018-12-13","purchased_purges":0,"victory":false,"max_hp_per_floor":[80,80,80,80,74,74,74,74,74,74,74,74,74],"card_choices":[{"not_picked":["Pommel Strike","Ghostly Armor"],"picked":"Flex","floor":1},{"not_picked":["Perfected Strike","Armaments","Clothesline"],"picked":"SKIP","floor":2},{"not_picked":["Thunderclap","Twin Strike"],"picked":"Pummel","floor":4},{"not_picked":["Anger","Clash","Seeing Red"],"picked":"SKIP","floor":7},{"not_picked":["Perfected Strike","Thunderclap","Searing Blow"],"picked":"SKIP","floor":11}],"player_experience":483523,"relics_obtained":[{"floor":7,"key":"Vajra"},{"floor":9,"key":"Frozen Egg 2"}],"event_choices":[{"damage_healed":0,"gold_gain":0,"player_choice":"Lose Max HP","damage_taken":0,"relics_obtained":["Golden Idol"],"max_hp_gain":0,"max_hp_loss":6,"event_name":"Golden Idol","floor":5,"gold_loss":0},{"damage_healed":0,"gold_gain":0,"player_choice":"Trade","damage_taken":0,"relics_obtained":["CultistMask"],"max_hp_gain":0,"max_hp_loss":0,"event_name":"FaceTrader","floor":10,"gold_loss":0}],"is_beta":false,"boss_relics":[],"items_purged_floors":[],"is_endless":false,"potions_floor_spawned":[1,7],"killed_by":"Gremlin Nob","ascension_level":12}