{"gold_per_floor":[112,31,45,45,45,86,98,110,148,187,199,238,260,292,304,392,404,434,361,384,321,333,345,373,385],"floor_reached":25,"playtime":2527,"items_purged":[],"score":488,"play_id":"6eff4a41-a9b9-4440-b5c1-efb6a51b171f","local_time":"20190402213159","is_ascension_mode":true,"campfire_choices":[{"data":"Bash","floor":8,"key":"SMITH"},{"data":"Clothesline","floor":11,"key":"SMITH"},{"data":"Limit Break","floor":15,"key":"SMITH"},{"data":"Barricade","floor":23,"key":"SMITH"}],"neow_cost":"NONE","seed_source_timestamp":59728356178063,"circlet_count":0,"master_deck":["AscendersBane","Strike_R+1","Strike_R+1","Strike_R+1","Strike_R+1","Defend_R+1","Defend_R+1","Defend_R+1","Defend_R+1","Bash+1","Inflame","Clothesline+1","Shrug It Off+1","Anger","Fiend Fire","Combust","Limit Break+1","Barricade+1","Headbutt"],"relics":["Black Blood","NeowsBlessing","MawBank","Blood Vial","Bag of Preparation","War Paint","Blue Candle","Letter Opener"],"potions_floor_usage":[12,12,14,20,25,25],"damage_taken":[{"damage":0,"enemies":"Cultist","floor":1,"turns":1},{"damage":0,"enemies":"2 Louse","floor":3,"turns":1},{"damage":0,"enemies":"3 Sentries","floor":6,"turns":2},{"damage":22,"enemies":"Lagavulin","floor":10,"turns":4},{"damage":7,"enemies":"Gremlin Nob","floor":12,"turns":4},{"damage":4,"enemies":"Jaw Worm","floor":13,"turns":3},{"damage":0,"enemies":"Exordium Wildlife","floor":14,"turns":4},{"damage":33,"enemies":"Hexaghost","floor":16,"turns":9},{"damage":30,"enemies":"2 Thieves","floor":18,"turns":4},{"damage":37,"enemies":"Shell Parasite","floor":20,"turns":5},{"damage":18,"enemies":"Centurion and Healer","floor":24,"turns":8},{"damage":35,"enemies":"Slavers","floor":25,"turns":3}],"seed_played":"-7919134072678553118","potions_obtained":[{"floor":1,"key":"Strength Potion"},{"floor":3,"key":"EssenceOfSteel"},{"floor":12,"key":"Energy Potion"},{"floor":18,"key":"AttackPotion"},{"floor":20,"key":"PowerPotion"},{"floor":24,"key":"BloodPotion"}],"is_trial":false,"path_per_floor":["M","$","M","?","?","E","$","R","T","E","R","E","M","M","R","B",null,"M","?","M","?","?","R","M","E"],"character_chosen":"IRONCLAD","items_purchased":["Clothesline","Shrug It Off"],"campfire_rested":0,"item_purchase_floors":[2,2],"current_hp_per_floor":[74,74,75,75,49,55,55,55,55,41,41,42,46,54,54,29,64,46,46,21,21,21,21,15,0],"gold":385,"neow_bonus":"THREE_ENEMY_KILL","is_prod":false,"is_daily":false,"chose_seed":false,"campfire_upgraded":4,"win_rate":0,"timestamp":1554265919,"path_taken":["M","$","?","?","?","E","?","R","T","E","R","E","M","M","R","BOSS","M","?","M","?","?","R","M","E"],"build_version":"2019-01-23","purchased_purges":0,"victory":false,"max_hp_per_floor":[75,75,75,75,75,75,75,75,75,75,75,75,75,75,75,75,75,75,75,75,75,75,75,75,75],"card_choices":[{"not_picked":["Infernal Blade","Warcry"],"picked":"Inflame","floor":1},{"not_picked":["Perfected Strike","Armaments"],"picked":"Anger","floor":3},{"not_picked":["Rupture","Burning Pact"],"picked":"Fiend Fire","floor":6},{"not_picked":["Armaments","Flex"],"picked":"Combust","floor":10},{"not_picked":["Perfected Strike","Wild Strike"],"picked":"Limit Break","floor":12},{"not_picked":["Body Slam","Armaments","Power Through"],"picked":"SKIP","floor":13},{"not_picked":["Pommel Strike","Warcry","Clothesline"],"picked":"SKIP","floor":14},{"not_picked":["Juggernaut","Impervious"],"picked":"Barricade","floor":16},{"not_picked":["Wild Strike","Anger","Body Slam"],"picked":"SKIP","floor":18},{"not_picked":["Body Slam","Sword Boomerang","Thunderclap"],"picked":"SKIP","floor":20},{"not_picked":["Bloodletting","Iron Wave"],"picked":"Headbutt","floor":24}],"player_experience":812754,"relics_obtained":[{"floor":6,"key":"Blood Vial"},{"floor":9,"key":"Bag of Preparation"},{"floor":10,"key":"War Paint"},{"floor":12,"key":"Blue Candle"}],"event_choices":[{"damage_healed":0,"gold_gain":0,"player_choice":"Leave","damage_taken":0,"max_hp_gain":0,"max_hp_loss":0,"event_name":"The Cleric","floor":4,"gold_loss":0},{"damage_healed":0,"gold_gain":0,"player_choice":"Success","damage_taken":26,"relics_obtained":["MawBank"],"max_hp_gain":0,"max_hp_loss":0,"event_name":"Scrap Ooze","floor":5,"gold_loss":0},{"damage_healed":0,"gold_gain":0,"player_choice":"Obtained Relic","damage_taken":0,"relics_obtained":["Letter Opener"],"max_hp_gain":0,"max_hp_loss":0,"event_name":"Addict","floor":19,"gold_loss":85},{"cards_removed":["Strike_R"],"damage_healed":0,"gold_gain":0,"player_choice":"Gave Gold","damage_taken":0,"max_hp_gain":0,"max_hp_loss":0,"event_name":"Beggar","floor":21,"gold_loss":75},{"damage_healed":0,"gold_gain":0,"player_choice":"Simplicity","damage_taken":0,"max_hp_gain":0,"max_hp_loss":0,"event_name":"Back to Basics","floor":22,"gold_loss":0,"cards_upgraded":["Strike_R","Strike_R","Strike_R","Strike_R","Defend_R","Defend_R","Defend_R"]}],"is_beta":false,"boss_relics":[{"not_picked":["Black Star","Ectoplasm"],"picked":"Black Blood"}],"items_purged_floors":[],"is_endless":false,"potions_floor_spawned":[1,3,12,18,20,24],"killed_by":"Slavers","ascension_level":20}