{"gold_per_floor":[110,126,301,152,152,187,198,163,187,187,215,215,249,249,249,372,372,391,416,416,435,66,99,99,99,126,141,141,141,156,176,176,176],"floor_reached":33,"playtime":1949,"items_purged":["Doubt","Injury"],"score":322,"play_id":"21fabb64-569d-43f8-a4d7-eba615764447","local_time":"20190623215025","is_ascension_mode":true,"campfire_choices":[{"data":"Sweeping Beam","floor":10,"key":"SMITH"},{"floor":12,"key":"REST"},{"floor":15,"key":"REST"},{"data":"Redo","floor":24,"key":"SMITH"},{"floor":28,"key":"REST"},{"floor":32,"key":"REST"}],"neow_cost":"NONE","seed_source_timestamp":482306007705654,"circlet_count":0,"master_deck":["Strike_B","Strike_B","Strike_B","Strike_B","Defend_B","Defend_B","Defend_B","Defend_B","Zap","Dualcast","White Noise+1","Self Repair","Doom and Gloom","Sweeping Beam+1","Echo Form+1","Redo+1","Go for the Eyes","Rip and Tear+1","Sunder","Creative AI","Ball Lightning","Capacitor"],"relics":["Cracked Core","Happy Flower","Boot","Strawberry","Ornamental Fan","Golden Idol","Black Star","Dodecahedron","Bag of Preparation","Nloth\u0027s Gift","Ancient Tea Set"],"potions_floor_usage":[16,16,30,33],"damage_taken":[{"damage":1,"enemies":"Cultist","floor":1,"turns":3},{"damage":6,"enemies":"Jaw Worm","floor":2,"turns":3},{"damage":26,"enemies":"Lagavulin","floor":6,"turns":6},{"damage":0,"enemies":"Small Slimes","floor":7,"turns":2},{"damage":44,"enemies":"Gremlin Nob","floor":11,"turns":5},{"damage":36,"enemies":"Lagavulin","floor":13,"turns":5},{"damage":25,"enemies":"Slime Boss","floor":16,"turns":5},{"damage":44,"enemies":"Shell Parasite","floor":18,"turns":6},{"damage":5,"enemies":"Spheric Guardian","floor":19,"turns":3},{"damage":33,"enemies":"Snake Plant","floor":21,"turns":4},{"damage":32,"enemies":"Gremlin Leader","floor":23,"turns":6},{"damage":35,"enemies":"Snecko","floor":27,"turns":5},{"damage":2,"enemies":"Cultist and Chosen","floor":30,"turns":4},{"damage":39,"enemies":"Sentry and Sphere","floor":31,"turns":4},{"damage":88,"enemies":"Collector","floor":33,"turns":6}],"seed_played":"-3982432290825390291","potions_obtained":[{"floor":2,"key":"FearPotion"},{"floor":6,"key":"SteroidPotion"},{"floor":11,"key":"Fire Potion"},{"floor":18,"key":"Weak Potion"},{"floor":30,"key":"Strength Potion"},{"floor":31,"key":"Fire Potion"}],"is_trial":false,"path_per_floor":["M","M","?","$","?","E","M","?","T","R","E","R","E","?","R","B",null,"M","M","?","M","$","E","R","?","T","M","R","$","M","M","R","B"],"character_chosen":"DEFECT","items_purchased":["Doom and Gloom","Lee\u0027s Waffle","Sunder"],"campfire_rested":4,"item_purchase_floors":[4,22,22],"current_hp_per_floor":[81,75,75,75,75,56,56,76,76,76,46,72,43,43,69,44,89,52,47,47,21,96,64,64,64,64,36,64,64,69,30,58,0],"gold":176,"neow_bonus":"TEN_PERCENT_HP_BONUS","is_prod":false,"is_daily":false,"chose_seed":false,"campfire_upgraded":2,"win_rate":0,"timestamp":1561344625,"path_taken":["M","?","?","$","?","E","M","?","T","R","E","R","E","?","R","BOSS","M","M","?","M","?","E","R","?","T","M","R","$","?","M","R","BOSS"],"build_version":"2019-01-23","purchased_purges":2,"victory":false,"max_hp_per_floor":[82,82,82,82,82,82,82,82,82,82,89,89,89,89,89,89,89,89,89,89,89,96,96,96,96,96,96,96,96,96,96,96,96],"card_choices":[{"not_picked":["Compile Driver","Turbo"],"picked":"White Noise","floor":1},{"not_picked":["Compile Driver","Conserve Battery"],"picked":"Self Repair","floor":2},{"not_picked":["Compile Driver","Tempest"],"picked":"Sweeping Beam","floor":6},{"not_picked":["Reboot","Reinforced Body","Stack"],"picked":"SKIP","floor":7},{"not_picked":["Cold Snap","Coolheaded","Beam Cell"],"picked":"SKIP","floor":11},{"not_picked":["Rebound","Chill","Stack"],"picked":"SKIP","floor":13},{"not_picked":["Rainbow","Hyperbeam"],"picked":"Echo Form","floor":16},{"not_picked":["Turbo+1","Beam Cell+1"],"picked":"Redo","floor":18},{"not_picked":["Hello World","Stack"],"picked":"Go for the Eyes","floor":19},{"not_picked":["Rebound","Heatsinks"],"picked":"Rip and Tear+1","floor":21},{"not_picked":["Streamline+1","Turbo","Glacier"],"picked":"SKIP","floor":23},{"not_picked":["Go for the Eyes","Gash"],"picked":"Creative AI","floor":27},{"not_picked":["Reboot","Fusion"],"picked":"Ball Lightning","floor":30},{"not_picked":["Sweeping Beam+1","FTL"],"picked":"Capacitor","floor":31}],"player_experience":152295,"relics_obtained":[{"floor":6,"key":"Happy Flower"},{"floor":9,"key":"Boot"},{"floor":11,"key":"Strawberry"},{"floor":13,"key":"Ornamental Fan"},{"floor":23,"key":"Dodecahedron"},{"floor":23,"key":"Bag of Preparation"},{"floor":26,"key":"Ancient Tea Set"}],"event_choices":[{"damage_healed":0,"gold_gain":175,"player_choice":"AGREE","damage_taken":0,"max_hp_gain":0,"max_hp_loss":0,"event_name":"Liars Game","floor":3,"gold_loss":0,"cards_obtained":["Doubt"]},{"damage_healed":0,"gold_gain":0,"player_choice":"Grow","damage_taken":0,"max_hp_gain":0,"max_hp_loss":0,"event_name":"Living Wall","floor":5,"gold_loss":0,"cards_upgraded":["White Noise"]},{"damage_healed":20,"gold_gain":0,"player_choice":"Healed","damage_taken":0,"max_hp_gain":0,"max_hp_loss":0,"event_name":"The Cleric","floor":8,"gold_loss":35},{"damage_healed":0,"gold_gain":0,"player_choice":"Take Wound","damage_taken":0,"relics_obtained":["Golden Idol"],"max_hp_gain":0,"max_hp_loss":0,"event_name":"Golden Idol","floor":14,"gold_loss":0,"cards_obtained":["Injury"]},{"damage_healed":0,"gold_gain":0,"player_choice":"Upgraded","damage_taken":0,"max_hp_gain":0,"max_hp_loss":0,"event_name":"Upgrade Shrine","floor":20,"gold_loss":0,"cards_upgraded":["Echo Form"]},{"damage_healed":0,"gold_gain":0,"player_choice":"Traded Relic","damage_taken":0,"relics_obtained":["Nloth\u0027s Gift"],"max_hp_gain":0,"max_hp_loss":0,"event_name":"N\u0027loth","floor":25,"relics_lost":["Lee\u0027s Waffle"],"gold_loss":0}],"is_beta":false,"boss_relics":[{"not_picked":["Eternal Feather","Fusion Hammer"],"picked":"Black Star"}],"items_purged_floors":[4,22],"is_endless":false,"potions_floor_spawned":[2,6,11,18,30,31],"killed_by":"Collector","ascension_level":1}