{"gold_per_floor":[363,6,19,30,48,48,66,16,67,100,100,100],"floor_reached":12,"playtime":931,"items_purged":[],"score":96,"play_id":"69af8d17-44d3-4812-8676-3a779ee8b3ba","local_time":"20190711113252","is_ascension_mode":true,"campfire_choices":[{"data":"Neutralize","floor":6,"key":"SMITH"},{"floor":11,"key":"REST"}],"neow_cost":"TEN_PERCENT_HP_LOSS","seed_source_timestamp":43830085447943,"circlet_count":0,"master_deck":["Strike_G","Strike_G","Strike_G","Strike_G","Defend_G","Defend_G","Defend_G","Defend_G","Defend_G","Survivor","Neutralize+1","PiercingWail","Noxious Fumes","Setup","Corpse Explosion"],"relics":["Ring of the Snake","Membership Card","Unceasing Top","Lantern","Pantograph"],"potions_floor_usage":[12,12],"damage_taken":[{"damage":0,"enemies":"2 Louse","floor":1,"turns":4},{"damage":3,"enemies":"Jaw Worm","floor":3,"turns":8},{"damage":2,"enemies":"Cultist","floor":4,"turns":4},{"damage":0,"enemies":"Blue Slaver","floor":5,"turns":8},{"damage":10,"enemies":"Large Slime","floor":7,"turns":10},{"damage":34,"enemies":"Lagavulin","floor":10,"turns":12},{"damage":43,"enemies":"Gremlin Nob","floor":12,"turns":5}],"seed_played":"-6031285902141260614","potions_obtained":[{"floor":1,"key":"Ancient Potion"},{"floor":10,"key":"PowerPotion"}],"is_trial":false,"path_per_floor":["M","$","M","M","M","R","M","?","T","E","R","E"],"character_chosen":"THE_SILENT","items_purchased":["Membership Card","Unceasing Top"],"campfire_rested":1,"item_purchase_floors":[2,2],"current_hp_per_floor":[63,63,60,58,58,58,48,48,48,14,32,0],"gold":100,"neow_bonus":"TWO_FIFTY_GOLD","is_prod":false,"is_daily":false,"chose_seed":false,"campfire_upgraded":1,"win_rate":0,"timestamp":1562859172,"path_taken":["M","$","M","M","M","R","M","?","T","E","R","E"],"build_version":"2019-07-05","purchased_purges":0,"victory":false,"max_hp_per_floor":[63,63,63,63,63,63,63,63,63,63,63,63],"card_choices":[{"not_picked":["Tactician","Flying Knee"],"picked":"PiercingWail","floor":1},{"not_picked":["Distraction","Flying Knee","Prepared"],"picked":"SKIP","floor":3},{"not_picked":["Finisher","Calculated Gamble","Eviscerate"],"picked":"SKIP","floor":4},{"not_picked":["Dagger Throw","PiercingWail"],"picked":"Noxious Fumes","floor":5},{"not_picked":["Endless Agony","Underhanded Strike"],"picked":"Setup","floor":7},{"not_picked":["Burst","Slice"],"picked":"Corpse Explosion","floor":10}],"player_experience":269213,"relics_obtained":[{"floor":9,"key":"Lantern"},{"floor":10,"key":"Pantograph"}],"event_choices":[{"cards_removed":["Strike_G"],"damage_healed":0,"gold_gain":0,"player_choice":"Card Removal","damage_taken":0,"max_hp_gain":0,"max_hp_loss":0,"event_name":"The Cleric","floor":8,"gold_loss":50}],"is_beta":false,"boss_relics":[],"items_purged_floors":[],"is_endless":false,"potions_floor_spawned":[1,10],"killed_by":"Gremlin Nob","ascension_level":4}