{"gold_per_floor":[110,129,47,59,59,59,87,102,102,102,102,116,131,150,150,150],"floor_reached":16,"playtime":631,"items_purged":[],"score":177,"play_id":"57de69a6-16f1-47b8-8c72-5eb996144c5b","local_time":"20190712161041","is_ascension_mode":true,"campfire_choices":[{"data":"Zap","floor":6,"key":"SMITH"},{"data":"1","floor":10,"key":"LIFT"},{"floor":15,"key":"REST"}],"neow_cost":"TEN_PERCENT_HP_LOSS","seed_source_timestamp":25950809930920,"circlet_count":0,"master_deck":["AscendersBane","Strike_B","Strike_B","Strike_B","Strike_B","Defend_B","Defend_B","Defend_B","Zap+1","Dualcast","Conserve Battery","Leap","Glacier","Blizzard","Reboot","Chill","Injury","Barrage","Cold Snap","Self Repair"],"relics":["Cracked Core","Gambling Chip","Girya","Letter Opener","Golden Idol"],"potions_floor_usage":[7,12,16],"damage_taken":[{"damage":2,"enemies":"Jaw Worm","floor":1,"turns":3},{"damage":0,"enemies":"2 Louse","floor":2,"turns":2},{"damage":0,"enemies":"Small Slimes","floor":4,"turns":3},{"damage":31,"enemies":"Gremlin Nob","floor":7,"turns":6},{"damage":12,"enemies":"3 Louse","floor":8,"turns":4},{"damage":3,"enemies":"Exordium Thugs","floor":12,"turns":4},{"damage":6,"enemies":"Large Slime","floor":13,"turns":6},{"damage":0,"enemies":"Looter","floor":14,"turns":4},{"damage":43,"enemies":"The Guardian","floor":16,"turns":11}],"seed_played":"6223300948128861029","potions_obtained":[{"floor":1,"key":"GamblersBrew"},{"floor":7,"key":"Regen Potion"},{"floor":14,"key":"AttackPotion"}],"is_trial":false,"path_per_floor":["M","M","$","M","?","R","E","M","T","R","?","M","M","M","R","B"],"character_chosen":"DEFECT","items_purchased":["Glacier"],"campfire_rested":1,"item_purchase_floors":[3],"current_hp_per_floor":[62,62,62,62,62,62,31,19,19,19,19,28,22,22,41,0],"gold":150,"neow_bonus":"ONE_RARE_RELIC","is_prod":false,"is_daily":false,"chose_seed":false,"campfire_upgraded":1,"win_rate":0,"timestamp":1562919041,"path_taken":["M","M","$","M","?","R","E","M","T","R","?","M","M","M","R","BOSS"],"build_version":"2019-07-05","purchased_purges":0,"victory":false,"max_hp_per_floor":[64,64,64,64,64,64,64,64,64,64,64,64,64,64,64,64],"card_choices":[{"not_picked":["Double Energy","Skim"],"picked":"Conserve Battery","floor":1},{"not_picked":["Chill","Gash"],"picked":"Leap","floor":2},{"not_picked":["Reprogram","Go for the Eyes"],"picked":"Blizzard","floor":4},{"not_picked":["Turbo","Heatsinks"],"picked":"Reboot","floor":7},{"not_picked":["Consume","Scrape"],"picked":"Chill","floor":8},{"not_picked":["Auto Shields","Beam Cell"],"picked":"Barrage","floor":12},{"not_picked":["Beam Cell","Hello World"],"picked":"Cold Snap","floor":13},{"not_picked":["Go for the Eyes","Melter"],"picked":"Self Repair","floor":14}],"player_experience":841760,"relics_obtained":[{"floor":7,"key":"Girya"},{"floor":9,"key":"Letter Opener"}],"event_choices":[{"cards_removed":["Defend_B"],"damage_healed":0,"gold_gain":0,"player_choice":"Forget","damage_taken":0,"max_hp_gain":0,"max_hp_loss":0,"event_name":"Living Wall","floor":5,"gold_loss":0},{"damage_healed":0,"gold_gain":0,"player_choice":"Take Wound","damage_taken":0,"relics_obtained":["Golden Idol"],"max_hp_gain":0,"max_hp_loss":0,"event_name":"Golden Idol","floor":11,"gold_loss":0,"cards_obtained":["Injury"]}],"is_beta":false,"boss_relics":[],"items_purged_floors":[],"is_endless":false,"potions_floor_spawned":[1,7,14],"killed_by":"The Guardian","ascension_level":14}