{"gold_per_floor":[109,123,142,142,142,142,172,172,172,172,192,204,222,234,234,337,337,337,337,337,337,337,337],"floor_reached":23,"playtime":2516,"items_purged":[],"score":340,"play_id":"e0894a66-02ea-44b9-8b61-6ac6071f4c0a","local_time":"20181224133107","is_ascension_mode":true,"campfire_choices":[{"data":"Defend_R","floor":6,"key":"SMITH"},{"data":"True Grit","floor":8,"key":"SMITH"},{"floor":10,"key":"REST"},{"floor":15,"key":"REST"}],"neow_cost":"NONE","seed_source_timestamp":87208345510375,"circlet_count":0,"master_deck":["AscendersBane","Strike_R","Strike_R","Strike_R","Strike_R","Strike_R","Defend_R","Defend_R","Defend_R","Defend_R+1","Bash","Limit Break+1","Spot Weakness","Whirlwind","Feed","True Grit+1","Armaments","Armaments","True Grit","Feed","Offering","Disarm"],"relics":["Burning Blood","Prayer Wheel","Dead Branch","Ectoplasm"],"potions_floor_usage":[7,16,21,23],"damage_taken":[{"damage":6,"enemies":"Cultist","floor":1,"turns":3},{"damage":11,"enemies":"2 Louse","floor":2,"turns":4},{"damage":7,"enemies":"Small Slimes","floor":3,"turns":3},{"damage":52,"enemies":"Gremlin Nob","floor":7,"turns":6},{"damage":6,"enemies":"Looter","floor":11,"turns":3},{"damage":0,"enemies":"Lots of Slimes","floor":12,"turns":3},{"damage":17,"enemies":"Exordium Thugs","floor":13,"turns":6},{"damage":33,"enemies":"Gremlin Gang","floor":14,"turns":3},{"damage":11,"enemies":"The Guardian","floor":16,"turns":10},{"damage":6,"enemies":"Spheric Guardian","floor":18,"turns":3},{"damage":33,"enemies":"Shell Parasite","floor":19,"turns":7},{"damage":9,"enemies":"Chosen and Byrds","floor":21,"turns":4},{"damage":10,"enemies":"Centurion and Healer","floor":22,"turns":7},{"damage":72,"enemies":"Gremlin Leader","floor":23,"turns":7}],"seed_played":"8414565180093742865","potions_obtained":[{"floor":3,"key":"Ancient Potion"},{"floor":11,"key":"Dexterity Potion"},{"floor":14,"key":"Explosive Potion"},{"floor":19,"key":"FearPotion"}],"is_trial":false,"path_per_floor":["M","M","M","?","?","R","E","R","T","R","M","M","M","M","R","B",null,"M","M","?","M","M","E"],"character_chosen":"IRONCLAD","items_purchased":[],"campfire_rested":2,"item_purchase_floors":[],"current_hp_per_floor":[72,67,66,71,71,71,25,25,25,50,53,63,55,31,60,55,87,90,66,66,66,62,0],"gold":337,"neow_bonus":"ONE_RANDOM_RARE_CARD","is_prod":false,"is_daily":false,"chose_seed":false,"campfire_upgraded":2,"win_rate":0,"timestamp":1545687067,"path_taken":["M","?","M","?","?","R","E","R","T","R","M","M","M","M","R","BOSS","M","M","?","M","?","E"],"build_version":"2018-12-20","purchased_purges":0,"victory":false,"max_hp_per_floor":[80,80,80,85,85,85,85,85,85,85,88,92,95,98,98,98,98,101,104,104,107,107,107],"card_choices":[{"not_picked":["Pommel Strike","Twin Strike"],"picked":"Spot Weakness","floor":1},{"not_picked":["Warcry","Cleave"],"picked":"Whirlwind","floor":2},{"not_picked":["True Grit","Perfected Strike"],"picked":"Feed","floor":3},{"not_picked":["Shockwave","Double Tap"],"picked":"True Grit","floor":7},{"not_picked":["Hemokinesis","Headbutt"],"picked":"Armaments","floor":11},{"not_picked":["Anger","Sword Boomerang"],"picked":"Armaments","floor":11},{"not_picked":["Armaments","Pommel Strike"],"picked":"True Grit","floor":12},{"not_picked":["Thunderclap","Cleave","Rampage"],"picked":"SKIP","floor":12},{"not_picked":["Uppercut","Thunderclap"],"picked":"Feed","floor":13},{"not_picked":["Bloodletting","Intimidate","Body Slam"],"picked":"SKIP","floor":13},{"not_picked":["Twin Strike","Clothesline","Evolve"],"picked":"SKIP","floor":14},{"not_picked":["Pummel","Bloodletting","Havoc"],"picked":"SKIP","floor":14},{"not_picked":["Bludgeon","Exhume"],"picked":"Offering","floor":16},{"not_picked":["Intimidate+1","Warcry","Seeing Red"],"picked":"SKIP","floor":18},{"not_picked":["Twin Strike","Cleave","True Grit"],"picked":"SKIP","floor":18},{"not_picked":["Clothesline","Clash","Heavy Blade+1"],"picked":"SKIP","floor":19},{"not_picked":["Pommel Strike","Perfected Strike","True Grit"],"picked":"SKIP","floor":19},{"not_picked":["Twin Strike","Headbutt+1"],"picked":"Disarm","floor":21},{"not_picked":["Power Through","Thunderclap","Heavy Blade"],"picked":"SKIP","floor":21},{"not_picked":["Clothesline","Exhume","Thunderclap"],"picked":"SKIP","floor":22},{"not_picked":["Sword Boomerang","Shrug It Off","Anger"],"picked":"SKIP","floor":22}],"player_experience":525729,"relics_obtained":[{"floor":7,"key":"Prayer Wheel"},{"floor":9,"key":"Dead Branch"}],"event_choices":[{"damage_healed":0,"gold_gain":0,"player_choice":"Donut","damage_taken":0,"max_hp_gain":5,"max_hp_loss":0,"event_name":"Big Fish","floor":4,"gold_loss":0},{"damage_healed":0,"gold_gain":0,"player_choice":"Grow","damage_taken":0,"max_hp_gain":0,"max_hp_loss":0,"event_name":"Living Wall","floor":5,"gold_loss":0,"cards_upgraded":["Limit Break"]},{"damage_healed":0,"gold_gain":0,"player_choice":"Ignored","damage_taken":0,"max_hp_gain":0,"max_hp_loss":0,"event_name":"Transmorgrifier","floor":20,"gold_loss":0}],"is_beta":false,"boss_relics":[{"not_picked":["Empty Cage","Eternal Feather"],"picked":"Ectoplasm"}],"items_purged_floors":[],"is_endless":false,"potions_floor_spawned":[3,11,14,19],"killed_by":"Gremlin Leader","ascension_level":12}