{"gold_per_floor":[114,114,132,132,152,152,152,167,167,179,26,26],"floor_reached":12,"playtime":785,"items_purged":["Strike_G"],"score":156,"play_id":"c0b296a4-d2ab-4c48-8d0e-7224416e713a","local_time":"20190701214201","is_ascension_mode":true,"campfire_choices":[{"data":"Wraith Form v2","floor":6,"key":"SMITH"}],"neow_cost":"TEN_PERCENT_HP_LOSS","seed_source_timestamp":356678469423346,"circlet_count":0,"master_deck":["AscendersBane","Strike_G","Strike_G","Strike_G","Strike_G","Defend_G","Defend_G","Defend_G","Defend_G","Defend_G","Survivor","Neutralize","Wraith Form v2+1","Quick Slash","Riddle With Holes","All Out Attack+1","Deadly Poison","Poisoned Stab+1","Glass Knife+1"],"relics":["Ring of the Snake","Calipers","Molten Egg 2","Strawberry"],"potions_floor_usage":[7,12],"damage_taken":[{"damage":1,"enemies":"Jaw Worm","floor":1,"turns":5},{"damage":0,"enemies":"Cultist","floor":3,"turns":3},{"damage":5,"enemies":"2 Louse","floor":5,"turns":5},{"damage":30,"enemies":"3 Sentries","floor":7,"turns":4},{"damage":2,"enemies":"2 Fungi Beasts","floor":8,"turns":5},{"damage":0,"enemies":"3 Louse","floor":10,"turns":2},{"damage":17,"enemies":"Lagavulin","floor":12,"turns":5}],"seed_played":"667392745744206021","potions_obtained":[{"floor":1,"key":"SmokeBomb"},{"floor":8,"key":"SpeedPotion"}],"is_trial":false,"path_per_floor":["M","?","M","T","M","R","E","M","T","M","$","E"],"character_chosen":"THE_SILENT","items_purchased":["Glass Knife+1"],"campfire_rested":0,"item_purchase_floors":[11],"current_hp_per_floor":[58,53,53,53,48,48,18,16,23,23,23,6],"gold":26,"neow_bonus":"THREE_RARE_CARDS","is_prod":false,"is_daily":false,"chose_seed":false,"campfire_upgraded":1,"win_rate":0,"timestamp":1562042521,"path_taken":["M","?","M","?","M","R","E","M","T","M","$","E"],"build_version":"2019-07-01","purchased_purges":1,"victory":false,"max_hp_per_floor":[60,60,60,60,60,60,60,60,67,67,67,67],"card_choices":[{"not_picked":["Corpse Explosion","Tools of the Trade"],"picked":"Wraith Form v2","floor":0},{"not_picked":["Distraction","Acrobatics"],"picked":"Quick Slash","floor":1},{"not_picked":["Acrobatics","Terror"],"picked":"Riddle With Holes","floor":3},{"not_picked":["Reflex","Slice+1"],"picked":"All Out Attack+1","floor":5},{"not_picked":["Noxious Fumes","Underhanded Strike+1"],"picked":"Deadly Poison","floor":8},{"not_picked":["Blade Dance","Prepared"],"picked":"Poisoned Stab+1","floor":10}],"player_experience":1372728,"relics_obtained":[{"floor":4,"key":"Molten Egg 2"},{"floor":9,"key":"Strawberry"}],"event_choices":[{"damage_healed":0,"gold_gain":0,"player_choice":"Success","damage_taken":5,"relics_obtained":["Calipers"],"max_hp_gain":0,"max_hp_loss":0,"event_name":"Scrap Ooze","floor":2,"gold_loss":0}],"is_beta":false,"boss_relics":[],"items_purged_floors":[11],"is_endless":false,"potions_floor_spawned":[1,8],"killed_by":"Lagavulin","ascension_level":19}