{"gold_per_floor":[111,61,73,87,87,87,100,127,127,147,179,179,204,2,2,2],"floor_reached":16,"playtime":903,"items_purged":[],"score":239,"play_id":"a2f06f1b-3db1-4728-b846-ca120f403de8","local_time":"20181229152022","is_ascension_mode":true,"campfire_choices":[{"data":"Inflame","floor":6,"key":"SMITH"},{"data":"Limit Break","floor":15,"key":"SMITH"}],"neow_cost":"NONE","seed_source_timestamp":254704904635597,"circlet_count":0,"master_deck":["AscendersBane","Strike_R","Strike_R","Strike_R","Defend_R","Defend_R","Defend_R","Defend_R","Bash","Impatience","Inflame+1","Spot Weakness","Flame Barrier","Offering","Limit Break+1","Sword Boomerang","Cleave","Shrug It Off"],"relics":["Burning Blood","Oddly Smooth Stone","Question Card","Bird Faced Urn","Bottled Lightning","Ornamental Fan","Sling"],"potions_floor_usage":[8,11,13,13],"damage_taken":[{"damage":6,"enemies":"Cultist","floor":1,"turns":3},{"damage":0,"enemies":"Small Slimes","floor":3,"turns":3},{"damage":3,"enemies":"Jaw Worm","floor":4,"turns":4},{"damage":13,"enemies":"Exordium Thugs","floor":7,"turns":3},{"damage":35,"enemies":"Lagavulin","floor":8,"turns":7},{"damage":10,"enemies":"Blue Slaver","floor":10,"turns":3},{"damage":6,"enemies":"Gremlin Nob","floor":11,"turns":2},{"damage":8,"enemies":"Lagavulin","floor":13,"turns":5},{"damage":44,"enemies":"The Guardian","floor":16,"turns":6}],"seed_played":"2172996671657669070","potions_obtained":[{"floor":1,"key":"Energy Potion"},{"floor":7,"key":"SneckoOil"},{"floor":8,"key":"Block Potion"},{"floor":11,"key":"PowerPotion"}],"is_trial":false,"path_per_floor":["M","?","M","M","?","R","M","E","T","M","E","T","E","$","R","B"],"character_chosen":"IRONCLAD","items_purchased":["Sling"],"campfire_rested":0,"item_purchase_floors":[14],"current_hp_per_floor":[72,72,78,80,80,80,73,44,44,40,40,40,42,42,42,0],"gold":2,"neow_bonus":"RANDOM_COLORLESS","is_prod":false,"is_daily":false,"chose_seed":false,"campfire_upgraded":2,"win_rate":0,"timestamp":1546125622,"path_taken":["M","?","M","M","?","R","M","E","T","?","E","?","E","$","R","BOSS"],"build_version":"2018-12-20","purchased_purges":0,"victory":false,"max_hp_per_floor":[80,80,80,80,80,80,80,80,80,80,80,80,80,80,80,80],"card_choices":[{"not_picked":["Headbutt","Searing Blow"],"picked":"Inflame","floor":1},{"not_picked":["True Grit","Twin Strike"],"picked":"Spot Weakness","floor":3},{"not_picked":["Clothesline","Reckless Charge"],"picked":"Flame Barrier","floor":4},{"not_picked":["Armaments","Bloodletting"],"picked":"Limit Break","floor":7},{"not_picked":["Thunderclap","Pommel Strike"],"picked":"Sword Boomerang","floor":8},{"not_picked":["Perfected Strike","Evolve","Twin Strike"],"picked":"Cleave","floor":10},{"not_picked":["Juggernaut","Second Wind","Iron Wave"],"picked":"Shrug It Off","floor":11},{"not_picked":["Combust","Pommel Strike","Flex","Infernal Blade"],"picked":"SKIP","floor":13}],"player_experience":645729,"relics_obtained":[{"floor":8,"key":"Oddly Smooth Stone"},{"floor":9,"key":"Question Card"},{"floor":11,"key":"Bird Faced Urn"},{"floor":12,"key":"Bottled Lightning"},{"floor":13,"key":"Ornamental Fan"}],"event_choices":[{"cards_removed":["Strike_R"],"damage_healed":0,"gold_gain":0,"player_choice":"Card Removal","damage_taken":0,"max_hp_gain":0,"max_hp_loss":0,"event_name":"The Cleric","floor":2,"gold_loss":50},{"damage_healed":0,"gold_gain":0,"cards_transformed":["Strike_R"],"player_choice":"Transformed","damage_taken":0,"max_hp_gain":0,"max_hp_loss":0,"event_name":"Transmorgrifier","floor":5,"gold_loss":0,"cards_obtained":["Offering"]}],"is_beta":false,"boss_relics":[],"items_purged_floors":[],"is_endless":false,"potions_floor_spawned":[1,7,8,11],"killed_by":"The Guardian","ascension_level":13}