{"gold_per_floor":[111,111,111,33,46,56,84,114,114,79,96,116,140,159,159,159],"floor_reached":16,"playtime":991,"items_purged":[],"score":102,"play_id":"004958e7-4dbe-4c23-a8d7-e6c6d5c0f4ce","local_time":"20190701000956","is_ascension_mode":false,"campfire_choices":[{"floor":15,"key":"REST"}],"neow_cost":"NONE","seed_source_timestamp":1096441370422212,"circlet_count":0,"master_deck":["Defend_G+1","Defend_G","Defend_G","Defend_G","Defend_G","Strike_G+1","Strike_G","Strike_G","Strike_G","Strike_G","Survivor","Neutralize","Deadly Poison","Backstab","Crippling Poison","Deadly Poison","Backflip","Dash","Outmaneuver"],"relics":["Ring of the Snake","NeowsBlessing","Mango","Tiny Chest","Letter Opener","Centennial Puzzle"],"potions_floor_usage":[7],"damage_taken":[{"damage":0,"enemies":"Small Slimes","floor":1,"turns":1},{"damage":0,"enemies":"2 Louse","floor":5,"turns":1},{"damage":0,"enemies":"Jaw Worm","floor":6,"turns":1},{"damage":17,"enemies":"Gremlin Nob","floor":7,"turns":5},{"damage":5,"enemies":"2 Fungi Beasts","floor":11,"turns":3},{"damage":15,"enemies":"Exordium Thugs","floor":12,"turns":4},{"damage":19,"enemies":"Large Slime","floor":14,"turns":7},{"damage":38,"enemies":"Slime Boss","floor":16,"turns":5}],"seed_played":"-7478397895878235046","potions_obtained":[{"floor":6,"key":"Block Potion"},{"floor":11,"key":"SpeedPotion"},{"floor":12,"key":"GamblersBrew"}],"is_trial":false,"path_per_floor":["M","?","?","$","M","M","E","?","T","?","M","M","T","M","R","B"],"character_chosen":"THE_SILENT","items_purchased":["Backstab"],"campfire_rested":1,"item_purchase_floors":[4],"current_hp_per_floor":[70,56,56,56,56,56,53,50,50,50,45,30,30,11,36,0],"gold":159,"neow_bonus":"THREE_ENEMY_KILL","is_prod":false,"is_daily":false,"chose_seed":false,"campfire_upgraded":0,"win_rate":0.0,"timestamp":1561957796,"path_taken":["M","?","?","$","M","M","E","?","T","?","M","M","?","M","R","BOSS"],"build_version":"2019-01-23","purchased_purges":0,"victory":false,"max_hp_per_floor":[70,70,70,70,70,70,84,84,84,84,84,84,84,84,84,84],"card_choices":[{"not_picked":["Sucker Punch","Escape Plan"],"picked":"Deadly Poison","floor":1},{"not_picked":["Acrobatics","Bane"],"picked":"Crippling Poison","floor":5},{"not_picked":["Flying Knee","Dagger Spray"],"picked":"Deadly Poison","floor":6},{"not_picked":["Underhanded Strike","Cloak And Dagger"],"picked":"Backflip","floor":7},{"not_picked":["Deflect","Reflex"],"picked":"Dash","floor":11},{"not_picked":["Caltrops","Dagger Spray","Dagger Throw"],"picked":"SKIP","floor":12},{"not_picked":["Bane","Leg Sweep"],"picked":"Outmaneuver","floor":14}],"player_experience":191613,"relics_obtained":[{"floor":7,"key":"Mango"},{"floor":9,"key":"Letter Opener"},{"floor":13,"key":"Centennial Puzzle"}],"event_choices":[{"damage_healed":0,"gold_gain":0,"player_choice":"Entered Light","damage_taken":14,"max_hp_gain":0,"max_hp_loss":0,"event_name":"Shining Light","floor":2,"gold_loss":0,"cards_upgraded":["Defend_G","Strike_G"]},{"damage_healed":0,"gold_gain":0,"player_choice":"Leave","damage_taken":0,"max_hp_gain":0,"max_hp_loss":0,"event_name":"The Cleric","floor":3,"gold_loss":0},{"damage_healed":0,"gold_gain":0,"player_choice":"Success","damage_taken":3,"relics_obtained":["Tiny Chest"],"max_hp_gain":0,"max_hp_loss":0,"event_name":"Scrap Ooze","floor":8,"gold_loss":0},{"damage_healed":0,"gold_gain":0,"player_choice":"Left Gold","damage_taken":0,"max_hp_gain":0,"max_hp_loss":0,"event_name":"World of Goop","floor":10,"gold_loss":35}],"is_beta":false,"boss_relics":[],"items_purged_floors":[],"is_endless":false,"potions_floor_spawned":[6,11,12],"killed_by":"Slime Boss","ascension_level":0}