{"gold_per_floor":[116,132,132,25,25,55,75,75,75,75,93,44,62,96,96,192,192,212,212,21,37,37,37,57,71,71,71],"floor_reached":27,"playtime":2734,"items_purged":[],"score":221,"play_id":"20952e9c-e6b7-4e3a-9f57-214193cddb89","local_time":"20190709160027","is_ascension_mode":false,"campfire_choices":[{"floor":8.0,"key":"REST"},{"floor":15.0,"key":"REST"},{"data":"Envenom","floor":23,"key":"SMITH"}],"neow_cost":"CURSE","seed_source_timestamp":0,"circlet_count":0,"master_deck":["Strike_G","Strike_G","Strike_G+1","Defend_G","Defend_G","Defend_G+1","Defend_G","Defend_G+1","Survivor","Neutralize+1","Clumsy","Dagger Throw","Dagger Throw","Deadly Poison+1","Backflip","Poisoned Stab","Deflect","Poisoned Stab","Backflip","Deadly Poison","Envenom+1","Deadly Poison","Blur+1"],"special_seed":0,"relics":["Ring of the Serpent","Bag of Marbles","War Paint","Odd Mushroom","Whetstone","Oddly Smooth Stone","TwistedFunnel","Ninja Scroll"],"potions_floor_usage":[16],"damage_taken":[{"damage":0.0,"enemies":"Cultist","floor":1.0,"turns":3.0},{"damage":0.0,"enemies":"Small Slimes","floor":2.0,"turns":5.0},{"damage":20.0,"enemies":"3 Sentries","floor":6.0,"turns":10.0},{"damage":27.0,"enemies":"The Mushroom Lair","floor":7.0,"turns":4.0},{"damage":0.0,"enemies":"Jaw Worm","floor":11.0,"turns":2.0},{"damage":0.0,"enemies":"2 Fungi Beasts","floor":13.0,"turns":2.0},{"damage":13.0,"enemies":"Lagavulin","floor":14.0,"turns":5.0},{"damage":61,"enemies":"Slime Boss","floor":16,"turns":13},{"damage":0,"enemies":"Chosen","floor":18,"turns":5},{"damage":1,"enemies":"Spheric Guardian","floor":21,"turns":3},{"damage":9,"enemies":"Chosen and Byrds","floor":24,"turns":5},{"damage":39,"enemies":"3 Cultists","floor":25,"turns":7},{"damage":37,"enemies":"Gremlin Leader","floor":27,"turns":5}],"seed_played":"-5886685554846654834","potions_obtained":[{"floor":1.0,"key":"LiquidBronze"},{"floor":7.0,"key":"FairyPotion"},{"floor":11.0,"key":"GhostInAJar"},{"floor":21,"key":"SpeedPotion"},{"floor":24,"key":"EssenceOfSteel"}],"is_trial":false,"path_per_floor":["M","M","T","$","?","E","?","R","T","?","M","$","M","E","R","B",null,"M","?","$","M","?","R","M","M","T","E"],"character_chosen":"THE_SILENT","items_purchased":["Poisoned Stab","Deflect","Deadly Poison","TwistedFunnel"],"campfire_rested":2,"item_purchase_floors":[4,4,12,20],"current_hp_per_floor":[70,70,70,70,75,55,28,50,50,50,50,50,50,37,59,7,75,75,75,75,74,74,74,65,26,26,0],"gold":71,"neow_bonus":"TRANSFORM_TWO_CARDS","is_prod":false,"is_daily":false,"chose_seed":false,"campfire_upgraded":1,"win_rate":0,"timestamp":1562706027,"path_taken":["M","M","?","$","?","E","?","R","T","?","M","$","M","E","R","BOSS","M","?","$","M","?","R","M","M","T","E"],"build_version":"2019-07-05","purchased_purges":0,"victory":false,"max_hp_per_floor":[70,70,70,70,75,75,75,75,75,75,75,75,75,75,75,75,75,75,75,75,75,75,75,75,75,75,75],"card_choices":[{"not_picked":["PiercingWail","Predator"],"picked":"Deadly Poison","floor":1.0},{"not_picked":["Dagger Spray","Deflect"],"picked":"Backflip","floor":2.0},{"not_picked":["Finisher","Footwork","Acrobatics"],"picked":"SKIP","floor":6.0},{"not_picked":["PiercingWail","Masterful Stab"],"picked":"Poisoned Stab","floor":7.0},{"not_picked":["Quick Slash","Accuracy"],"picked":"Backflip","floor":11.0},{"not_picked":["Riddle With Holes","Blade Dance","Dagger Spray"],"picked":"SKIP","floor":13.0},{"not_picked":["A Thousand Cuts","Backflip","Outmaneuver"],"picked":"SKIP","floor":14.0},{"not_picked":["After Image","Wraith Form v2"],"picked":"Envenom","floor":16},{"not_picked":["Prepared","Bane+1"],"picked":"Deadly Poison","floor":18},{"not_picked":["Concentrate","Underhanded Strike"],"picked":"Blur+1","floor":21},{"not_picked":["Escape Plan","Predator+1","Flying Knee"],"picked":"SKIP","floor":24},{"not_picked":["Quick Slash+1","Underhanded Strike","Prepared"],"picked":"SKIP","floor":25}],"player_experience":309993,"relics_obtained":[{"floor":3.0,"key":"Bag of Marbles"},{"floor":6.0,"key":"War Paint"},{"floor":7.0,"key":"Odd Mushroom"},{"floor":9.0,"key":"Whetstone"},{"floor":14.0,"key":"Oddly Smooth Stone"},{"floor":26,"key":"Ninja Scroll"}],"event_choices":[{"damage_healed":0.0,"max_hp_gain":5.0,"max_hp_loss":0.0,"gold_gain":0.0,"event_name":"Big Fish","player_choice":"Donut","floor":5.0,"gold_loss":0.0,"damage_taken":0.0},{"damage_healed":0.0,"max_hp_gain":0.0,"max_hp_loss":0.0,"gold_gain":0.0,"event_name":"Mushrooms","player_choice":"Fought Mushrooms","floor":7.0,"gold_loss":0.0,"damage_taken":0.0},{"damage_healed":0.0,"max_hp_gain":0.0,"max_hp_loss":0.0,"gold_gain":0.0,"event_name":"Living Wall","player_choice":"Grow","floor":10.0,"gold_loss":0.0,"damage_taken":0.0,"cards_upgraded":["Deadly Poison"]},{"damage_healed":0,"gold_gain":0,"player_choice":"Ignored","damage_taken":0,"max_hp_gain":0,"max_hp_loss":0,"event_name":"Beggar","floor":19,"gold_loss":0},{"damage_healed":0,"gold_gain":0,"player_choice":"Ignored","damage_taken":0,"max_hp_gain":0,"max_hp_loss":0,"event_name":"Ghosts","floor":22,"gold_loss":0}],"is_beta":false,"boss_relics":[{"not_picked":["WristBlade","Runic Dome"],"picked":"Ring of the Serpent"}],"items_purged_floors":[],"is_endless":false,"potions_floor_spawned":[1,7,11,21,24],"killed_by":"Gremlin Leader","ascension_level":0}