{"gold_per_floor":[118,193,206,206,15,15,42,42,88,88,88,99,113,123,123,224,224,244,254,234,246,171,171],"floor_reached":23,"playtime":2372,"items_purged":["Well Laid Plans"],"score":191,"play_id":"e73e692b-e50e-4925-9530-a5f6a36cb192","local_time":"20180626222828","is_ascension_mode":false,"campfire_choices":[{"data":"Flechettes","floor":6,"key":"SMITH"},{"floor":10,"key":"REST"},{"floor":15,"key":"REST"}],"neow_cost":"NONE","seed_source_timestamp":691828361614239,"circlet_count":0,"master_deck":["Defend_G","Defend_G","Defend_G","Defend_G","Strike_G","Strike_G","Strike_G","Strike_G","Strike_G","Survivor","Neutralize","Flechettes+1","Backstab+1","Blade Dance","Dagger Throw","Acrobatics","Masterful Stab","Burst","Eviscerate+1","Expertise","Dagger Throw"],"relics":["Ring of the Snake","Lee\u0027s Waffle","Lantern","Pen Nib","Runic Pyramid"],"potions_floor_usage":[16,16,16],"damage_taken":[{"damage":0,"enemies":"Small Slimes","floor":1,"turns":4},{"damage":0,"enemies":"Cultist","floor":3,"turns":2},{"damage":43,"enemies":"Gremlin Nob","floor":7,"turns":5},{"damage":0,"enemies":"Jaw Worm","floor":12,"turns":1},{"damage":6,"enemies":"Large Slime","floor":13,"turns":5},{"damage":3,"enemies":"Lots of Slimes","floor":14,"turns":3},{"damage":71,"enemies":"The Guardian","floor":16,"turns":11},{"damage":2,"enemies":"2 Thieves","floor":18,"turns":4},{"damage":27,"enemies":"Chosen","floor":19,"turns":4},{"damage":22,"enemies":"3 Cultists","floor":21,"turns":5},{"damage":34,"enemies":"Sentry and Sphere","floor":23,"turns":5}],"seed_played":"3816631432226080052","potions_obtained":[{"floor":7,"key":"Dexterity Potion"},{"floor":12,"key":"Regen Potion"},{"floor":14,"key":"Fire Potion"},{"floor":16,"key":"Swift Potion"},{"floor":19,"key":"GhostInAJar"},{"floor":20,"key":"Poison Potion"},{"floor":21,"key":"Strength Potion"}],"is_trial":false,"path_per_floor":["M","?","M","?","$","R","E","?","T","R","$","M","M","M","R","B",null,"M","M","?","M","$"],"character_chosen":"THE_SILENT","items_purchased":["Lee\u0027s Waffle"],"campfire_rested":2,"item_purchase_floors":[5],"current_hp_per_floor":[70,59,59,64,82,82,39,39,39,63,63,63,57,54,78,12,82,80,53,53,31,31,0],"gold":171,"neow_bonus":"TRANSFORM_CARD","is_prod":false,"is_daily":false,"chose_seed":false,"campfire_upgraded":1,"win_rate":0.0,"timestamp":1530077308,"path_taken":["M","?","M","?","$","R","E","?","T","R","?","M","M","M","R","BOSS","M","M","?","M","?","M"],"build_version":"2018-06-21v2","purchased_purges":1,"victory":false,"max_hp_per_floor":[70,70,70,75,82,82,82,82,82,82,82,82,82,82,82,82,82,82,82,82,82,82,82],"card_choices":[{"not_picked":["Acrobatics","Calculated Gamble"],"picked":"Backstab","floor":1},{"not_picked":["Sucker Punch","Riddle With Holes"],"picked":"Blade Dance","floor":3},{"not_picked":["Deflect","Acrobatics"],"picked":"Dagger Throw","floor":7},{"not_picked":["PiercingWail","Prepared"],"picked":"Well Laid Plans","floor":12},{"not_picked":["Expertise","Outmaneuver"],"picked":"Acrobatics","floor":13},{"not_picked":["Poisoned Stab","A Thousand Cuts"],"picked":"Masterful Stab","floor":14},{"not_picked":["Night Terror","Tools of the Trade"],"picked":"Burst","floor":16},{"not_picked":["Crippling Poison+1","Slice"],"picked":"Eviscerate+1","floor":18},{"not_picked":["Riddle With Holes","Flying Knee"],"picked":"Expertise","floor":19},{"not_picked":["Deadly Poison","Flying Knee"],"picked":"Dagger Throw","floor":21}],"player_experience":1434,"relics_obtained":[{"floor":7,"key":"Lantern"},{"floor":9,"key":"Pen Nib"}],"event_choices":[{"event_name":"World of Goop","player_choice":"Gather Gold","floor":2,"damage_taken":0},{"event_name":"Big Fish","player_choice":"Donut","floor":4,"damage_taken":0},{"event_name":"Living Wall","player_choice":"Grow","floor":8,"damage_taken":0},{"event_name":"The Woman in Blue","player_choice":"Bought 1 Potion","floor":20,"damage_taken":0}],"boss_relics":[{"not_picked":["Black Star","Tiny House"],"picked":"Runic Pyramid"}],"items_purged_floors":[22],"is_endless":false,"potions_floor_spawned":[7,12,14,16,19,21],"killed_by":"Sentry and Sphere","ascension_level":0}