{"gold_per_floor":[10,10,27,27,54,54,64,139,162,162,7,33,33,33,33,132,132,150,150,161,161,161,161,172,182,207,223,43,56,56,74,74,170,220,238,238,250,45,45,45,7,54,54,0,16,16,16,31,31,31],"floor_reached":51,"playtime":2475,"items_purged":["Strike_B","Gash"],"score":700,"play_id":"5f1db413-3f34-4519-b841-c92493e03a37","local_time":"20181110234908","is_ascension_mode":true,"campfire_choices":[{"data":"Zap","floor":6,"key":"SMITH"},{"data":"Storm","floor":10,"key":"SMITH"},{"data":"Static Discharge","floor":13,"key":"SMITH"},{"floor":15,"key":"REST"},{"data":"Dualcast","floor":23,"key":"SMITH"},{"data":"Lockon","floor":30,"key":"SMITH"},{"data":"Biased Cognition","floor":32,"key":"SMITH"},{"data":"Storm","floor":40,"key":"SMITH"},{"floor":49,"key":"REST"}],"neow_cost":"NO_GOLD","seed_source_timestamp":125543810782222,"circlet_count":0,"master_deck":["Defend_B+1","Defend_B+1","Defend_B+1","Defend_B+1","Dualcast+1","Redo+1","Self Repair+1","Steam Power+1","Storm+1","Static Discharge+1","Multi-Cast+1","Machine Learning+1","Auto Shields+1","RitualDagger+1","Lockon+1","Heatsinks+1","Biased Cognition+1","Echo Form+1","Undo+1","Defragment+1","Biased Cognition+1","Storm+1","Defragment+1","Heatsinks+1","Storm+1","Heatsinks+1"],"relics":["Cracked Core","Strawberry","Lantern","Gambling Chip","White Beast Statue","Blood Vial","Ancient Tea Set","Tiny House","Sling","Pocketwatch","Bag of Marbles","Potion Belt","Mark of the Bloom"],"potions_floor_usage":[16,24,25,25,29,31,33,39,50,50,50,50,50],"damage_taken":[{"damage":0,"enemies":"2 Louse","floor":1,"turns":2},{"damage":1,"enemies":"Jaw Worm","floor":3,"turns":2},{"damage":0,"enemies":"Small Slimes","floor":7,"turns":2},{"damage":26,"enemies":"3 Sentries","floor":12,"turns":5},{"damage":25,"enemies":"The Guardian","floor":16,"turns":7},{"damage":28,"enemies":"2 Thieves","floor":18,"turns":4},{"damage":5,"enemies":"3 Byrds","floor":20,"turns":1},{"damage":15,"enemies":"Snecko","floor":24,"turns":3},{"damage":12,"enemies":"Centurion and Healer","floor":25,"turns":3},{"damage":0,"enemies":"Snake Plant","floor":27,"turns":2},{"damage":10,"enemies":"Cultist and Chosen","floor":29,"turns":3},{"damage":24,"enemies":"Centurion and Healer","floor":31,"turns":4},{"damage":17,"enemies":"Champ","floor":33,"turns":5},{"damage":15,"enemies":"3 Darklings","floor":35,"turns":2},{"damage":19,"enemies":"3 Shapes","floor":37,"turns":3},{"damage":10,"enemies":"Writhing Mass","floor":39,"turns":2},{"damage":15,"enemies":"2 Orb Walkers","floor":42,"turns":2},{"damage":26,"enemies":"3 Darklings","floor":45,"turns":4},{"damage":1,"enemies":"Sphere and 2 Shapes","floor":48,"turns":2},{"damage":26,"enemies":"Awakened One","floor":50,"turns":4}],"seed_played":"-4711879906268825437","potions_obtained":[{"floor":3,"key":"Weak Potion"},{"floor":16,"key":"SteroidPotion"},{"floor":18,"key":"Dexterity Potion"},{"floor":20,"key":"PowerPotion"},{"floor":24,"key":"SkillPotion"},{"floor":25,"key":"SmokeBomb"},{"floor":27,"key":"FearPotion"},{"floor":29,"key":"Explosive Potion"},{"floor":31,"key":"Dexterity Potion"},{"floor":33,"key":"SpeedPotion"},{"floor":35,"key":"Weak Potion"},{"floor":42,"key":"FearPotion"},{"floor":45,"key":"Dexterity Potion"},{"floor":48,"key":"PowerPotion"}],"is_trial":false,"path_per_floor":["M","?","M","?","T","R","M","?","T","R","$","E","R","?","R","B",null,"M","?","M","?","T","R","M","M","T","M","$","M","R","M","R","B",null,"M","?","M","$","M","R","$","?","T","?","M","?","?","M","R","B",null],"character_chosen":"DEFECT","items_purchased":["Static Discharge","Defragment","Sling","Heatsinks"],"campfire_rested":2,"item_purchase_floors":[11,28,38,41],"current_hp_per_floor":[75,75,74,67,74,74,81,70,70,70,70,51,51,35,59,44,82,64,58,63,63,63,63,70,70,70,72,72,64,64,62,62,57,87,82,87,78,78,80,80,80,67,67,67,53,53,53,52,52,26],"gold":31,"neow_bonus":"TRANSFORM_TWO_CARDS","is_prod":false,"is_daily":false,"chose_seed":false,"campfire_upgraded":7,"win_rate":0,"timestamp":1541922548,"path_taken":["M","?","M","?","?","R","M","?","T","R","$","E","R","?","R","BOSS","M","?","M","?","?","R","M","M","T","M","$","?","R","M","R","BOSS","M","?","M","$","M","R","?","?","T","?","?","?","?","M","R","BOSS"],"build_version":"2018-11-08","purchased_purges":2,"victory":true,"max_hp_per_floor":[75,75,75,75,82,82,82,82,82,82,82,82,82,82,82,82,82,82,82,82,82,82,82,82,82,82,82,82,82,82,82,82,82,87,87,87,87,87,87,87,87,87,87,87,87,87,87,87,87,87],"card_choices":[{"not_picked":["Rip and Tear","Redo"],"picked":"Gash","floor":1},{"not_picked":["Rip and Tear","Turbo"],"picked":"Steam Power","floor":3},{"not_picked":["Cold Snap","Rebound"],"picked":"Storm","floor":7},{"not_picked":["Rip and Tear","Fission"],"picked":"Multi-Cast","floor":12},{"not_picked":["Hyperbeam","Reboot"],"picked":"Machine Learning","floor":16},{"not_picked":["Turbo","Streamline"],"picked":"Auto Shields","floor":18},{"not_picked":["Turbo","Leap"],"picked":"Lockon","floor":20},{"not_picked":["Streamline","Sweeping Beam+1"],"picked":"Biased Cognition","floor":24},{"not_picked":["Leap","Ball Lightning+1"],"picked":"Echo Form","floor":25},{"not_picked":["Steam+1","Chill+1"],"picked":"Undo","floor":27},{"not_picked":["FTL","Redo","Blizzard+1"],"picked":"SKIP","floor":29},{"not_picked":["Go for the Eyes+1","Skim","Coolheaded"],"picked":"SKIP","floor":31},{"not_picked":["Reboot","Multi-Cast"],"picked":"Biased Cognition","floor":33},{"not_picked":["Compile Driver","Steam Power+1"],"picked":"Storm","floor":34},{"not_picked":["Glacier+1","Gash+1","Turbo"],"picked":"SKIP","floor":35},{"not_picked":["Ball Lightning","Amplify"],"picked":"Defragment","floor":37},{"not_picked":["Doom and Gloom","Barrage+1"],"picked":"Storm+1","floor":45},{"not_picked":["Redo","FTL+1"],"picked":"Heatsinks+1","floor":48}],"player_experience":338703,"relics_obtained":[{"floor":5,"key":"Strawberry"},{"floor":9,"key":"Lantern"},{"floor":12,"key":"Gambling Chip"},{"floor":22,"key":"Blood Vial"},{"floor":26,"key":"Ancient Tea Set"},{"floor":42,"key":"Pocketwatch"},{"floor":43,"key":"Bag of Marbles"}],"event_choices":[{"damage_healed":0,"gold_gain":0,"player_choice":"Leave","damage_taken":0,"max_hp_gain":0,"max_hp_loss":0,"event_name":"The Cleric","floor":2,"gold_loss":0},{"cards_removed":["Strike_B"],"damage_healed":0,"gold_gain":0,"player_choice":"Card Removal","damage_taken":7,"max_hp_gain":0,"max_hp_loss":0,"event_name":"Golden Wing","floor":4,"gold_loss":0},{"damage_healed":0,"gold_gain":75,"player_choice":"Gather Gold","damage_taken":11,"max_hp_gain":0,"max_hp_loss":0,"event_name":"World of Goop","floor":8,"gold_loss":0},{"damage_healed":0,"gold_gain":0,"player_choice":"Entered Light","damage_taken":16,"max_hp_gain":0,"max_hp_loss":0,"event_name":"Shining Light","floor":14,"gold_loss":0,"cards_upgraded":["Defend_B","Self Repair"]},{"damage_healed":0,"gold_gain":0,"player_choice":"Joined the Cult","damage_taken":6,"max_hp_gain":0,"max_hp_loss":0,"event_name":"Nest","floor":19,"gold_loss":0,"cards_obtained":["RitualDagger"]},{"damage_healed":0,"gold_gain":0,"player_choice":"Read","damage_taken":0,"max_hp_gain":0,"max_hp_loss":0,"event_name":"The Library","floor":21,"gold_loss":0,"cards_obtained":["Heatsinks"]},{"damage_healed":5,"gold_gain":0,"player_choice":"Full Heal","damage_taken":0,"max_hp_gain":0,"max_hp_loss":0,"event_name":"Wheel of Change","floor":36,"gold_loss":0},{"damage_healed":0,"gold_gain":0,"player_choice":"Fight","damage_taken":0,"max_hp_gain":0,"max_hp_loss":0,"event_name":"Mysterious Sphere","floor":42,"gold_loss":0},{"damage_healed":0,"gold_gain":0,"player_choice":"Paid Gold","damage_taken":0,"relics_obtained":["Potion Belt"],"max_hp_gain":0,"max_hp_loss":0,"event_name":"WeMeetAgain","floor":44,"gold_loss":54},{"damage_healed":0,"gold_gain":0,"player_choice":"Upgrade","damage_taken":0,"relics_obtained":["Mark of the Bloom"],"max_hp_gain":0,"max_hp_loss":0,"event_name":"MindBloom","floor":46,"gold_loss":0,"cards_upgraded":["Defend_B","Defend_B","Defend_B","Redo","Steam Power","Multi-Cast","Machine Learning","RitualDagger","Heatsinks","Echo Form","Undo","Defragment","Biased Cognition","Defragment","Heatsinks"]},{"cards_removed":["Zap"],"damage_healed":0,"gold_gain":0,"player_choice":"Removed Skill","damage_taken":0,"max_hp_gain":0,"max_hp_loss":0,"event_name":"Falling","floor":47,"gold_loss":0}],"is_beta":false,"boss_relics":[{"not_picked":["Astrolabe","FrozenCore"],"picked":"White Beast Statue"},{"not_picked":["Lizard Tail","Black Star"],"picked":"Tiny House"}],"items_purged_floors":[11,28],"is_endless":false,"potions_floor_spawned":[3,16,18,20,24,25,27,29,31,33,35,37,39,42,45,48],"ascension_level":1}