{"gold_per_floor":[112,40,40,50,150,150,160,160,184,198,223,242,242,255,255,352,352,372,387,412,412,17,17,71,71,117,133,152,187,187,202,202,202],"floor_reached":33,"playtime":37325,"items_purged":["Strike_B"],"score":280,"play_id":"b79fde11-bfd2-4d92-9968-a64ae212a1b8","local_time":"20190324125544","is_ascension_mode":true,"campfire_choices":[{"data":"Rainbow","floor":6,"key":"SMITH"},{"data":"White Noise","floor":8,"key":"SMITH"},{"data":"Self Repair","floor":13,"key":"SMITH"},{"data":"Barrage","floor":15,"key":"SMITH"},{"data":"Rainbow","floor":23,"key":"SMITH"},{"data":"Loop","floor":25,"key":"SMITH"},{"floor":30,"key":"DIG"},{"floor":32,"key":"DIG"}],"neow_cost":"TEN_PERCENT_HP_LOSS","seed_source_timestamp":307534456558218,"circlet_count":0,"master_deck":["Strike_B","Defend_B","Defend_B","Defend_B","Defend_B","Zap","Dualcast","Core Surge","Rainbow+1","Melter","Static Discharge","Zap","FTL","Self Repair+1","White Noise+1","Barrage+1","Electrodynamics","Ball Lightning+1","Rainbow+1","Loop+1","White Noise","Static Discharge+1"],"relics":["Cracked Core","Strawberry","Potion Belt","Nuclear Battery","Red Mask","Membership Card","Matryoshka","Smiling Mask","Bag of Marbles","Dream Catcher","Lantern","Shovel","Frozen Egg 2","Omamori"],"potions_floor_usage":[16,33,33,33,33,33],"damage_taken":[{"damage":1,"enemies":"Small Slimes","floor":1,"turns":3},{"damage":0,"enemies":"Cultist","floor":4,"turns":2},{"damage":6,"enemies":"Jaw Worm","floor":7,"turns":3},{"damage":25,"enemies":"Exordium Wildlife","floor":10,"turns":4},{"damage":31,"enemies":"3 Sentries","floor":11,"turns":5},{"damage":13,"enemies":"Blue Slaver","floor":12,"turns":2},{"damage":5,"enemies":"Exordium Thugs","floor":14,"turns":3},{"damage":23,"enemies":"Hexaghost","floor":16,"turns":7},{"damage":0,"enemies":"3 Byrds","floor":18,"turns":2},{"damage":10,"enemies":"Spheric Guardian","floor":19,"turns":3},{"damage":27,"enemies":"Masked Bandits","floor":20,"turns":3},{"damage":0,"enemies":"Snake Plant","floor":27,"turns":2},{"damage":21,"enemies":"Centurion and Healer","floor":28,"turns":4},{"damage":24,"enemies":"Gremlin Leader","floor":29,"turns":5},{"damage":27,"enemies":"3 Cultists","floor":31,"turns":5},{"damage":67,"enemies":"Automaton","floor":33,"turns":6}],"seed_played":"1244675086745901211","potions_obtained":[{"floor":4,"key":"Block Potion"},{"floor":11,"key":"Swift Potion"},{"floor":12,"key":"AttackPotion"},{"floor":14,"key":"Fruit Juice"},{"floor":19,"key":"LiquidBronze"},{"floor":27,"key":"Weak Potion"},{"floor":28,"key":"Energy Potion"},{"floor":31,"key":"SpeedPotion"}],"is_trial":false,"path_per_floor":["M","$","?","M","?","R","M","R","T","M","E","M","R","M","R","B",null,"M","M","?","?","$","R","T","R","T","M","M","E","R","M","R","B"],"character_chosen":"DEFECT","items_purchased":["Static Discharge","Membership Card","Matryoshka","Loop"],"campfire_rested":0,"item_purchase_floors":[2,22,22,22],"current_hp_per_floor":[67,67,67,67,67,67,68,68,75,57,33,27,27,32,32,14,80,80,80,63,63,63,63,63,63,63,63,52,48,48,31,31,0],"gold":202,"neow_bonus":"TRANSFORM_TWO_CARDS","is_prod":false,"is_daily":false,"chose_seed":false,"campfire_upgraded":6,"win_rate":0,"timestamp":1553457344,"path_taken":["M","$","?","?","?","R","M","R","T","M","E","M","R","M","R","BOSS","M","M","?","?","?","R","?","R","T","M","?","E","R","M","R","BOSS"],"build_version":"2019-01-23","purchased_purges":1,"victory":false,"max_hp_per_floor":[68,68,68,68,68,68,68,68,75,75,75,75,75,75,75,80,80,80,80,80,80,80,80,80,80,80,80,80,80,80,80,80,80],"card_choices":[{"not_picked":["Gash","Steam Power"],"picked":"Melter","floor":1},{"not_picked":["Leap","Gash"],"picked":"Self Repair","floor":4},{"not_picked":["Gash","Turbo"],"picked":"White Noise","floor":7},{"not_picked":["Sweeping Beam","Gash","Aggregate"],"picked":"SKIP","floor":10},{"not_picked":["Compile Driver","Skim","Consume"],"picked":"SKIP","floor":11},{"not_picked":["Conserve Battery","Hologram","Compile Driver"],"picked":"SKIP","floor":12},{"not_picked":["Core Surge","Fusion"],"picked":"Barrage","floor":14},{"not_picked":["Fission","Multi-Cast"],"picked":"Electrodynamics","floor":16},{"not_picked":["Aggregate","Coolheaded"],"picked":"Ball Lightning+1","floor":18},{"not_picked":["Compile Driver","Stack+1","Go for the Eyes+1"],"picked":"SKIP","floor":19},{"not_picked":["Turbo","Chill+1"],"picked":"Rainbow","floor":20},{"not_picked":["Turbo","Beam Cell","Chill+1"],"picked":"SKIP","floor":27},{"not_picked":["Stack","Conserve Battery","Skim"],"picked":"SKIP","floor":28},{"not_picked":["Static Discharge","Doom and Gloom+1"],"picked":"White Noise","floor":29},{"not_picked":["Turbo+1","Hologram"],"picked":"Static Discharge+1","floor":31}],"player_experience":120720,"relics_obtained":[{"floor":9,"key":"Strawberry"},{"floor":11,"key":"Potion Belt"},{"floor":20,"key":"Red Mask"},{"floor":24,"key":"Smiling Mask"},{"floor":24,"key":"Bag of Marbles"},{"floor":26,"key":"Dream Catcher"},{"floor":26,"key":"Lantern"},{"floor":29,"key":"Shovel"},{"floor":30,"key":"Frozen Egg 2"},{"floor":32,"key":"Omamori"}],"event_choices":[{"damage_healed":0,"gold_gain":0,"player_choice":"2 cards matched","damage_taken":0,"max_hp_gain":0,"max_hp_loss":0,"event_name":"Match and Keep!","floor":3,"gold_loss":0,"cards_obtained":["Zap","FTL"]},{"damage_healed":0,"gold_gain":100,"player_choice":"Gold","damage_taken":0,"max_hp_gain":0,"max_hp_loss":0,"event_name":"Wheel of Change","floor":5,"gold_loss":0},{"damage_healed":0,"gold_gain":0,"player_choice":"Fought Bandits","damage_taken":0,"max_hp_gain":0,"max_hp_loss":0,"event_name":"Masked Bandits","floor":20,"gold_loss":0},{"damage_healed":0,"gold_gain":0,"player_choice":"Ignored","damage_taken":0,"max_hp_gain":0,"max_hp_loss":0,"event_name":"Vampires","floor":21,"gold_loss":0}],"is_beta":false,"boss_relics":[{"not_picked":["Runic Dome","White Beast Statue"],"picked":"Nuclear Battery"}],"items_purged_floors":[22],"is_endless":false,"potions_floor_spawned":[4,11,12,14,19,27,28,31],"killed_by":"Automaton","ascension_level":1}