{"gold_per_floor":[115,135,155,80,97,97,130,130,130,149,162,197,197,197],"floor_reached":14,"playtime":3210,"items_purged":[],"score":199,"play_id":"50eb2772-3e0e-430e-830b-ffec49b94a01","local_time":"20190630181817","is_ascension_mode":true,"campfire_choices":[{"data":"Sucker Punch","floor":6.0,"key":"SMITH"},{"data":"Poisoned Stab","floor":8.0,"key":"SMITH"}],"neow_cost":"NONE","seed_source_timestamp":0,"circlet_count":0,"master_deck":["AscendersBane","Defend_G","Defend_G","Defend_G","Defend_G","Defend_G","Strike_G","Strike_G","Strike_G","Strike_G","Survivor","Neutralize","Quick Slash","Dagger Throw","Poisoned Stab+1","Sucker Punch+1","Night Terror+1","Blade Dance","Endless Agony+1","Wraith Form v2+1"],"special_seed":0,"relics":["Ring of the Snake","Molten Egg 2","Frozen Egg 2","Darkstone Periapt"],"potions_floor_usage":[12],"damage_taken":[{"damage":5.0,"enemies":"Small Slimes","floor":1.0,"turns":6.0},{"damage":0.0,"enemies":"Jaw Worm","floor":2.0,"turns":4.0},{"damage":0.0,"enemies":"Cultist","floor":3.0,"turns":3.0},{"damage":3.0,"enemies":"3 Louse","floor":5.0,"turns":5.0},{"damage":24.0,"enemies":"Gremlin Nob","floor":7.0,"turns":4.0},{"damage":0.0,"enemies":"Looter","floor":10.0,"turns":3.0},{"damage":17.0,"enemies":"Exordium Thugs","floor":11.0,"turns":5.0},{"damage":15,"enemies":"3 Sentries","floor":12,"turns":10},{"damage":1,"enemies":"Blue Slaver","floor":14,"turns":1}],"seed_played":"6383154870165976352","potions_obtained":[{"floor":1.0,"key":"AttackPotion"},{"floor":2.0,"key":"SpeedPotion"},{"floor":7.0,"key":"EntropicBrew"}],"is_trial":false,"path_per_floor":["M","M","M","?","M","R","E","R","T","M","M","E","?","M"],"character_chosen":"THE_SILENT","items_purchased":[],"campfire_rested":0,"item_purchase_floors":[],"current_hp_per_floor":[60,60,60,60,57,57,33,33,33,33,16,1,1,0],"gold":197,"neow_bonus":"TEN_PERCENT_HP_BONUS","is_prod":false,"is_daily":false,"chose_seed":false,"campfire_upgraded":2,"win_rate":0,"timestamp":1561943897,"path_taken":["M","M","M","?","M","R","E","R","T","M","M","E","?","M"],"build_version":"2019-01-23","purchased_purges":0,"victory":false,"max_hp_per_floor":[72,72,72,72,72,72,72,72,72,72,72,72,72,72],"card_choices":[{"not_picked":["Eviscerate","Expertise"],"picked":"Quick Slash","floor":1.0},{"not_picked":["Quick Slash","Eviscerate"],"picked":"Dagger Throw","floor":2.0},{"not_picked":["Backflip","Quick Slash"],"picked":"Poisoned Stab","floor":3.0},{"not_picked":["Setup","Cloak And Dagger"],"picked":"Sucker Punch","floor":5.0},{"not_picked":["Flechettes","Backflip"],"picked":"Night Terror","floor":7.0},{"not_picked":["Underhanded Strike+1","Deflect"],"picked":"Blade Dance","floor":10.0},{"not_picked":["Backflip","Bane+1"],"picked":"Endless Agony+1","floor":11.0},{"not_picked":["Deflect","Acrobatics"],"picked":"Wraith Form v2+1","floor":12}],"player_experience":1365624,"relics_obtained":[{"floor":7.0,"key":"Molten Egg 2"},{"floor":9.0,"key":"Frozen Egg 2"},{"floor":12,"key":"Darkstone Periapt"}],"event_choices":[{"cards_removed":["Strike_G"],"damage_healed":0.0,"max_hp_gain":0.0,"max_hp_loss":0.0,"gold_gain":0.0,"event_name":"The Cleric","player_choice":"Card Removal","floor":4.0,"gold_loss":75.0,"damage_taken":0.0},{"damage_healed":0,"gold_gain":0,"player_choice":"Grow","damage_taken":0,"max_hp_gain":0,"max_hp_loss":0,"event_name":"Living Wall","floor":13,"gold_loss":0,"cards_upgraded":["Night Terror"]}],"is_beta":false,"boss_relics":[],"items_purged_floors":[],"is_endless":false,"potions_floor_spawned":[1,2,7],"killed_by":"Blue Slaver","ascension_level":19}