{"gold_per_floor":[118,130,143,155,172,172,190,202,202,202,220,240,240,240,240,366,366,384,294,319,173,173,246,246,267,291,291,335,335,359,359],"floor_reached":31,"playtime":1692,"items_purged":["Strike_B"],"score":285,"play_id":"cfa8b89b-a292-443a-a7b7-80fe85e29b16","local_time":"20190413155326","is_ascension_mode":true,"campfire_choices":[{"data":"Conserve Battery","floor":6,"key":"SMITH"},{"floor":10,"key":"REST"},{"floor":13,"key":"REST"},{"data":"Chill","floor":15,"key":"SMITH"},{"data":"Redo","floor":24,"key":"SMITH"},{"floor":27,"key":"REST"},{"floor":29,"key":"REST"}],"neow_cost":"NONE","seed_source_timestamp":122977937307744,"circlet_count":0,"master_deck":["Strike_B","Strike_B","Defend_B","Defend_B","Defend_B","Defend_B","Zap","Dualcast+1","Amplify","Redo+1","Conserve Battery+1","Ball Lightning","All For One","Storm","Coolheaded","Chill+1","Thunder Strike+1","Ball Lightning+1","Melter+1","Defragment","Clumsy","Self Repair"],"relics":["Cracked Core","Molten Egg 2","Golden Idol","Cursed Key","Tiny Chest","Ancient Tea Set","Gambling Chip"],"potions_floor_usage":[16,16,16,23,28,28],"damage_taken":[{"damage":6,"enemies":"Jaw Worm","floor":1,"turns":3},{"damage":8,"enemies":"2 Louse","floor":2,"turns":3},{"damage":1,"enemies":"Cultist","floor":3,"turns":4},{"damage":17,"enemies":"Large Slime","floor":4,"turns":6},{"damage":14,"enemies":"Lots of Slimes","floor":5,"turns":4},{"damage":19,"enemies":"Exordium Thugs","floor":7,"turns":4},{"damage":3,"enemies":"Large Slime","floor":8,"turns":6},{"damage":14,"enemies":"Exordium Wildlife","floor":11,"turns":6},{"damage":10,"enemies":"Looter","floor":12,"turns":3},{"damage":26,"enemies":"Slime Boss","floor":16,"turns":13},{"damage":11,"enemies":"Shell Parasite","floor":18,"turns":5},{"damage":0,"enemies":"Chosen","floor":20,"turns":3},{"damage":40,"enemies":"Slavers","floor":23,"turns":5},{"damage":18,"enemies":"Centurion and Healer","floor":25,"turns":8},{"damage":9,"enemies":"Book of Stabbing","floor":28,"turns":5},{"damage":20,"enemies":"Snake Plant","floor":30,"turns":4},{"damage":18,"enemies":"Slavers","floor":31,"turns":2}],"seed_played":"-2464989278207787269","potions_obtained":[{"floor":4,"key":"Strength Potion"},{"floor":7,"key":"FocusPotion"},{"floor":8,"key":"LiquidBronze"},{"floor":11,"key":"SpeedPotion"},{"floor":18,"key":"Regen Potion"},{"floor":20,"key":"Block Potion"},{"floor":22,"key":"Block Potion"},{"floor":28,"key":"Energy Potion"}],"is_trial":false,"path_per_floor":["M","M","M","M","M","R","M","M","T","R","M","M","R","?","R","B",null,"M","?","M","$","?","E","R","M","T","R","E","R","M","E"],"character_chosen":"DEFECT","items_purchased":["Melter+1"],"campfire_rested":4,"item_purchase_floors":[21],"current_hp_per_floor":[69,61,60,43,29,29,10,7,7,29,15,5,27,27,27,1,69,58,58,58,58,58,23,23,5,5,25,16,36,16,0],"gold":359,"neow_bonus":"ONE_RANDOM_RARE_CARD","is_prod":false,"is_daily":false,"chose_seed":false,"campfire_upgraded":3,"win_rate":0,"timestamp":1555196006,"path_taken":["M","M","M","M","M","R","M","M","T","R","M","M","R","?","R","BOSS","M","?","?","$","?","E","R","?","T","R","E","R","M","E"],"build_version":"2019-01-23","purchased_purges":1,"victory":false,"max_hp_per_floor":[75,75,75,75,75,75,75,75,75,75,75,75,75,69,69,69,69,69,69,69,69,69,69,69,69,69,69,69,69,69,69],"card_choices":[{"not_picked":["Barrage","Sweeping Beam"],"picked":"Redo","floor":1},{"not_picked":["Genetic Algorithm","Barrage"],"picked":"Conserve Battery","floor":2},{"not_picked":["Sweeping Beam","Go for the Eyes"],"picked":"Ball Lightning","floor":3},{"not_picked":["Hologram","Stack"],"picked":"All For One","floor":4},{"not_picked":["Recycle","Ball Lightning"],"picked":"Storm","floor":5},{"not_picked":["Turbo","Blizzard","Steam Power"],"picked":"SKIP","floor":7},{"not_picked":["Sweeping Beam","Heatsinks","Streamline"],"picked":"SKIP","floor":8},{"not_picked":["Hologram","Skim"],"picked":"Coolheaded","floor":11},{"not_picked":["Sweeping Beam+1","Ball Lightning+1"],"picked":"Chill","floor":12},{"not_picked":["Amplify","Hyperbeam+1"],"picked":"Thunder Strike+1","floor":16},{"not_picked":["Barrage+1","Streamline+1"],"picked":"Ball Lightning+1","floor":18},{"not_picked":["Leap","Gash+1","Stack"],"picked":"SKIP","floor":20},{"not_picked":["Sweeping Beam+1","Amplify","Rebound+1"],"picked":"SKIP","floor":23},{"not_picked":["Leap","Cold Snap+1"],"picked":"Defragment","floor":25},{"not_picked":["Heatsinks+1","Thunder Strike+1","Compile Driver+1"],"picked":"SKIP","floor":28},{"not_picked":["Double Energy+1","Force Field"],"picked":"Self Repair","floor":30}],"player_experience":171614,"relics_obtained":[{"floor":9,"key":"Molten Egg 2"},{"floor":23,"key":"Tiny Chest"},{"floor":26,"key":"Ancient Tea Set"},{"floor":28,"key":"Gambling Chip"}],"event_choices":[{"damage_healed":0,"gold_gain":0,"player_choice":"Lose Max HP","damage_taken":0,"relics_obtained":["Golden Idol"],"max_hp_gain":0,"max_hp_loss":6,"event_name":"Golden Idol","floor":14,"gold_loss":0},{"cards_removed":["Strike_B"],"damage_healed":0,"gold_gain":0,"player_choice":"Upgrade and Remove","damage_taken":0,"max_hp_gain":0,"max_hp_loss":0,"event_name":"Designer","floor":19,"gold_loss":90,"cards_upgraded":["Dualcast"]},{"damage_healed":0,"gold_gain":0,"player_choice":"Got Potions","damage_taken":0,"max_hp_gain":0,"max_hp_loss":0,"event_name":"Lab","floor":22,"gold_loss":0}],"is_beta":false,"boss_relics":[{"not_picked":["Busted Crown","Nuclear Battery"],"picked":"Cursed Key"}],"items_purged_floors":[21],"is_endless":false,"potions_floor_spawned":[4,7,8,11,18,20,28],"killed_by":"Slavers","ascension_level":1}