{"gold_per_floor":[110,110,124,124,145,145,176,49,49,49,49,90,103,138,138,232,232,250,250,8,33,51,124,124,158,210,229,249,348,367,367,367,466,466,490,490,513,37,37,81,81],"floor_reached":41,"playtime":2855,"items_purged":["Strike_B"],"score":882,"play_id":"241b1ee4-12d8-44da-86f2-a04817a0924f","local_time":"20190704124644","is_ascension_mode":true,"campfire_choices":[{"data":"Zap","floor":6,"key":"SMITH"},{"data":"Defragment","floor":10,"key":"SMITH"},{"data":"Defragment","floor":15,"key":"SMITH"},{"floor":24,"key":"REST"},{"floor":32,"key":"REST"}],"neow_cost":"NONE","seed_source_timestamp":581683017772881,"circlet_count":0,"master_deck":["AscendersBane","Strike_B","Defend_B+1","Defend_B","Defend_B+1","Zap+1","Dualcast","BootSequence","Reinforced Body","Compile Driver","Glacier","Defragment+1","Doom and Gloom","Coolheaded","Defragment+1","Electrodynamics","Thunder Strike","Go for the Eyes","Capacitor","Tempest","Gash","Aggregate","Conserve Battery","Chill","Ball Lightning","Recycle","Heatsinks","Hologram","Gash","Loop","White Noise","Zap","Capacitor","Sweeping Beam","Conserve Battery+1"],"relics":["Cracked Core","Golden Idol","Cables","War Paint","Dream Catcher","Vajra","Du-Vu Doll","Runic Pyramid","Tiny Chest","Blood Vial","PreservedInsect","Mummified Hand","Inserter","Lee\u0027s Waffle","Kunai","Boot"],"potions_floor_usage":[14,14,21,23,33],"damage_taken":[{"damage":0,"enemies":"Jaw Worm","floor":1,"turns":3},{"damage":2,"enemies":"2 Louse","floor":3,"turns":3},{"damage":1,"enemies":"Cultist","floor":5,"turns":3},{"damage":11,"enemies":"3 Sentries","floor":7,"turns":11},{"damage":6,"enemies":"Lagavulin","floor":12,"turns":6},{"damage":0,"enemies":"Blue Slaver","floor":13,"turns":5},{"damage":4,"enemies":"Gremlin Nob","floor":14,"turns":3},{"damage":11,"enemies":"Hexaghost","floor":16,"turns":8},{"damage":0,"enemies":"Shell Parasite","floor":18,"turns":5},{"damage":25,"enemies":"2 Thieves","floor":21,"turns":5},{"damage":7,"enemies":"Shelled Parasite and Fungi","floor":22,"turns":5},{"damage":0,"enemies":"Gremlin Leader","floor":23,"turns":5},{"damage":17,"enemies":"Slavers","floor":25,"turns":3},{"damage":7,"enemies":"Sentry and Sphere","floor":27,"turns":4},{"damage":0,"enemies":"Snecko","floor":28,"turns":4},{"damage":15,"enemies":"Shelled Parasite and Fungi","floor":30,"turns":6},{"damage":12,"enemies":"Collector","floor":33,"turns":9},{"damage":7,"enemies":"3 Shapes","floor":35,"turns":4},{"damage":9,"enemies":"Orb Walker","floor":37,"turns":3},{"damage":44,"enemies":"Reptomancer","floor":40,"turns":5},{"damage":30,"enemies":"Transient","floor":41,"turns":2}],"seed_played":"1335757462074967976","potions_obtained":[{"floor":1,"key":"Weak Potion"},{"floor":5,"key":"Weak Potion"},{"floor":14,"key":"SkillPotion"},{"floor":18,"key":"SkillPotion"},{"floor":25,"key":"FearPotion"},{"floor":28,"key":"Energy Potion"},{"floor":33,"key":"SteroidPotion"}],"is_trial":false,"path_per_floor":["M","?","M","?","M","R","E","$","T","R","?","E","M","E","R","B",null,"M","?","$","M","M","E","R","E","T","M","M","?","M","T","R","B",null,"M","?","M","$","?","E","M"],"character_chosen":"DEFECT","items_purchased":["Doom and Gloom","AttackPotion","Capacitor","Tempest","Gash","Lee\u0027s Waffle","Kunai","Sweeping Beam"],"campfire_rested":2,"item_purchase_floors":[8,8,20,20,20,38,38,38],"current_hp_per_floor":[64,64,62,55,54,54,43,43,43,43,43,37,37,33,33,22,55,55,55,55,30,23,23,42,25,25,20,22,22,9,9,28,18,54,49,49,42,73,69,25,0],"gold":81,"neow_bonus":"TRANSFORM_CARD","is_prod":false,"is_daily":false,"chose_seed":false,"campfire_upgraded":3,"win_rate":0,"timestamp":1562269604,"path_taken":["M","?","M","?","M","R","E","$","T","R","?","E","M","E","R","BOSS","M","?","$","?","M","E","R","E","T","M","M","?","M","?","R","BOSS","M","?","?","$","?","E","M"],"build_version":"2019-07-01","purchased_purges":1,"victory":false,"max_hp_per_floor":[71,66,66,66,66,66,66,66,66,66,66,66,66,66,66,66,66,66,66,66,66,66,66,66,66,66,66,66,66,66,66,66,66,66,66,66,66,73,69,69,69],"card_choices":[{"not_picked":["Storm","Auto Shields"],"picked":"Reinforced Body","floor":1},{"not_picked":["Hello World","Loop"],"picked":"Compile Driver","floor":3},{"not_picked":["Hologram","Scrape"],"picked":"Glacier","floor":5},{"not_picked":["Redo","Loop"],"picked":"Defragment","floor":7},{"not_picked":["Chill","Cold Snap"],"picked":"Coolheaded","floor":12},{"not_picked":["Rebound","Beam Cell"],"picked":"Defragment","floor":13},{"not_picked":["Go for the Eyes","White Noise"],"picked":"Electrodynamics","floor":14},{"not_picked":["All For One","Electrodynamics"],"picked":"Thunder Strike","floor":16},{"not_picked":["Steam Power","Rebound"],"picked":"Go for the Eyes","floor":18},{"not_picked":["Compile Driver","Coolheaded"],"picked":"Aggregate","floor":21},{"not_picked":["Turbo+1","Darkness"],"picked":"Conserve Battery","floor":22},{"not_picked":["Auto Shields","Hyperbeam"],"picked":"Chill","floor":23},{"not_picked":["Redo","Conserve Battery"],"picked":"Ball Lightning","floor":24},{"not_picked":["Aggregate","Machine Learning"],"picked":"Recycle","floor":25},{"not_picked":["Steam","Reinforced Body"],"picked":"Heatsinks","floor":27},{"not_picked":["Cold Snap","Beam Cell"],"picked":"Hologram","floor":28},{"not_picked":["Capacitor","Conserve Battery"],"picked":"Gash","floor":30},{"not_picked":["Core Surge","FTL+1"],"picked":"Loop","floor":32},{"not_picked":["Lockon+1","Gash","Darkness"],"picked":"SKIP","floor":35},{"not_picked":["Barrage","Ball Lightning+1"],"picked":"Capacitor","floor":37},{"not_picked":["Blizzard+1","Hello World+1"],"picked":"Conserve Battery+1","floor":40}],"player_experience":1400386,"relics_obtained":[{"floor":7,"key":"Cables"},{"floor":9,"key":"War Paint"},{"floor":12,"key":"Vajra"},{"floor":14,"key":"Du-Vu Doll"},{"floor":23,"key":"Tiny Chest"},{"floor":25,"key":"Blood Vial"},{"floor":26,"key":"PreservedInsect"},{"floor":31,"key":"Mummified Hand"},{"floor":40,"key":"Boot"}],"event_choices":[{"damage_healed":0,"gold_gain":0,"player_choice":"Lose Max HP","damage_taken":0,"relics_obtained":["Golden Idol"],"max_hp_gain":0,"max_hp_loss":5,"event_name":"Golden Idol","floor":2,"gold_loss":0},{"cards_removed":["Strike_B"],"damage_healed":0,"gold_gain":0,"player_choice":"Card Removal","damage_taken":7,"max_hp_gain":0,"max_hp_loss":0,"event_name":"Golden Wing","floor":4,"gold_loss":0},{"damage_healed":0,"gold_gain":0,"player_choice":"Searched \u00271\u0027 times","damage_taken":0,"relics_obtained":["Dream Catcher"],"max_hp_gain":0,"max_hp_loss":0,"event_name":"Dead Adventurer","floor":11,"gold_loss":0},{"cards_removed":["Defend_B"],"damage_healed":0,"gold_gain":0,"player_choice":"Purged","damage_taken":0,"max_hp_gain":0,"max_hp_loss":0,"event_name":"Purifier","floor":19,"gold_loss":0},{"damage_healed":0,"gold_gain":99,"player_choice":"Stole From Cult","damage_taken":0,"max_hp_gain":0,"max_hp_loss":0,"event_name":"Nest","floor":29,"gold_loss":0},{"damage_healed":0,"gold_gain":0,"player_choice":"2 cards matched","damage_taken":0,"max_hp_gain":0,"max_hp_loss":0,"event_name":"Match and Keep!","floor":36,"gold_loss":0,"cards_obtained":["White Noise","Zap"]},{"damage_healed":0,"gold_gain":0,"player_choice":"Max HP","damage_taken":0,"max_hp_gain":0,"max_hp_loss":4,"event_name":"Winding Halls","floor":39,"gold_loss":0}],"is_beta":false,"boss_relics":[{"not_picked":["Astrolabe","Lizard Tail"],"picked":"Runic Pyramid"},{"not_picked":["Calling Bell","Pandora\u0027s Box"],"picked":"Inserter"}],"items_purged_floors":[20],"is_endless":false,"potions_floor_spawned":[1,5,7,12,14,18,25,28,33],"killed_by":"Transient","ascension_level":14}