{"gold_per_floor":[368,381,21,36,0,27,42,42,69,69],"floor_reached":10,"playtime":555,"items_purged":["Strike_G"],"score":136,"play_id":"94be735c-ee5f-45ac-8733-cd5798f4a973","local_time":"20190706190220","is_ascension_mode":true,"campfire_choices":[{"floor":8,"key":"REST"}],"neow_cost":"PERCENT_DAMAGE","seed_source_timestamp":779317186822583,"circlet_count":0,"master_deck":["AscendersBane","Strike_G","Strike_G","Strike_G","Strike_G","Defend_G","Defend_G","Defend_G","Defend_G","Defend_G","Survivor","Neutralize","Acrobatics","Deadly Poison","Dagger Throw","Dash","Deadly Poison","Dagger Spray"],"relics":["Ring of the Snake","TwistedFunnel","Potion Belt","Ancient Tea Set"],"potions_floor_usage":[7],"damage_taken":[{"damage":4,"enemies":"Small Slimes","floor":1,"turns":4},{"damage":0,"enemies":"2 Louse","floor":2,"turns":3},{"damage":0,"enemies":"Jaw Worm","floor":4,"turns":4},{"damage":34,"enemies":"3 Sentries","floor":6,"turns":11},{"damage":0,"enemies":"Gremlin Gang","floor":7,"turns":3},{"damage":29,"enemies":"Gremlin Nob","floor":10,"turns":3}],"seed_played":"-5894768509982174715","potions_obtained":[{"floor":1,"key":"LiquidBronze"},{"floor":6,"key":"Block Potion"},{"floor":7,"key":"Fire Potion"}],"is_trial":false,"path_per_floor":["M","M","$","M","?","E","M","R","T","E"],"character_chosen":"THE_SILENT","items_purchased":["TwistedFunnel","Dagger Throw"],"campfire_rested":1,"item_purchase_floors":[3,3],"current_hp_per_floor":[40,40,40,40,40,6,6,25,25,0],"gold":69,"neow_bonus":"TWO_FIFTY_GOLD","is_prod":false,"is_daily":false,"chose_seed":false,"campfire_upgraded":0,"win_rate":0,"timestamp":1562464940,"path_taken":["M","M","$","M","?","E","M","R","T","E"],"build_version":"2019-07-05","purchased_purges":1,"victory":false,"max_hp_per_floor":[66,66,66,66,66,66,66,66,66,66],"card_choices":[{"not_picked":["Blade Dance","Catalyst"],"picked":"Acrobatics","floor":1},{"not_picked":["Backflip","Dodge and Roll"],"picked":"Deadly Poison","floor":2},{"not_picked":["Concentrate","Cloak And Dagger"],"picked":"Dash","floor":4},{"not_picked":["Tactician","Quick Slash"],"picked":"Deadly Poison","floor":6},{"not_picked":["Outmaneuver","After Image"],"picked":"Dagger Spray","floor":7}],"player_experience":1423759,"relics_obtained":[{"floor":6,"key":"Potion Belt"},{"floor":9,"key":"Ancient Tea Set"}],"event_choices":[{"damage_healed":0,"gold_gain":0,"player_choice":"Left Gold","damage_taken":0,"max_hp_gain":0,"max_hp_loss":0,"event_name":"World of Goop","floor":5,"gold_loss":36}],"is_beta":false,"boss_relics":[],"items_purged_floors":[3],"is_endless":false,"potions_floor_spawned":[1,6,7],"killed_by":"Gremlin Nob","ascension_level":20}