{"gold_per_floor":[114,114,126,76,94,126,126,301,347,24,40,66,66,98,98,193,193,209,222,222,239,249,278,30,30,54,86,100,115,140,140,140,140],"floor_reached":33,"playtime":1961,"items_purged":["Doubt","Strike_R"],"score":450,"play_id":"501f0bf1-8fb2-4f62-b5e8-23e34d0137a8","local_time":"20190707130955","is_ascension_mode":true,"campfire_choices":[{"data":"Armaments","floor":7,"key":"SMITH"},{"data":"Uppercut","floor":15,"key":"SMITH"},{"data":"Intimidate","floor":25,"key":"SMITH"},{"data":"Infernal Blade","floor":32,"key":"SMITH"}],"neow_cost":"NONE","seed_source_timestamp":1596437685025078,"circlet_count":0,"master_deck":["Strike_R+1","Strike_R+1","Defend_R","Defend_R","Defend_R","Bash","Metallicize","Armaments+1","Carnage","Shrug It Off","Uppercut+1","Intimidate+1","Spot Weakness","Brutality","Infernal Blade+1","Whirlwind+1","Shrug It Off+1","Clothesline+1","True Grit","Anger","Blood for Blood"],"relics":["Burning Blood","Bag of Marbles","Anchor","PreservedInsect","Mummified Hand","Centennial Puzzle","Whetstone","Mark of Pain","Boot","Lantern","Red Skull","Smiling Mask","Darkstone Periapt"],"potions_floor_usage":[33,33,33],"damage_taken":[{"damage":9,"enemies":"Jaw Worm","floor":1,"turns":4},{"damage":1,"enemies":"Cultist","floor":3,"turns":4},{"damage":16,"enemies":"Small Slimes","floor":5,"turns":3},{"damage":26,"enemies":"Lagavulin","floor":6,"turns":5},{"damage":0,"enemies":"Blue Slaver","floor":11,"turns":3},{"damage":2,"enemies":"Gremlin Nob","floor":12,"turns":3},{"damage":0,"enemies":"3 Sentries","floor":14,"turns":5},{"damage":23,"enemies":"Slime Boss","floor":16,"turns":9},{"damage":12,"enemies":"3 Byrds","floor":18,"turns":6},{"damage":5,"enemies":"2 Thieves","floor":19,"turns":4},{"damage":11,"enemies":"Shelled Parasite and Fungi","floor":21,"turns":5},{"damage":33,"enemies":"Cultist and Chosen","floor":22,"turns":7},{"damage":11,"enemies":"Book of Stabbing","floor":23,"turns":5},{"damage":1,"enemies":"Slavers","floor":27,"turns":3},{"damage":0,"enemies":"Snake Plant","floor":28,"turns":2},{"damage":10,"enemies":"Sentry and Sphere","floor":29,"turns":4},{"damage":19,"enemies":"Book of Stabbing","floor":30,"turns":4},{"damage":57,"enemies":"Automaton","floor":33,"turns":6}],"seed_played":"-4108652853596794473","potions_obtained":[{"floor":5,"key":"Swift Potion"},{"floor":6,"key":"PowerPotion"},{"floor":12,"key":"Swift Potion"},{"floor":16,"key":"BloodPotion"},{"floor":22,"key":"PowerPotion"}],"is_trial":false,"path_per_floor":["M","?","M","?","M","E","R","?","T","$","M","E","$","E","R","B",null,"M","M","?","M","M","E","$","R","T","E","M","M","E","?","R","B"],"character_chosen":"IRONCLAD","items_purchased":["Mummified Hand","Lantern"],"campfire_rested":0,"item_purchase_floors":[10,24],"current_hp_per_floor":[77,77,80,80,70,50,50,50,50,50,56,60,60,66,66,49,80,74,75,75,70,43,38,38,38,38,43,49,45,32,32,32,0],"gold":140,"neow_bonus":"RANDOM_COMMON_RELIC","is_prod":false,"is_daily":false,"chose_seed":false,"campfire_upgraded":4,"win_rate":0,"timestamp":1562530195,"path_taken":["M","?","?","?","M","E","R","?","T","$","M","E","?","E","R","BOSS","M","M","?","?","M","E","$","R","T","E","M","M","E","?","R","BOSS"],"build_version":"2019-07-05","purchased_purges":2,"victory":false,"max_hp_per_floor":[80,80,80,80,80,80,80,80,80,80,80,80,80,80,80,80,80,80,80,80,80,80,80,80,80,80,80,80,80,80,80,80,80],"card_choices":[{"not_picked":["True Grit","Body Slam"],"picked":"Metallicize","floor":1},{"not_picked":["True Grit","Battle Trance"],"picked":"Carnage","floor":3},{"not_picked":["Sever Soul","Feel No Pain"],"picked":"Shrug It Off","floor":5},{"not_picked":["Inflame","Sentinel"],"picked":"Uppercut","floor":6},{"not_picked":["Twin Strike","Warcry"],"picked":"Intimidate","floor":11},{"not_picked":["True Grit","Rampage"],"picked":"Spot Weakness","floor":12},{"not_picked":["Perfected Strike","Havoc","Iron Wave"],"picked":"SKIP","floor":14},{"not_picked":["Exhume","Fiend Fire"],"picked":"Brutality","floor":16},{"not_picked":["Bloodletting","Pommel Strike"],"picked":"Infernal Blade","floor":18},{"not_picked":["Perfected Strike+1","Warcry","Flex"],"picked":"SKIP","floor":19},{"not_picked":["Hemokinesis","Body Slam"],"picked":"Whirlwind+1","floor":21},{"not_picked":["Anger","Rage"],"picked":"Shrug It Off+1","floor":22},{"not_picked":["Wild Strike","Corruption+1"],"picked":"Clothesline+1","floor":23},{"not_picked":["Flex","Armaments","Power Through"],"picked":"SKIP","floor":27},{"not_picked":["Clash+1","Spot Weakness"],"picked":"True Grit","floor":28},{"not_picked":["Clash","Cleave"],"picked":"Anger","floor":29},{"not_picked":["Cleave","Double Tap"],"picked":"Blood for Blood","floor":30}],"player_experience":258696,"relics_obtained":[{"floor":6,"key":"Anchor"},{"floor":9,"key":"PreservedInsect"},{"floor":12,"key":"Centennial Puzzle"},{"floor":14,"key":"Whetstone"},{"floor":23,"key":"Boot"},{"floor":26,"key":"Red Skull"},{"floor":27,"key":"Smiling Mask"},{"floor":30,"key":"Darkstone Periapt"}],"event_choices":[{"damage_healed":0,"gold_gain":0,"player_choice":"1 cards matched","damage_taken":0,"max_hp_gain":0,"max_hp_loss":0,"event_name":"Match and Keep!","floor":2,"gold_loss":0,"cards_obtained":["Armaments"]},{"cards_removed":["Strike_R"],"damage_healed":0,"gold_gain":0,"player_choice":"Card Removal","damage_taken":0,"max_hp_gain":0,"max_hp_loss":0,"event_name":"The Cleric","floor":4,"gold_loss":50},{"damage_healed":0,"gold_gain":175,"player_choice":"AGREE","damage_taken":0,"max_hp_gain":0,"max_hp_loss":0,"event_name":"Liars Game","floor":8,"gold_loss":0,"cards_obtained":["Doubt"]},{"cards_removed":["Strike_R"],"damage_healed":0,"gold_gain":0,"player_choice":"Purged","damage_taken":0,"max_hp_gain":0,"max_hp_loss":0,"event_name":"Purifier","floor":20,"gold_loss":0},{"cards_removed":["Defend_R"],"damage_healed":0,"gold_gain":0,"player_choice":"Offered Basic","damage_taken":0,"max_hp_gain":0,"max_hp_loss":0,"event_name":"Bonfire Elementals","floor":31,"gold_loss":0}],"is_beta":false,"boss_relics":[{"not_picked":["Philosopher\u0027s Stone","Busted Crown"],"picked":"Mark of Pain"}],"items_purged_floors":[10,24],"is_endless":false,"potions_floor_spawned":[5,6,12,16,18,21,22,27,30],"killed_by":"Automaton","ascension_level":4}