{"gold_per_floor":[115,129,143,158,168,194,205,205,230,262,338,350,350,313,313,417,417,429,41,41,60,73,73,89,89,89,104,117,132,132,132],"floor_reached":31,"playtime":41308,"items_purged":[],"score":253,"play_id":"7ace1c62-eb1b-434b-8b31-c3e18f53de8d","local_time":"20190224110242","is_ascension_mode":false,"campfire_choices":[{"floor":8,"key":"REST"},{"data":"Fire Breathing","floor":15,"key":"SMITH"},{"floor":23,"key":"REST"},{"floor":25,"key":"REST"},{"data":"Feel No Pain","floor":30,"key":"SMITH"}],"neow_cost":"NONE","seed_source_timestamp":374959138179800,"circlet_count":0,"master_deck":["Strike_R","Strike_R","Strike_R","Strike_R","Strike_R","Defend_R","Bash","Second Wind","Iron Wave","Clothesline","Headbutt","True Grit","Pommel Strike","Fire Breathing+1","Twin Strike","Heavy Blade","Berserk","Sever Soul+1","Offering+1","Blood for Blood+1","Impervious","Feel No Pain+1","Intimidate","Cleave","Entrench+1","Pommel Strike","Clothesline","Warcry"],"relics":["Busted Crown","Sundial","Potion Belt","Paper Frog","Happy Flower","Astrolabe","Letter Opener"],"potions_floor_usage":[4,10],"damage_taken":[{"damage":2,"enemies":"Jaw Worm","floor":1,"turns":4},{"damage":0,"enemies":"Small Slimes","floor":2,"turns":3},{"damage":9,"enemies":"2 Louse","floor":3,"turns":2},{"damage":10,"enemies":"Exordium Thugs","floor":4,"turns":6},{"damage":8,"enemies":"Lots of Slimes","floor":5,"turns":4},{"damage":12,"enemies":"Gremlin Nob","floor":6,"turns":4},{"damage":0,"enemies":"Looter","floor":7,"turns":3},{"damage":17,"enemies":"3 Sentries","floor":10,"turns":8},{"damage":3,"enemies":"2 Fungi Beasts","floor":12,"turns":3},{"damage":52,"enemies":"The Guardian","floor":16,"turns":13},{"damage":0,"enemies":"Chosen","floor":18,"turns":3},{"damage":19,"enemies":"3 Byrds","floor":21,"turns":4},{"damage":26,"enemies":"Snecko","floor":22,"turns":6},{"damage":10,"enemies":"Chosen and Byrds","floor":24,"turns":5},{"damage":53,"enemies":"Shelled Parasite and Fungi","floor":27,"turns":6},{"damage":6,"enemies":"Snake Plant","floor":28,"turns":3},{"damage":15,"enemies":"3 Cultists","floor":29,"turns":5},{"damage":10,"enemies":"Shelled Parasite and Fungi","floor":31,"turns":1}],"seed_played":"-5236860153241018556","potions_obtained":[{"floor":1,"key":"Block Potion"},{"floor":3,"key":"FearPotion"},{"floor":4,"key":"Ancient Potion"},{"floor":5,"key":"Ancient Potion"},{"floor":7,"key":"Regen Potion"},{"floor":18,"key":"Weak Potion"},{"floor":22,"key":"Dexterity Potion"}],"is_trial":false,"path_per_floor":["M","M","M","M","M","E","M","R","T","E","?","M","?","?","R","B",null,"M","$","?","M","M","R","M","R","T","M","M","M","R","M"],"character_chosen":"IRONCLAD","items_purchased":["Impervious","Feel No Pain","Intimidate","FairyPotion"],"campfire_rested":3,"item_purchase_floors":[19,19,19,19],"current_hp_per_floor":[78,78,69,59,51,39,39,63,63,61,61,58,55,55,55,3,80,80,80,72,53,27,51,41,65,65,12,6,6,6,0],"gold":132,"neow_bonus":"BOSS_RELIC","is_prod":false,"is_daily":false,"chose_seed":false,"campfire_upgraded":2,"win_rate":0.0,"timestamp":1551031362,"path_taken":["M","M","M","M","M","E","M","R","T","E","?","M","?","?","R","BOSS","M","$","?","M","M","R","M","R","T","M","M","?","R","M"],"build_version":"2019-01-23","purchased_purges":0,"victory":false,"max_hp_per_floor":[80,80,80,80,80,80,80,80,80,80,80,80,80,80,80,80,80,80,80,80,80,80,80,80,80,80,80,80,80,80,80],"card_choices":[{"not_picked":[],"picked":"Second Wind","floor":1},{"not_picked":[],"picked":"Iron Wave","floor":2},{"not_picked":[],"picked":"Clothesline","floor":3},{"not_picked":[],"picked":"Headbutt","floor":4},{"not_picked":[],"picked":"True Grit","floor":5},{"not_picked":[],"picked":"Pommel Strike","floor":6},{"not_picked":[],"picked":"Fire Breathing","floor":7},{"not_picked":[],"picked":"Twin Strike","floor":10},{"not_picked":[],"picked":"Heavy Blade","floor":12},{"not_picked":[],"picked":"Berserk","floor":16},{"not_picked":["Iron Wave"],"picked":"SKIP","floor":18},{"not_picked":[],"picked":"Cleave","floor":21},{"not_picked":[],"picked":"Entrench+1","floor":22},{"not_picked":["Thunderclap"],"picked":"SKIP","floor":24},{"not_picked":[],"picked":"Pommel Strike","floor":27},{"not_picked":[],"picked":"Clothesline","floor":28},{"not_picked":[],"picked":"Warcry","floor":29}],"player_experience":40371,"relics_obtained":[{"floor":6,"key":"Sundial"},{"floor":9,"key":"Potion Belt"},{"floor":10,"key":"Paper Frog"},{"floor":26,"key":"Letter Opener"}],"event_choices":[{"damage_healed":0,"gold_gain":76,"player_choice":"Gained Gold","damage_taken":0,"max_hp_gain":0,"max_hp_loss":0,"event_name":"Golden Wing","floor":11,"gold_loss":0},{"damage_healed":0,"gold_gain":0,"player_choice":"Success","damage_taken":3,"relics_obtained":["Happy Flower"],"max_hp_gain":0,"max_hp_loss":0,"event_name":"Scrap Ooze","floor":13,"gold_loss":0},{"damage_healed":0,"gold_gain":0,"player_choice":"Left Gold","damage_taken":0,"max_hp_gain":0,"max_hp_loss":0,"event_name":"World of Goop","floor":14,"gold_loss":37},{"damage_healed":0,"gold_gain":0,"player_choice":"Damaged","damage_taken":8,"max_hp_gain":0,"max_hp_loss":0,"event_name":"Wheel of Change","floor":20,"gold_loss":0}],"is_beta":false,"boss_relics":[{"not_picked":["Empty Cage","Tiny House"],"picked":"Astrolabe"}],"items_purged_floors":[],"is_endless":false,"potions_floor_spawned":[1,3,4,5,7,18,22],"killed_by":"Shelled Parasite and Fungi","ascension_level":0}