{"gold_per_floor":[109,109,134,59,73,104,104,143,443,18,18,34,34,58,58,149,149,163,182,182],"floor_reached":20,"playtime":1394,"items_purged":["Defend_B"],"score":322,"play_id":"cdbe9739-c43e-417d-908a-5bf86d84f2ee","local_time":"20190706070536","is_ascension_mode":true,"campfire_choices":[{"data":"Zap","floor":7,"key":"SMITH"},{"floor":13,"key":"REST"},{"data":"Defragment","floor":15,"key":"SMITH"}],"neow_cost":"NONE","seed_source_timestamp":735472540163315,"circlet_count":0,"master_deck":["AscendersBane","Strike_B","Strike_B","Strike_B","Defend_B","Defend_B","Defend_B","Zap+1","Dualcast","Sweeping Beam","Cold Snap","BootSequence","Glacier","Streamline","Defragment+1","Gash","Coolheaded","Genetic Algorithm","Hyperbeam","Redo","Seek"],"relics":["Cracked Core","NeowsBlessing","Golden Idol","Nunchaku","Peace Pipe","Old Coin","Symbiotic Virus","Philosopher\u0027s Stone"],"potions_floor_usage":[8,16],"damage_taken":[{"damage":0,"enemies":"2 Louse","floor":1,"turns":1},{"damage":0,"enemies":"Jaw Worm","floor":3,"turns":1},{"damage":0,"enemies":"Cultist","floor":5,"turns":1},{"damage":21,"enemies":"3 Sentries","floor":6,"turns":7},{"damage":40,"enemies":"Gremlin Nob","floor":8,"turns":8},{"damage":2,"enemies":"2 Fungi Beasts","floor":12,"turns":3},{"damage":1,"enemies":"3 Louse","floor":14,"turns":3},{"damage":25,"enemies":"Slime Boss","floor":16,"turns":9},{"damage":16,"enemies":"Spheric Guardian","floor":18,"turns":4},{"damage":24,"enemies":"3 Byrds","floor":19,"turns":4},{"damage":13,"enemies":"Snake Plant","floor":20,"turns":2}],"seed_played":"6251103108219159772","potions_obtained":[{"floor":6,"key":"EssenceOfSteel"},{"floor":12,"key":"Explosive Potion"},{"floor":14,"key":"Strength Potion"}],"is_trial":false,"path_per_floor":["M","?","M","?","M","E","R","E","T","$","?","M","R","M","R","B",null,"M","M","M"],"character_chosen":"DEFECT","items_purchased":["Symbiotic Virus","Defragment","Gash"],"campfire_rested":1,"item_purchase_floors":[10,10,10],"current_hp_per_floor":[64,64,64,64,64,43,43,3,3,3,24,22,41,40,40,15,52,36,12,0],"gold":182,"neow_bonus":"THREE_ENEMY_KILL","is_prod":false,"is_daily":false,"chose_seed":false,"campfire_upgraded":2,"win_rate":0,"timestamp":1562421936,"path_taken":["M","?","M","?","?","E","R","E","T","?","?","M","R","M","R","BOSS","M","M","M"],"build_version":"2019-07-01","purchased_purges":1,"victory":false,"max_hp_per_floor":[71,64,64,64,64,64,64,64,64,64,64,64,64,64,64,64,64,64,64,64],"card_choices":[{"not_picked":["Leap","Cold Snap"],"picked":"Sweeping Beam","floor":1},{"not_picked":["Steam","Coolheaded"],"picked":"Cold Snap","floor":3},{"not_picked":["Lockon","Machine Learning"],"picked":"BootSequence","floor":5},{"not_picked":["Go for the Eyes","Cold Snap"],"picked":"Glacier","floor":6},{"not_picked":["Reprogram","Conserve Battery"],"picked":"Streamline","floor":8},{"not_picked":["Streamline","Darkness"],"picked":"Coolheaded","floor":12},{"not_picked":["FTL","Consume"],"picked":"Genetic Algorithm","floor":14},{"not_picked":["Meteor Strike","Thunder Strike"],"picked":"Hyperbeam","floor":16},{"not_picked":["Compile Driver","Coolheaded"],"picked":"Redo","floor":18},{"not_picked":["Consume","Redo"],"picked":"Seek","floor":19}],"player_experience":1414284,"relics_obtained":[{"floor":6,"key":"Nunchaku"},{"floor":8,"key":"Peace Pipe"},{"floor":9,"key":"Old Coin"}],"event_choices":[{"damage_healed":0,"gold_gain":0,"player_choice":"Lose Max HP","damage_taken":0,"relics_obtained":["Golden Idol"],"max_hp_gain":0,"max_hp_loss":7,"event_name":"Golden Idol","floor":2,"gold_loss":0},{"cards_removed":["Strike_B"],"damage_healed":0,"gold_gain":0,"player_choice":"Card Removal","damage_taken":0,"max_hp_gain":0,"max_hp_loss":0,"event_name":"The Cleric","floor":4,"gold_loss":75},{"damage_healed":21,"gold_gain":0,"player_choice":"Banana","damage_taken":0,"max_hp_gain":0,"max_hp_loss":0,"event_name":"Big Fish","floor":11,"gold_loss":0}],"is_beta":false,"boss_relics":[{"not_picked":["White Beast Statue","Eternal Feather"],"picked":"Philosopher\u0027s Stone"}],"items_purged_floors":[10],"is_endless":false,"potions_floor_spawned":[6,12,14],"killed_by":"Snake Plant","ascension_level":15}