{"gold_per_floor":[99,99,99,99,99,99,99,99,99,24,24,24,24,24,24,24,24,24,0,0,0,0,0],"floor_reached":23,"playtime":3049,"items_purged":["Strike_R"],"score":328,"play_id":"8e933f74-04da-437c-8be9-f0aa85e22ce8","local_time":"20181220201830","is_ascension_mode":true,"campfire_choices":[{"data":"Shrug It Off","floor":6,"key":"SMITH"},{"floor":12,"key":"REST"},{"data":"Bloodletting","floor":15,"key":"SMITH"}],"neow_cost":"NONE","seed_source_timestamp":3305938537669333,"circlet_count":0,"master_deck":["AscendersBane","Strike_R","Strike_R","Strike_R","Strike_R","Defend_R","Defend_R","Defend_R+1","Defend_R","Bash","Rupture+1","Ghostly Armor+1","Shrug It Off+1","Sword Boomerang","Whirlwind","Bloodletting+1","Shockwave","Barricade","Shrug It Off","Shrug It Off","Cleave","Immolate"],"relics":["Ectoplasm","Art of War","Lantern","War Paint","Ornamental Fan","Snecko Eye","Orichalcum"],"potions_floor_usage":[8,11,14,16,20,23],"damage_taken":[{"damage":7,"enemies":"2 Louse","floor":1,"turns":3},{"damage":2,"enemies":"Jaw Worm","floor":4,"turns":3},{"damage":0,"enemies":"Cultist","floor":5,"turns":3},{"damage":1,"enemies":"Red Slaver","floor":7,"turns":5},{"damage":13,"enemies":"Gremlin Nob","floor":8,"turns":5},{"damage":6,"enemies":"3 Sentries","floor":11,"turns":4},{"damage":18,"enemies":"Lots of Slimes","floor":13,"turns":4},{"damage":0,"enemies":"Gremlin Gang","floor":14,"turns":3},{"damage":28,"enemies":"The Guardian","floor":16,"turns":12},{"damage":29,"enemies":"Spheric Guardian","floor":18,"turns":6},{"damage":11,"enemies":"2 Thieves","floor":19,"turns":3},{"damage":14,"enemies":"Centurion and Healer","floor":20,"turns":9},{"damage":10,"enemies":"Shelled Parasite and Fungi","floor":21,"turns":5},{"damage":23,"enemies":"Book of Stabbing","floor":23,"turns":5}],"seed_played":"8215848322385889341","potions_obtained":[{"floor":4,"key":"Dexterity Potion"},{"floor":5,"key":"Block Potion"},{"floor":8,"key":"Block Potion"},{"floor":11,"key":"Fire Potion"},{"floor":19,"key":"BloodPotion"},{"floor":21,"key":"Regen Potion"}],"is_trial":false,"path_per_floor":["M","?","?","M","M","R","M","E","T","$","E","R","M","M","R","B",null,"M","M","M","M","T","E"],"character_chosen":"IRONCLAD","items_purchased":[],"campfire_rested":1,"item_purchase_floors":[],"current_hp_per_floor":[65,47,47,45,45,45,44,31,31,31,25,49,31,31,31,3,61,32,21,15,5,5,0],"gold":0,"neow_bonus":"BOSS_RELIC","is_prod":false,"is_daily":false,"chose_seed":false,"campfire_upgraded":2,"win_rate":0,"timestamp":1545365910,"path_taken":["M","?","?","M","M","R","M","E","T","$","E","R","M","M","R","BOSS","M","M","M","?","?","E"],"build_version":"2018-12-20","purchased_purges":1,"victory":false,"max_hp_per_floor":[80,80,80,80,80,80,80,80,80,80,80,80,80,80,80,80,80,80,80,80,80,80,80],"card_choices":[{"not_picked":["Clothesline","Dropkick"],"picked":"Rupture","floor":1},{"not_picked":["Thunderclap","Perfected Strike"],"picked":"Ghostly Armor","floor":4},{"not_picked":["Warcry","Dual Wield"],"picked":"Shrug It Off","floor":5},{"not_picked":["Flex","Clash"],"picked":"Sword Boomerang","floor":7},{"not_picked":["Rupture","Pommel Strike"],"picked":"Whirlwind","floor":8},{"not_picked":["Thunderclap","Clash"],"picked":"Bloodletting","floor":11},{"not_picked":["Flex","Fiend Fire"],"picked":"Shockwave","floor":13},{"not_picked":["Rage","Heavy Blade","Warcry"],"picked":"SKIP","floor":14},{"not_picked":["Immolate","Double Tap"],"picked":"Barricade","floor":16},{"not_picked":["Wild Strike","Warcry"],"picked":"Shrug It Off","floor":18},{"not_picked":["Entrench","Shockwave"],"picked":"Shrug It Off","floor":19},{"not_picked":["Shrug It Off","Seeing Red"],"picked":"Cleave","floor":20},{"not_picked":["Battle Trance+1","Corruption"],"picked":"Immolate","floor":21}],"player_experience":491665,"relics_obtained":[{"floor":8,"key":"Lantern"},{"floor":9,"key":"War Paint"},{"floor":11,"key":"Ornamental Fan"},{"floor":22,"key":"Orichalcum"}],"event_choices":[{"damage_healed":0,"gold_gain":0,"player_choice":"Success","damage_taken":18,"relics_obtained":["Art of War"],"max_hp_gain":0,"max_hp_loss":0,"event_name":"Scrap Ooze","floor":2,"gold_loss":0},{"damage_healed":0,"gold_gain":0,"player_choice":"Upgraded","damage_taken":0,"max_hp_gain":0,"max_hp_loss":0,"event_name":"Upgrade Shrine","floor":3,"gold_loss":0,"cards_upgraded":["Rupture"]}],"is_beta":false,"boss_relics":[{"not_picked":["Coffee Dripper","Calling Bell"],"picked":"Snecko Eye"}],"items_purged_floors":[10],"is_endless":false,"potions_floor_spawned":[4,5,8,11,19,21],"killed_by":"Book of Stabbing","ascension_level":12}