{"gold_per_floor":[109,119,138,157,157,157,168,187,187,187,37,52,62,72,72,72],"floor_reached":16,"playtime":1152,"items_purged":["Strike_G"],"score":98,"play_id":"0148ac77-9bcf-428f-8cba-e3628037a725","local_time":"20190708013541","is_ascension_mode":false,"campfire_choices":[{"floor":6,"key":"REST"},{"floor":10,"key":"REST"},{"floor":15,"key":"REST"}],"neow_cost":"NONE","seed_source_timestamp":1289406422616300,"circlet_count":0,"master_deck":["Strike_G","Strike_G","Strike_G","Strike_G","Defend_G","Defend_G","Defend_G","Defend_G","Defend_G","Survivor","Neutralize","Terror","Skewer","Masterful Stab","Escape Plan","Eviscerate","Escape Plan","Backstab+1","Backflip","Well Laid Plans","Bullet Time"],"relics":["Fusion Hammer","GremlinMask","Molten Egg 2"],"potions_floor_usage":[16,16,16],"damage_taken":[{"damage":0,"enemies":"2 Louse","floor":1,"turns":2},{"damage":1,"enemies":"Cultist","floor":2,"turns":3},{"damage":1,"enemies":"Jaw Worm","floor":3,"turns":2},{"damage":0,"enemies":"Looter","floor":4,"turns":2},{"damage":14,"enemies":"Blue Slaver","floor":7,"turns":3},{"damage":1,"enemies":"Lots of Slimes","floor":8,"turns":5},{"damage":0,"enemies":"Exordium Wildlife","floor":12,"turns":2},{"damage":13,"enemies":"3 Louse","floor":13,"turns":3},{"damage":17,"enemies":"Exordium Thugs","floor":14,"turns":5},{"damage":61,"enemies":"Slime Boss","floor":16,"turns":13}],"seed_played":"-3437061537328437798","potions_obtained":[{"floor":3,"key":"SkillPotion"},{"floor":4,"key":"Block Potion"},{"floor":14,"key":"Explosive Potion"}],"is_trial":false,"path_per_floor":["M","M","M","M","?","R","M","M","T","R","$","M","M","M","R","B"],"character_chosen":"THE_SILENT","items_purchased":["Backstab+1"],"campfire_rested":3,"item_purchase_floors":[11],"current_hp_per_floor":[70,69,68,68,68,70,56,55,55,70,70,70,57,40,61,0],"gold":72,"neow_bonus":"BOSS_RELIC","is_prod":false,"is_daily":false,"chose_seed":false,"campfire_upgraded":0,"win_rate":0.0,"timestamp":1562517341,"path_taken":["M","M","M","M","?","R","?","M","T","R","?","M","M","M","R","BOSS"],"build_version":"2019-07-05","purchased_purges":1,"victory":false,"max_hp_per_floor":[70,70,70,70,70,70,70,70,70,70,70,70,70,70,70,70],"card_choices":[{"not_picked":["Backflip","Infinite Blades"],"picked":"Terror","floor":1},{"not_picked":["Dagger Spray","Blade Dance"],"picked":"Skewer","floor":2},{"not_picked":["Riddle With Holes","Deflect"],"picked":"Masterful Stab","floor":3},{"not_picked":["Deadly Poison","Masterful Stab"],"picked":"Escape Plan","floor":4},{"not_picked":["Dodge and Roll","Catalyst"],"picked":"Eviscerate","floor":7},{"not_picked":["PiercingWail","Blade Dance"],"picked":"Escape Plan","floor":8},{"not_picked":["Outmaneuver","Deadly Poison"],"picked":"Backflip","floor":12},{"not_picked":["Acrobatics","Deflect"],"picked":"Well Laid Plans","floor":13},{"not_picked":["Dagger Throw+1","Tactician"],"picked":"Bullet Time","floor":14}],"player_experience":44761,"relics_obtained":[{"floor":9,"key":"Molten Egg 2"}],"event_choices":[{"damage_healed":0,"gold_gain":0,"player_choice":"Trade","damage_taken":0,"relics_obtained":["GremlinMask"],"max_hp_gain":0,"max_hp_loss":0,"event_name":"FaceTrader","floor":5,"gold_loss":0}],"is_beta":false,"boss_relics":[],"items_purged_floors":[11],"is_endless":false,"potions_floor_spawned":[3,4,14],"killed_by":"Slime Boss","ascension_level":0}