{"gold_per_floor":[110,185,185,285,299,332,344,344,422,486,521,536,536,549,549,654,654,671,671,671,205,222,251,251,282,282,282,293,304,337,90,90,189,189,202,77,177,177,187,187,212,226,226,226,241,270,270,283,283,283],"floor_reached":51,"playtime":2328,"items_purged":["Defend_R","Defend_R","Defend_R"],"score":912,"play_id":"7f12c9cd-820a-4d84-8133-e956b9fe57b8","local_time":"20190317174251","is_ascension_mode":true,"campfire_choices":[{"data":"Rampage","floor":8,"key":"SMITH"},{"data":"Metallicize","floor":13,"key":"SMITH"},{"data":"Inflame","floor":15,"key":"SMITH"},{"data":"Limit Break","floor":24,"key":"SMITH"},{"data":"Fire Breathing","floor":27,"key":"SMITH"},{"floor":32,"key":"REST"},{"data":"1","floor":40,"key":"LIFT"},{"data":"2","floor":47,"key":"LIFT"},{"data":"3","floor":49,"key":"LIFT"}],"neow_cost":"NONE","seed_source_timestamp":233302245574936,"circlet_count":0,"master_deck":["Strike_R","Strike_R","Strike_R","Strike_R","Strike_R","Defend_R+1","Bash+1","Twin Strike","Fire Breathing","Rampage+1","Metallicize+1","Inflame+1","Shockwave","Anger","Limit Break+1","Twin Strike+1","Fire Breathing+1","Spot Weakness","Dual Wield","Dropkick+1","Heavy Blade+1","Heavy Blade+1","Juggernaut","Limit Break"],"relics":["Burning Blood","NeowsBlessing","Ancient Tea Set","Mummified Hand","Matryoshka","Orichalcum","Velvet Choker","MutagenicStrength","StoneCalendar","Oddly Smooth Stone","Torii","Pear","Bottled Tornado","Regal Pillow","Potion Belt","Mark of Pain","Girya","Thread and Needle","Red Skull","Blue Candle","Happy Flower","Sundial"],"potions_floor_usage":[41,50,50],"damage_taken":[{"damage":0,"enemies":"Cultist","floor":1,"turns":1},{"damage":0,"enemies":"2 Louse","floor":5,"turns":1},{"damage":0,"enemies":"Lagavulin","floor":6,"turns":1},{"damage":5,"enemies":"Small Slimes","floor":7,"turns":3},{"damage":7,"enemies":"3 Sentries","floor":10,"turns":6},{"damage":24,"enemies":"Gremlin Nob","floor":11,"turns":4},{"damage":1,"enemies":"2 Fungi Beasts","floor":12,"turns":3},{"damage":0,"enemies":"Exordium Wildlife","floor":14,"turns":3},{"damage":12,"enemies":"Hexaghost","floor":16,"turns":6},{"damage":23,"enemies":"2 Thieves","floor":18,"turns":4},{"damage":0,"enemies":"3 Byrds","floor":22,"turns":3},{"damage":6,"enemies":"Book of Stabbing","floor":23,"turns":3},{"damage":30,"enemies":"Gremlin Leader","floor":25,"turns":6},{"damage":8,"enemies":"Snake Plant","floor":28,"turns":3},{"damage":0,"enemies":"Chosen and Byrds","floor":29,"turns":3},{"damage":18,"enemies":"Book of Stabbing","floor":30,"turns":3},{"damage":50,"enemies":"Champ","floor":33,"turns":7},{"damage":9,"enemies":"Orb Walker","floor":35,"turns":2},{"damage":22,"enemies":"Mind Bloom Boss Battle","floor":37,"turns":5},{"damage":11,"enemies":"3 Shapes","floor":39,"turns":3},{"damage":35,"enemies":"Nemesis","floor":41,"turns":5},{"damage":17,"enemies":"Sphere and 2 Shapes","floor":42,"turns":2},{"damage":0,"enemies":"3 Darklings","floor":45,"turns":3},{"damage":7,"enemies":"Reptomancer","floor":46,"turns":4},{"damage":0,"enemies":"Jaw Worm Horde","floor":48,"turns":2},{"damage":37,"enemies":"Awakened One","floor":50,"turns":5}],"seed_played":"5051013662244718456","potions_obtained":[{"floor":5,"key":"Swift Potion"},{"floor":6,"key":"Ancient Potion"},{"floor":11,"key":"PowerPotion"},{"floor":33,"key":"SkillPotion"},{"floor":39,"key":"Ancient Potion"},{"floor":42,"key":"Dexterity Potion"},{"floor":46,"key":"Swift Potion"},{"floor":48,"key":"Energy Potion"}],"is_trial":false,"path_per_floor":["M","?","?","?","M","E","M","R","T","?","E","M","R","M","R","B",null,"M","?","?","$","M","E","R","E","T","R","M","M","E","$","R","B",null,"M","$","?","?","M","R","E","M","T","?","M","E","R","M","R","B",null],"character_chosen":"IRONCLAD","items_purchased":["StoneCalendar","Fire Breathing","Spot Weakness","Potion Belt"],"campfire_rested":1,"item_purchase_floors":[21,21,21,31],"current_hp_per_floor":[80,69,53,53,59,65,66,66,66,65,47,52,52,58,58,52,80,63,63,48,48,54,54,54,30,40,40,38,44,32,32,75,31,95,92,92,76,76,71,71,42,31,31,31,37,36,36,42,42,11],"gold":283,"neow_bonus":"THREE_ENEMY_KILL","is_prod":false,"is_daily":false,"chose_seed":false,"campfire_upgraded":5,"win_rate":0,"timestamp":1552869771,"path_taken":["M","?","?","?","?","E","?","R","T","?","E","M","R","M","R","BOSS","M","?","?","?","M","E","R","E","T","R","M","M","E","$","R","BOSS","M","$","?","?","?","R","E","M","T","?","?","E","R","M","R","BOSS"],"build_version":"2019-01-23","purchased_purges":3,"victory":true,"max_hp_per_floor":[80,80,80,80,80,80,80,80,80,80,80,80,80,80,80,80,80,80,80,85,85,85,85,85,85,95,95,95,95,95,95,95,95,95,95,95,95,95,95,95,95,95,95,95,95,95,95,95,95,95],"card_choices":[{"not_picked":["Clash","Thunderclap"],"picked":"Twin Strike","floor":1},{"not_picked":["Sword Boomerang","Flex"],"picked":"Fire Breathing","floor":5},{"not_picked":["True Grit","Power Through"],"picked":"Rampage","floor":6},{"not_picked":["Whirlwind","Sword Boomerang"],"picked":"Metallicize","floor":7},{"not_picked":["True Grit","Clothesline"],"picked":"Inflame","floor":10},{"not_picked":["Rampage","Disarm"],"picked":"Shockwave","floor":11},{"not_picked":["Wild Strike","Feel No Pain"],"picked":"Anger","floor":12},{"not_picked":["Thunderclap","Perfected Strike","Clothesline"],"picked":"SKIP","floor":14},{"not_picked":["Reaper","Offering"],"picked":"Limit Break","floor":16},{"not_picked":["Sword Boomerang","Intimidate+1"],"picked":"Twin Strike+1","floor":18},{"not_picked":["Shrug It Off","Twin Strike"],"picked":"Dual Wield","floor":22},{"not_picked":["Reckless Charge","Sword Boomerang","Uppercut"],"picked":"SKIP","floor":23},{"not_picked":["Evolve+1","Wild Strike+1"],"picked":"Dropkick+1","floor":25},{"not_picked":["Sever Soul","Carnage"],"picked":"Heavy Blade+1","floor":28},{"not_picked":["Iron Wave","Warcry+1"],"picked":"Heavy Blade+1","floor":29},{"not_picked":["Thunderclap+1","Feel No Pain","Spot Weakness+1"],"picked":"SKIP","floor":30},{"not_picked":["Impervious","Bludgeon"],"picked":"Juggernaut","floor":33},{"not_picked":["Iron Wave+1","Clash","Anger+1"],"picked":"SKIP","floor":35},{"not_picked":["Havoc","Perfected Strike+1","Ghostly Armor+1"],"picked":"SKIP","floor":39},{"not_picked":["Dual Wield","True Grit","Thunderclap+1"],"picked":"SKIP","floor":41},{"not_picked":["Iron Wave","Armaments"],"picked":"Limit Break","floor":42},{"not_picked":["Intimidate+1","Pommel Strike","Shrug It Off+1"],"picked":"SKIP","floor":45},{"not_picked":["Burning Pact","Intimidate","Shrug It Off"],"picked":"SKIP","floor":46},{"not_picked":["Dark Embrace","Intimidate","Heavy Blade"],"picked":"SKIP","floor":48}],"player_experience":103316,"relics_obtained":[{"floor":6,"key":"Ancient Tea Set"},{"floor":9,"key":"Mummified Hand"},{"floor":11,"key":"Orichalcum"},{"floor":23,"key":"Oddly Smooth Stone"},{"floor":25,"key":"Torii"},{"floor":26,"key":"Pear"},{"floor":26,"key":"Bottled Tornado"},{"floor":30,"key":"Regal Pillow"},{"floor":37,"key":"Girya"},{"floor":41,"key":"Red Skull"},{"floor":43,"key":"Blue Candle"},{"floor":43,"key":"Happy Flower"},{"floor":46,"key":"Sundial"}],"event_choices":[{"damage_healed":0,"gold_gain":75,"player_choice":"Gather Gold","damage_taken":11,"max_hp_gain":0,"max_hp_loss":0,"event_name":"World of Goop","floor":2,"gold_loss":0},{"damage_healed":0,"gold_gain":0,"player_choice":"Entered Light","damage_taken":16,"max_hp_gain":0,"max_hp_loss":0,"event_name":"Shining Light","floor":3,"gold_loss":0,"cards_upgraded":["Defend_R","Bash"]},{"damage_healed":0,"gold_gain":100,"player_choice":"Gold","damage_taken":0,"max_hp_gain":0,"max_hp_loss":0,"event_name":"Wheel of Change","floor":4,"gold_loss":0},{"damage_healed":0,"gold_gain":30,"player_choice":"Searched \u00273\u0027 times","damage_taken":0,"relics_obtained":["Matryoshka"],"max_hp_gain":0,"max_hp_loss":0,"event_name":"Dead Adventurer","floor":10,"gold_loss":0},{"damage_healed":0,"gold_gain":0,"player_choice":"Inject Mutagens","damage_taken":0,"relics_obtained":["MutagenicStrength"],"max_hp_gain":0,"max_hp_loss":0,"event_name":"Drug Dealer","floor":19,"gold_loss":0},{"damage_healed":0,"gold_gain":0,"player_choice":"Shed Blood","damage_taken":20,"max_hp_gain":5,"max_hp_loss":0,"event_name":"Forgotten Altar","floor":20,"gold_loss":0},{"damage_healed":0,"gold_gain":0,"player_choice":"Fight","damage_taken":0,"max_hp_gain":0,"max_hp_loss":0,"event_name":"MindBloom","floor":37,"gold_loss":0},{"damage_healed":0,"gold_gain":0,"player_choice":"Gave Potion","damage_taken":0,"relics_obtained":["Thread and Needle"],"max_hp_gain":0,"max_hp_loss":0,"event_name":"WeMeetAgain","floor":38,"gold_loss":0},{"damage_healed":0,"gold_gain":0,"player_choice":"Ignored","damage_taken":0,"max_hp_gain":0,"max_hp_loss":0,"event_name":"SecretPortal","floor":44,"gold_loss":0}],"is_beta":false,"boss_relics":[{"not_picked":["White Beast Statue","Coffee Dripper"],"picked":"Velvet Choker"},{"not_picked":["Eternal Feather","Calling Bell"],"picked":"Mark of Pain"}],"items_purged_floors":[21,31,36],"is_endless":false,"potions_floor_spawned":[5,6,11,22,23,28,30,33,39,42,46,48],"ascension_level":1}