{"gold_per_floor":[118,43,43,62,80,80,113,128,128,128,128,128,147,162,162,162],"floor_reached":16,"playtime":598,"items_purged":["Strike_B"],"score":107,"play_id":"da855fe1-ddb6-49b2-bd1f-bc3bf9436d55","local_time":"20190406011400","is_ascension_mode":true,"campfire_choices":[{"data":"Rainbow","floor":6,"key":"SMITH"},{"floor":10,"key":"REST"},{"floor":12,"key":"REST"},{"data":"Chaos","floor":15,"key":"SMITH"}],"neow_cost":"NONE","seed_source_timestamp":658252546635391,"circlet_count":0,"master_deck":["Strike_B","Strike_B","Strike_B","Defend_B","Defend_B","Defend_B","Defend_B","Zap","Dualcast","Chaos+1","Rainbow+1","Storm","Chill+1","Thunder Strike","Genetic Algorithm+1"],"relics":["Cracked Core","Toxic Egg 2","Frozen Egg 2","GremlinMask"],"potions_floor_usage":[16],"damage_taken":[{"damage":0,"enemies":"Cultist","floor":1,"turns":3},{"damage":2,"enemies":"Small Slimes","floor":4,"turns":3},{"damage":4,"enemies":"2 Louse","floor":5,"turns":2},{"damage":20,"enemies":"Lagavulin","floor":7,"turns":6},{"damage":53,"enemies":"Gremlin Gang","floor":8,"turns":5},{"damage":13,"enemies":"Exordium Thugs","floor":13,"turns":5},{"damage":1,"enemies":"Large Slime","floor":14,"turns":7},{"damage":41,"enemies":"Slime Boss","floor":16,"turns":7}],"seed_played":"2710574189995096304","potions_obtained":[{"floor":5,"key":"Weak Potion"},{"floor":7,"key":"SmokeBomb"}],"is_trial":false,"path_per_floor":["M","$","?","M","M","R","E","M","T","R","?","R","M","M","R","B"],"character_chosen":"DEFECT","items_purchased":[],"campfire_rested":2,"item_purchase_floors":[],"current_hp_per_floor":[75,75,80,78,74,74,54,1,1,25,25,49,36,35,35,0],"gold":162,"neow_bonus":"THREE_CARDS","is_prod":false,"is_daily":false,"chose_seed":false,"campfire_upgraded":2,"win_rate":0,"timestamp":1554538440,"path_taken":["M","?","?","M","M","R","E","M","T","R","?","R","M","?","R","BOSS"],"build_version":"2019-01-23","purchased_purges":1,"victory":false,"max_hp_per_floor":[75,75,80,80,80,80,80,80,80,80,80,80,80,80,80,80],"card_choices":[{"not_picked":["Stack","Turbo"],"picked":"Chaos","floor":0},{"not_picked":["Steam","Go for the Eyes","Stack"],"picked":"SKIP","floor":1},{"not_picked":["Go for the Eyes","Turbo"],"picked":"Rainbow","floor":4},{"not_picked":["Beam Cell","Hologram","FTL"],"picked":"SKIP","floor":5},{"not_picked":["Beam Cell","Turbo"],"picked":"Storm","floor":7},{"not_picked":["Rip and Tear","Rebound"],"picked":"Chill+1","floor":8},{"not_picked":["FTL","Ball Lightning"],"picked":"Thunder Strike","floor":13},{"not_picked":["Sweeping Beam","Chill+1"],"picked":"Genetic Algorithm+1","floor":14}],"player_experience":161220,"relics_obtained":[{"floor":7,"key":"Toxic Egg 2"},{"floor":9,"key":"Frozen Egg 2"}],"event_choices":[{"damage_healed":0,"gold_gain":0,"player_choice":"Donut","damage_taken":0,"max_hp_gain":5,"max_hp_loss":0,"event_name":"Big Fish","floor":3,"gold_loss":0},{"damage_healed":0,"gold_gain":0,"player_choice":"Trade","damage_taken":0,"relics_obtained":["GremlinMask"],"max_hp_gain":0,"max_hp_loss":0,"event_name":"FaceTrader","floor":11,"gold_loss":0}],"is_beta":false,"boss_relics":[],"items_purged_floors":[2],"is_endless":false,"potions_floor_spawned":[5,7],"killed_by":"Slime Boss","ascension_level":1}