{"gold_per_floor":[113,127,127,92,105,105,128,128,128,156,156,156,171,186,186,284,284,295,107,107,117,117,117,117,117,143,143,143,159,172,271,271,370,370,380,391,41,41,41,41,41,41,112,112,147,72,82,82,82,82],"floor_reached":50,"playtime":3119,"items_purged":["Writhe"],"score":489,"play_id":"d439694e-bbc9-4064-a898-c035bfc101dd","local_time":"20190610185430","is_ascension_mode":false,"campfire_choices":[{"data":"Static Discharge","floor":6,"key":"SMITH"},{"floor":15,"key":"REST"},{"data":"Echo Form","floor":23,"key":"SMITH"},{"data":"Static Discharge","floor":25,"key":"SMITH"},{"floor":27,"key":"REST"},{"floor":32,"key":"REST"},{"data":"Capacitor","floor":40,"key":"SMITH"},{"data":"Electrodynamics","floor":42,"key":"SMITH"},{"floor":49,"key":"REST"}],"neow_cost":"NONE","seed_source_timestamp":187822142279054,"circlet_count":0,"master_deck":["Strike_B+1","Strike_B+1","Strike_B+1","Strike_B+1","Defend_B+1","Defend_B+1","Defend_B+1","Zap","Dualcast","Static Discharge+1","Echo Form+1","Redo","Go for the Eyes","Redo","Electrodynamics","Chaos","The Bomb","Static Discharge+1","Capacitor","Electrodynamics+1","Gash","Leap","BootSequence","Capacitor+1"],"relics":["Cracked Core","Lantern","Meat on the Bone","Dodecahedron","White Beast Statue","Anchor","Runic Pyramid","Lee\u0027s Waffle","Kunai","StoneCalendar"],"potions_floor_usage":[33,33,50,50,50],"damage_taken":[{"damage":6,"enemies":"Cultist","floor":1,"turns":4},{"damage":7,"enemies":"Small Slimes","floor":2,"turns":3},{"damage":3,"enemies":"Jaw Worm","floor":5,"turns":4},{"damage":21,"enemies":"Lagavulin","floor":10,"turns":5},{"damage":16,"enemies":"Large Slime","floor":13,"turns":3},{"damage":7,"enemies":"3 Louse","floor":14,"turns":3},{"damage":50,"enemies":"Hexaghost","floor":16,"turns":5},{"damage":6,"enemies":"3 Byrds","floor":18,"turns":2},{"damage":14,"enemies":"Spheric Guardian","floor":21,"turns":3},{"damage":27,"enemies":"Cultist and Chosen","floor":29,"turns":4},{"damage":6,"enemies":"Chosen and Byrds","floor":30,"turns":4},{"damage":36,"enemies":"Champ","floor":33,"turns":8},{"damage":50,"enemies":"3 Shapes","floor":35,"turns":4},{"damage":28,"enemies":"Orb Walker","floor":36,"turns":4},{"damage":46,"enemies":"Nemesis","floor":45,"turns":7},{"damage":32,"enemies":"Maw","floor":47,"turns":7},{"damage":59,"enemies":"Time Eater","floor":50,"turns":6}],"seed_played":"-3099714542857531798","potions_obtained":[{"floor":1,"key":"PowerPotion"},{"floor":2,"key":"AttackPotion"},{"floor":10,"key":"Ancient Potion"},{"floor":14,"key":"Strength Potion"},{"floor":33,"key":"Energy Potion"},{"floor":36,"key":"SkillPotion"},{"floor":45,"key":"Explosive Potion"}],"is_trial":false,"path_per_floor":["M","M","?","?","M","R","T","?","T","E","$","?","M","M","R","B",null,"M","$","?","M","$","R","?","R","T","R","?","M","M","?","R","B",null,"M","M","$","?","$","R","?","R","T","?","E","$","M","?","R","B"],"character_chosen":"DEFECT","items_purchased":["The Bomb","BootSequence","Lee\u0027s Waffle","Capacitor"],"campfire_rested":4,"item_purchase_floors":[19,37,37,37],"current_hp_per_floor":[76,69,53,73,70,70,70,70,70,49,49,49,45,50,74,36,82,76,76,76,62,62,62,62,62,62,82,66,51,45,45,71,47,87,49,33,94,94,94,94,94,94,94,94,48,48,28,19,47,0],"gold":82,"neow_bonus":"TEN_PERCENT_HP_BONUS","is_prod":false,"is_daily":false,"chose_seed":false,"campfire_upgraded":5,"win_rate":0.0,"timestamp":1560210870,"path_taken":["M","M","?","?","M","R","?","?","T","E","$","?","M","?","R","BOSS","M","$","?","M","$","R","?","R","T","R","?","M","M","?","R","BOSS","M","M","$","?","$","R","?","R","T","?","E","$","M","?","R","BOSS"],"build_version":"2019-01-23","purchased_purges":1,"victory":false,"max_hp_per_floor":[82,82,82,82,82,82,82,82,82,82,82,82,82,82,82,82,82,82,82,82,82,82,82,82,82,82,82,87,87,87,87,87,87,87,87,87,94,94,94,94,94,94,94,94,94,94,94,94,94,94],"card_choices":[{"not_picked":["Defragment","Ball Lightning"],"picked":"Static Discharge","floor":1},{"not_picked":["Defragment","Chill"],"picked":"Streamline","floor":2},{"not_picked":["Stack","Beam Cell","Undo"],"picked":"SKIP","floor":5},{"not_picked":["Creative AI","Doom and Gloom"],"picked":"Redo","floor":10},{"not_picked":["Beam Cell","Cold Snap"],"picked":"Go for the Eyes","floor":13},{"not_picked":["Sweeping Beam","Ball Lightning"],"picked":"Redo","floor":14},{"not_picked":["Meteor Strike","Seek"],"picked":"Electrodynamics","floor":16},{"not_picked":["Turbo+1","Redo"],"picked":"Chaos","floor":18},{"not_picked":["Coolheaded","White Noise","Barrage"],"picked":"SKIP","floor":21},{"not_picked":["Darkness","Go for the Eyes+1","Cold Snap+1"],"picked":"SKIP","floor":29},{"not_picked":["Rebound","Compile Driver"],"picked":"Capacitor","floor":30},{"not_picked":["All For One","Echo Form"],"picked":"Electrodynamics","floor":33},{"not_picked":["Turbo+1","Redo"],"picked":"Gash","floor":35},{"not_picked":["Compile Driver","Undo"],"picked":"Leap","floor":36},{"not_picked":["Fusion","Rip and Tear","Streamline+1"],"picked":"SKIP","floor":45},{"not_picked":["Redo","Tempest","Turbo+1"],"picked":"SKIP","floor":47}],"player_experience":113197,"relics_obtained":[{"floor":7,"key":"Lantern"},{"floor":9,"key":"Meat on the Bone"},{"floor":10,"key":"Dodecahedron"},{"floor":26,"key":"Anchor"},{"floor":43,"key":"Kunai"},{"floor":45,"key":"StoneCalendar"}],"event_choices":[{"damage_healed":0,"gold_gain":0,"player_choice":"Entered Light","damage_taken":16,"max_hp_gain":0,"max_hp_loss":0,"event_name":"Shining Light","floor":3,"gold_loss":0,"cards_upgraded":["Strike_B","Strike_B"]},{"damage_healed":20,"gold_gain":0,"player_choice":"Healed","damage_taken":0,"max_hp_gain":0,"max_hp_loss":0,"event_name":"The Cleric","floor":4,"gold_loss":35},{"damage_healed":0,"gold_gain":0,"cards_transformed":["Streamline"],"player_choice":"Change","damage_taken":0,"max_hp_gain":0,"max_hp_loss":0,"event_name":"Living Wall","floor":8,"gold_loss":0,"cards_obtained":["Echo Form"]},{"damage_healed":0,"gold_gain":0,"player_choice":"Bought 0 Potions","damage_taken":0,"max_hp_gain":0,"max_hp_loss":0,"event_name":"The Woman in Blue","floor":12,"gold_loss":0},{"damage_healed":0,"gold_gain":0,"player_choice":"Simplicity","damage_taken":0,"max_hp_gain":0,"max_hp_loss":0,"event_name":"Back to Basics","floor":20,"gold_loss":0,"cards_upgraded":["Strike_B","Strike_B","Defend_B","Defend_B","Defend_B","Defend_B"]},{"damage_healed":0,"gold_gain":0,"player_choice":"Read","damage_taken":0,"max_hp_gain":0,"max_hp_loss":0,"event_name":"The Library","floor":24,"gold_loss":0,"cards_obtained":["Static Discharge"]},{"damage_healed":0,"gold_gain":0,"player_choice":"Shed Blood","damage_taken":21,"max_hp_gain":5,"max_hp_loss":0,"event_name":"Forgotten Altar","floor":28,"gold_loss":0},{"damage_healed":0,"gold_gain":99,"player_choice":"Stole From Cult","damage_taken":0,"max_hp_gain":0,"max_hp_loss":0,"event_name":"Nest","floor":31,"gold_loss":0},{"damage_healed":24,"gold_gain":0,"player_choice":"Writhe","damage_taken":0,"max_hp_gain":0,"max_hp_loss":0,"event_name":"Winding Halls","floor":38,"gold_loss":0,"cards_obtained":["Writhe"]},{"damage_healed":0,"gold_gain":0,"player_choice":"Ignored","damage_taken":0,"max_hp_gain":0,"max_hp_loss":0,"event_name":"Tomb of Lord Red Mask","floor":41,"gold_loss":0},{"cards_removed":["Defend_B"],"damage_healed":0,"gold_gain":0,"player_choice":"Removed Skill","damage_taken":0,"max_hp_gain":0,"max_hp_loss":0,"event_name":"Falling","floor":44,"gold_loss":0},{"damage_healed":0,"gold_gain":0,"player_choice":"Damaged","damage_taken":9,"max_hp_gain":0,"max_hp_loss":0,"event_name":"Wheel of Change","floor":48,"gold_loss":0}],"is_beta":false,"boss_relics":[{"not_picked":["Fusion Hammer","Empty Cage"],"picked":"White Beast Statue"},{"not_picked":["Tiny House","Coffee Dripper"],"picked":"Runic Pyramid"}],"items_purged_floors":[46],"is_endless":false,"potions_floor_spawned":[1,2,10,14,18,21,29,30,33,35,36,45,47],"killed_by":"Time Eater","ascension_level":0}