{"gold_per_floor":[109,126,126,153,164,494,494,494,494,514,542,542,542,555,555,555],"floor_reached":16,"playtime":1349,"items_purged":[],"score":110,"play_id":"d5985f54-a073-4c99-b29c-1e41c181bd3b","local_time":"20190709230326","is_ascension_mode":false,"campfire_choices":[{"floor":7,"key":"RECALL"},{"floor":15,"key":"REST"}],"neow_cost":"NONE","seed_source_timestamp":1869698173287940,"circlet_count":0,"master_deck":["Strike_B","Strike_B","Strike_B","Strike_B","Defend_B","Defend_B","Defend_B","Defend_B","Zap","Dualcast","Chill+1","Redo","Leap","Glacier"],"relics":["Cracked Core","Strawberry","Old Coin","Letter Opener","Blue Candle","Golden Idol"],"potions_floor_usage":[16,16],"damage_taken":[{"damage":0,"enemies":"Small Slimes","floor":1,"turns":3},{"damage":2,"enemies":"Jaw Worm","floor":2,"turns":4},{"damage":0,"enemies":"2 Louse","floor":5,"turns":2},{"damage":19,"enemies":"3 Sentries","floor":6,"turns":9},{"damage":0,"enemies":"Lots of Slimes","floor":10,"turns":3},{"damage":24,"enemies":"Lagavulin","floor":11,"turns":7},{"damage":5,"enemies":"Blue Slaver","floor":14,"turns":3},{"damage":65,"enemies":"Hexaghost","floor":16,"turns":17}],"seed_played":"-8194973815300571298","potions_obtained":[{"floor":5,"key":"Swift Potion"},{"floor":14,"key":"EssenceOfSteel"}],"is_trial":false,"path_per_floor":["M","M","?","T","M","E","R","T","T","M","E","?","?","M","R","B"],"character_chosen":"DEFECT","items_purchased":[],"campfire_rested":1,"item_purchase_floors":[],"current_hp_per_floor":[82,80,80,87,87,68,68,68,68,68,44,44,44,39,65,0],"gold":555,"neow_bonus":"TEN_PERCENT_HP_BONUS","is_prod":false,"is_daily":false,"chose_seed":false,"campfire_upgraded":0,"win_rate":0,"timestamp":1562731406,"path_taken":["M","M","?","?","M","E","R","?","T","M","E","?","?","M","R","BOSS"],"build_version":"2019-07-05","purchased_purges":0,"victory":false,"max_hp_per_floor":[82,82,82,89,89,89,89,89,89,89,89,89,89,89,89,89],"card_choices":[{"not_picked":["Streamline","Aggregate","Hologram"],"picked":"SKIP","floor":1},{"not_picked":["Stack","Thunder Strike"],"picked":"Chill","floor":2},{"not_picked":["Stack","Turbo","Streamline"],"picked":"SKIP","floor":5},{"not_picked":["Consume","Go for the Eyes"],"picked":"Redo","floor":6},{"not_picked":["Thunder Strike","Darkness"],"picked":"Leap","floor":10},{"not_picked":["Reinforced Body","Chaos"],"picked":"Glacier","floor":11},{"not_picked":["Coolheaded","Gash","Streamline"],"picked":"SKIP","floor":14}],"player_experience":313379,"relics_obtained":[{"floor":4,"key":"Strawberry"},{"floor":6,"key":"Old Coin"},{"floor":9,"key":"Letter Opener"},{"floor":11,"key":"Blue Candle"}],"event_choices":[{"damage_healed":0,"gold_gain":0,"player_choice":"Grow","damage_taken":0,"max_hp_gain":0,"max_hp_loss":0,"event_name":"Living Wall","floor":3,"gold_loss":0,"cards_upgraded":["Chill"]},{"damage_healed":0,"gold_gain":0,"player_choice":"Take Wound","damage_taken":0,"relics_obtained":["Golden Idol"],"max_hp_gain":0,"max_hp_loss":0,"event_name":"Golden Idol","floor":12,"gold_loss":0,"cards_obtained":["Injury"]},{"cards_removed":["Injury"],"damage_healed":0,"gold_gain":0,"player_choice":"Removed Curses","damage_taken":0,"max_hp_gain":0,"max_hp_loss":0,"event_name":"Fountain of Cleansing","floor":13,"gold_loss":0}],"is_beta":false,"boss_relics":[],"items_purged_floors":[],"is_endless":false,"potions_floor_spawned":[5,14],"killed_by":"Hexaghost","ascension_level":0}