{"gold_per_floor":[113,128,53,73,73,73,93,123,123,153,171,191,246,116,116,189,189,209,221,136,136,136,150,150,183,183,193,193],"floor_reached":28,"playtime":1864,"items_purged":["Strike_G"],"score":488,"play_id":"c16b2c79-120d-42f4-9cae-56a4184b6900","local_time":"20190621163501","is_ascension_mode":true,"campfire_choices":[{"data":"Neutralize","floor":6.0,"key":"SMITH"},{"floor":15.0,"key":"REST"},{"floor":24.0,"key":"REST"}],"neow_cost":"TEN_PERCENT_HP_LOSS","seed_source_timestamp":0,"circlet_count":0,"master_deck":["AscendersBane","Defend_G","Defend_G","Defend_G","Defend_G","Defend_G","Strike_G","Survivor","Neutralize+1","Quick Slash","Predator","Deflect","Footwork","Cloak And Dagger","Masterful Stab","Infinite Blades","Blade Dance","Corpse Explosion","Acrobatics","Dagger Spray","Ghostly","Ghostly","Ghostly","Deflect","Dagger Throw"],"special_seed":0,"relics":["Ring of the Snake","Paper Crane","Shuriken","Omamori","Philosopher\u0027s Stone","Centennial Puzzle","Enchiridion","Blood Vial","Pantograph"],"potions_floor_usage":[27],"damage_taken":[{"damage":2.0,"enemies":"Jaw Worm","floor":1.0,"turns":7.0},{"damage":0.0,"enemies":"Small Slimes","floor":2.0,"turns":3.0},{"damage":0.0,"enemies":"2 Louse","floor":4.0,"turns":2.0},{"damage":13.0,"enemies":"Large Slime","floor":7.0,"turns":6.0},{"damage":7.0,"enemies":"Gremlin Nob","floor":8.0,"turns":5.0},{"damage":19.0,"enemies":"Lagavulin","floor":10.0,"turns":6.0},{"damage":0.0,"enemies":"Looter","floor":11.0,"turns":5.0},{"damage":0.0,"enemies":"Blue Slaver","floor":12.0,"turns":3.0},{"damage":26.0,"enemies":"Slime Boss","floor":16.0,"turns":9.0},{"damage":0.0,"enemies":"Chosen","floor":18.0,"turns":4.0},{"damage":23.0,"enemies":"2 Thieves","floor":19.0,"turns":3.0},{"damage":0.0,"enemies":"Snake Plant","floor":23.0,"turns":5.0},{"damage":8.0,"enemies":"Gremlin Leader","floor":25.0,"turns":7.0},{"damage":4,"enemies":"Snecko","floor":27,"turns":6},{"damage":10,"enemies":"Chosen and Byrds","floor":28,"turns":3}],"seed_played":"959087056812518143","potions_obtained":[{"floor":4.0,"key":"GhostInAJar"},{"floor":8.0,"key":"Swift Potion"},{"floor":11.0,"key":"AttackPotion"},{"floor":12.0,"key":"LiquidBronze"},{"floor":19.0,"key":"Block Potion"},{"floor":25.0,"key":"SpeedPotion"}],"is_trial":false,"path_per_floor":["M","M","?","M","?","R","M","E","T","E","M","M","?","$","R","B",null,"M","M","?","?","?","M","R","E","T","M","M"],"character_chosen":"THE_SILENT","items_purchased":["Blade Dance"],"campfire_rested":2,"item_purchase_floors":[14],"current_hp_per_floor":[57,57,57,57,52,52,39,32,32,13,13,13,13,13,31,5,46,46,23,23,2,2,2,11,3,3,1,0],"gold":193,"neow_bonus":"REMOVE_TWO","is_prod":false,"is_daily":false,"chose_seed":false,"campfire_upgraded":1,"win_rate":0,"timestamp":1561160101,"path_taken":["M","M","?","M","?","R","M","E","T","E","M","M","?","$","R","BOSS","M","M","?","?","?","M","R","E","T","M","M"],"build_version":"2019-01-23","purchased_purges":1,"victory":false,"max_hp_per_floor":[60,60,60,60,60,60,60,60,60,60,60,60,60,60,60,60,60,60,60,60,60,30,30,30,30,30,30,30],"card_choices":[{"not_picked":["PiercingWail","Caltrops"],"picked":"Quick Slash","floor":1.0},{"not_picked":["Expertise","Dodge and Roll"],"picked":"Predator","floor":2.0},{"not_picked":["Bouncing Flask","Backflip"],"picked":"Deflect","floor":4.0},{"not_picked":["Deflect","Bane"],"picked":"Footwork","floor":7.0},{"not_picked":["Setup","Envenom","PiercingWail"],"picked":"SKIP","floor":8.0},{"not_picked":["Heel Hook","Riddle With Holes"],"picked":"Cloak And Dagger","floor":10.0},{"not_picked":["Sucker Punch","Prepared"],"picked":"Masterful Stab","floor":11.0},{"not_picked":["Caltrops","Underhanded Strike"],"picked":"Infinite Blades","floor":12.0},{"not_picked":["Adrenaline","Malaise"],"picked":"Corpse Explosion","floor":16.0},{"not_picked":["Bane","PiercingWail"],"picked":"Acrobatics","floor":18.0},{"not_picked":["Noxious Fumes","Dodge and Roll"],"picked":"Dagger Spray","floor":19.0},{"not_picked":["All Out Attack","Quick Slash"],"picked":"Deflect","floor":23.0},{"not_picked":["Choke+1","Tactician","Bullet Time"],"picked":"SKIP","floor":25.0},{"not_picked":["Endless Agony","Slice"],"picked":"Dagger Throw","floor":27}],"player_experience":1296761,"relics_obtained":[{"floor":8.0,"key":"Shuriken"},{"floor":10.0,"key":"Omamori"},{"floor":21.0,"key":"Enchiridion"},{"floor":25.0,"key":"Blood Vial"},{"floor":26.0,"key":"Pantograph"}],"event_choices":[{"cards_removed":["Strike_G"],"damage_healed":0.0,"max_hp_gain":0.0,"max_hp_loss":0.0,"gold_gain":0.0,"event_name":"The Cleric","player_choice":"Card Removal","floor":3.0,"gold_loss":75.0,"damage_taken":0.0},{"damage_healed":0.0,"max_hp_gain":0.0,"max_hp_loss":0.0,"gold_gain":0.0,"event_name":"Scrap Ooze","player_choice":"Success","floor":5.0,"gold_loss":0.0,"damage_taken":5.0,"relics_obtained":["Paper Crane"]},{"damage_healed":0.0,"max_hp_gain":0.0,"max_hp_loss":0.0,"gold_gain":55.0,"event_name":"Golden Wing","player_choice":"Gained Gold","floor":13.0,"gold_loss":0.0,"damage_taken":0.0},{"damage_healed":0.0,"max_hp_gain":0.0,"max_hp_loss":0.0,"gold_gain":0.0,"event_name":"Addict","player_choice":"Obtained Relic","floor":20.0,"gold_loss":85.0,"damage_taken":0.0,"relics_obtained":["Centennial Puzzle"]},{"damage_healed":0.0,"max_hp_gain":0.0,"max_hp_loss":0.0,"gold_gain":0.0,"event_name":"Cursed Tome","player_choice":"Obtained Book","floor":21.0,"gold_loss":0.0,"damage_taken":21.0},{"damage_healed":0.0,"max_hp_gain":0.0,"max_hp_loss":30.0,"gold_gain":0.0,"event_name":"Ghosts","player_choice":"Became a Ghost","floor":22.0,"gold_loss":0.0,"damage_taken":0.0,"cards_obtained":["Ghostly","Ghostly","Ghostly"]}],"is_beta":false,"boss_relics":[{"not_picked":["Orrery","Tiny House"],"picked":"Philosopher\u0027s Stone"}],"items_purged_floors":[14],"is_endless":false,"potions_floor_spawned":[4,8,11,12,19,23,25],"killed_by":"Chosen and Byrds","ascension_level":19}