{"gold_per_floor":[110,121,71,90,90,90,122,122,122,138,148,168,6,6,6,107,107,126,136,55,55],"floor_reached":21,"playtime":946,"items_purged":[],"score":190,"play_id":"1cbe5816-e35a-4114-8eef-37f98ad3fd42","local_time":"20190324162329","is_ascension_mode":true,"campfire_choices":[{"data":"Barrage","floor":6,"key":"SMITH"},{"data":"Heatsinks","floor":8,"key":"SMITH"},{"floor":15,"key":"REST"}],"neow_cost":"NONE","seed_source_timestamp":1278600820630,"circlet_count":0,"master_deck":["Strike_B","Strike_B","Strike_B","Defend_B","Defend_B","Defend_B","Defend_B","Zap","Dualcast","Barrage+1","Reinforced Body","Double Energy","Heatsinks+1","Defragment","Electrodynamics","Machine Learning","Leap","Melter+1","Self Repair"],"relics":["Cracked Core","NeowsBlessing","Anchor","Bottled Tornado","Pantograph","Lizard Tail"],"potions_floor_usage":[16,16,21],"damage_taken":[{"damage":0,"enemies":"2 Louse","floor":1,"turns":1},{"damage":0,"enemies":"Small Slimes","floor":2,"turns":1},{"damage":0,"enemies":"Cultist","floor":4,"turns":1},{"damage":44,"enemies":"Gremlin Nob","floor":7,"turns":6},{"damage":21,"enemies":"Lots of Slimes","floor":10,"turns":5},{"damage":1,"enemies":"2 Fungi Beasts","floor":11,"turns":3},{"damage":8,"enemies":"Gremlin Gang","floor":12,"turns":5},{"damage":41,"enemies":"The Guardian","floor":16,"turns":14},{"damage":35,"enemies":"3 Byrds","floor":18,"turns":4},{"damage":64,"enemies":"Shell Parasite","floor":19,"turns":10},{"damage":17,"enemies":"Snecko","floor":21,"turns":5}],"seed_played":"-5876039567885721134","potions_obtained":[{"floor":1,"key":"Energy Potion"},{"floor":7,"key":"PowerPotion"},{"floor":12,"key":"Weak Potion"},{"floor":16,"key":"FearPotion"},{"floor":19,"key":"SkillPotion"}],"is_trial":false,"path_per_floor":["M","M","?","M","?","R","E","R","T","M","M","M","$","?","R","B",null,"M","M","$","M"],"character_chosen":"DEFECT","items_purchased":["Electrodynamics","Self Repair"],"campfire_rested":1,"item_purchase_floors":[13,20],"current_hp_per_floor":[75,75,75,75,75,75,31,31,31,10,9,1,1,1,23,7,75,40,13,13,0],"gold":55,"neow_bonus":"THREE_ENEMY_KILL","is_prod":false,"is_daily":false,"chose_seed":false,"campfire_upgraded":2,"win_rate":0,"timestamp":1553469809,"path_taken":["M","M","?","M","?","R","E","R","T","?","M","?","$","?","R","BOSS","M","?","$","M"],"build_version":"2019-01-23","purchased_purges":0,"victory":false,"max_hp_per_floor":[75,75,75,75,75,75,75,75,75,75,75,75,75,75,75,75,75,75,75,75,75],"card_choices":[{"not_picked":["Fusion","Go for the Eyes"],"picked":"Barrage","floor":1},{"not_picked":["Streamline","Compile Driver"],"picked":"Reinforced Body","floor":2},{"not_picked":["Compile Driver","Lockon"],"picked":"Double Energy","floor":4},{"not_picked":["Meteor Strike","Chill"],"picked":"Heatsinks","floor":7},{"not_picked":["Doom and Gloom","Streamline","Turbo"],"picked":"SKIP","floor":10},{"not_picked":["Blizzard","Streamline"],"picked":"Defragment","floor":11},{"not_picked":["Chaos","Turbo","Fusion"],"picked":"SKIP","floor":12},{"not_picked":["Hyperbeam","Fission"],"picked":"Machine Learning","floor":16},{"not_picked":["Turbo","Gash"],"picked":"Leap","floor":18},{"not_picked":["Consume","Coolheaded"],"picked":"Melter+1","floor":19}],"player_experience":160274,"relics_obtained":[{"floor":7,"key":"Anchor"},{"floor":9,"key":"Bottled Tornado"}],"event_choices":[{"cards_removed":["Strike_B"],"damage_healed":0,"gold_gain":0,"player_choice":"Card Removal","damage_taken":0,"max_hp_gain":0,"max_hp_loss":0,"event_name":"The Cleric","floor":3,"gold_loss":50},{"damage_healed":0,"gold_gain":0,"player_choice":"Full Heal","damage_taken":0,"max_hp_gain":0,"max_hp_loss":0,"event_name":"Wheel of Change","floor":5,"gold_loss":0},{"damage_healed":0,"gold_gain":0,"player_choice":"Gave Potion","damage_taken":0,"relics_obtained":["Pantograph"],"max_hp_gain":0,"max_hp_loss":0,"event_name":"WeMeetAgain","floor":14,"gold_loss":0}],"is_beta":false,"boss_relics":[{"not_picked":["White Beast Statue","Philosopher\u0027s Stone"],"picked":"Lizard Tail"}],"items_purged_floors":[],"is_endless":false,"potions_floor_spawned":[1,7,12,16,19],"killed_by":"Snecko","ascension_level":1}