{"gold_per_floor":[118,137,62,76,21,21,48,48,48,82,94,94,125,125,125,203,203,217,237,237,237,256,587,603,603,603,630,207,207,234,15,15,15],"floor_reached":33,"playtime":4501,"items_purged":[],"score":723,"play_id":"0532f2f2-98db-4ac3-afe4-f0915b7de5f6","local_time":"20190626211555","is_ascension_mode":true,"campfire_choices":[{"data":"Neutralize","floor":6.0,"key":"SMITH"},{"data":"Skewer","floor":8.0,"key":"SMITH"},{"floor":12.0,"key":"REST"},{"data":"After Image","floor":15.0,"key":"SMITH"},{"data":"Well Laid Plans","floor":25,"key":"SMITH"},{"floor":29,"key":"REST"},{"data":"Corpse Explosion","floor":32,"key":"SMITH"}],"neow_cost":"NONE","seed_source_timestamp":0,"circlet_count":0,"master_deck":["AscendersBane","Defend_G+1","Defend_G+1","Defend_G+1","Defend_G+1","Defend_G+1","Survivor","Neutralize+1","Poisoned Stab","Cloak And Dagger","Backstab","Poisoned Stab","Skewer+1","Well Laid Plans+1","After Image+1","Cloak And Dagger+1","Corpse Explosion+1","Wraith Form v2+1","Poisoned Stab+1","Endless Agony+1","Dodge and Roll","Accuracy","Backflip","Terror","Flechettes","Backflip","Wraith Form v2+1","PiercingWail"],"special_seed":0,"relics":["Ring of the Snake","Unceasing Top","FossilizedHelix","Orichalcum","PreservedInsect","Astrolabe","Old Coin","Sundial","Pear","DollysMirror","Bronze Scales","Centennial Puzzle","TwistedFunnel"],"potions_floor_usage":[27,27],"damage_taken":[{"damage":0.0,"enemies":"2 Louse","floor":1.0,"turns":2.0},{"damage":0.0,"enemies":"Small Slimes","floor":2.0,"turns":3.0},{"damage":1.0,"enemies":"Cultist","floor":4.0,"turns":5.0},{"damage":30.0,"enemies":"Gremlin Nob","floor":7.0,"turns":4.0},{"damage":15.0,"enemies":"Lagavulin","floor":10.0,"turns":4.0},{"damage":0.0,"enemies":"3 Louse","floor":11.0,"turns":3.0},{"damage":0.0,"enemies":"3 Sentries","floor":13.0,"turns":10.0},{"damage":6.0,"enemies":"The Guardian","floor":16.0,"turns":11.0},{"damage":0.0,"enemies":"Shell Parasite","floor":18.0,"turns":6.0},{"damage":0.0,"enemies":"Spheric Guardian","floor":19.0,"turns":7.0},{"damage":1,"enemies":"Cultist and Chosen","floor":22,"turns":6},{"damage":11,"enemies":"Book of Stabbing","floor":23,"turns":6},{"damage":0,"enemies":"Snecko","floor":24,"turns":5},{"damage":37,"enemies":"Slavers","floor":27,"turns":3},{"damage":3,"enemies":"Gremlin Leader","floor":30,"turns":11},{"damage":69,"enemies":"Automaton","floor":33,"turns":12}],"seed_played":"-434407492767832581","potions_obtained":[{"floor":1.0,"key":"PowerPotion"},{"floor":10.0,"key":"Strength Potion"},{"floor":11.0,"key":"Poison Potion"},{"floor":18.0,"key":"Swift Potion"}],"is_trial":false,"path_per_floor":["M","M","?","M","$","R","E","R","T","E","M","R","E","?","R","B",null,"M","M","?","?","M","E","M","R","T","E","$","R","E","$","R","B"],"character_chosen":"THE_SILENT","items_purchased":["Poisoned Stab","DollysMirror","Bronze Scales","Swift Potion","TwistedFunnel"],"campfire_rested":2,"item_purchase_floors":[5,28,28,28,31],"current_hp_per_floor":[65,65,65,64,64,64,34,34,34,19,19,40,40,18,18,12,57,57,57,57,57,56,45,45,45,45,18,18,42,39,39,39,0],"gold":15,"neow_bonus":"TEN_PERCENT_HP_BONUS","is_prod":false,"is_daily":false,"chose_seed":false,"campfire_upgraded":5,"win_rate":0,"timestamp":1561608955,"path_taken":["M","M","?","M","$","R","E","R","T","E","M","R","E","?","R","BOSS","M","M","?","?","M","E","?","R","T","E","$","R","E","$","R","BOSS"],"build_version":"2019-01-23","purchased_purges":0,"victory":false,"max_hp_per_floor":[72,72,72,72,72,72,72,72,72,72,72,72,72,72,72,72,72,72,72,72,72,72,72,72,72,72,82,82,82,82,82,82,82],"card_choices":[{"not_picked":["Reflex","PiercingWail"],"picked":"Poisoned Stab","floor":1.0},{"not_picked":["Outmaneuver","Setup"],"picked":"Cloak And Dagger","floor":2.0},{"not_picked":["Well Laid Plans","Blade Dance"],"picked":"Backstab","floor":4.0},{"not_picked":["Dodge and Roll","Reflex"],"picked":"Skewer","floor":7.0},{"not_picked":["Bane","Accuracy"],"picked":"Well Laid Plans","floor":10.0},{"not_picked":["Blur","Quick Slash"],"picked":"After Image","floor":11.0},{"not_picked":["Dagger Spray","Quick Slash"],"picked":"Cloak And Dagger","floor":13.0},{"not_picked":["Storm of Steel","Tools of the Trade"],"picked":"Corpse Explosion","floor":16.0},{"not_picked":["Prepared","Deadly Poison","Blade Dance"],"picked":"SKIP","floor":18.0},{"not_picked":["Bane","Eviscerate"],"picked":"Dodge and Roll","floor":19},{"not_picked":["Slice+1","Footwork"],"picked":"Backflip","floor":22},{"not_picked":["Bane","All Out Attack"],"picked":"Terror","floor":23},{"not_picked":["Unload","Acrobatics"],"picked":"Flechettes","floor":24},{"not_picked":["Quick Slash","Footwork"],"picked":"Backflip","floor":27},{"not_picked":["Underhanded Strike","Tactician+1"],"picked":"PiercingWail","floor":30}],"player_experience":1353982,"relics_obtained":[{"floor":7.0,"key":"Unceasing Top"},{"floor":9.0,"key":"FossilizedHelix"},{"floor":10.0,"key":"Orichalcum"},{"floor":13.0,"key":"PreservedInsect"},{"floor":23,"key":"Old Coin"},{"floor":26,"key":"Sundial"},{"floor":27,"key":"Pear"},{"floor":30,"key":"Centennial Puzzle"}],"event_choices":[{"cards_removed":["Strike_G"],"damage_healed":0.0,"max_hp_gain":0.0,"max_hp_loss":0.0,"gold_gain":0.0,"event_name":"The Cleric","player_choice":"Card Removal","floor":3.0,"gold_loss":75.0,"damage_taken":0.0},{"damage_healed":0.0,"max_hp_gain":0.0,"max_hp_loss":0.0,"gold_gain":0.0,"event_name":"Shining Light","player_choice":"Entered Light","floor":14.0,"gold_loss":0.0,"damage_taken":22.0,"cards_upgraded":["Defend_G","Cloak And Dagger"]},{"damage_healed":0,"gold_gain":0,"player_choice":"Simplicity","damage_taken":0,"max_hp_gain":0,"max_hp_loss":0,"event_name":"Back to Basics","floor":20,"gold_loss":0,"cards_upgraded":["Defend_G","Defend_G","Defend_G","Defend_G","Strike_G"]},{"damage_healed":0,"gold_gain":0,"cards_transformed":["Strike_G"],"player_choice":"Transformed","damage_taken":0,"max_hp_gain":0,"max_hp_loss":0,"event_name":"Transmorgrifier","floor":21,"gold_loss":0,"cards_obtained":["Accuracy"]}],"is_beta":false,"boss_relics":[{"not_picked":["Velvet Choker","Philosopher\u0027s Stone"],"picked":"Astrolabe"}],"items_purged_floors":[],"is_endless":false,"potions_floor_spawned":[1,10,11,18,23,24],"killed_by":"Automaton","ascension_level":19}