{"gold_per_floor":[110,123,135,147,147,147,24,41,41,53,70,70,22,42,42,42],"floor_reached":16,"playtime":729,"items_purged":["Strike_B"],"score":106,"play_id":"1b5c7db7-a8bf-4815-908e-17471670738a","local_time":"20190620224910","is_ascension_mode":true,"campfire_choices":[{"data":"Zap","floor":6,"key":"SMITH"},{"data":"Melter","floor":12,"key":"SMITH"},{"data":"Biased Cognition","floor":15,"key":"SMITH"}],"neow_cost":"NONE","seed_source_timestamp":163624028915214,"circlet_count":0,"master_deck":["Strike_B","Defend_B","Defend_B","Defend_B","Defend_B","Zap+1","Dualcast","Conserve Battery","Coolheaded","Redo","Coolheaded","Melter+1","Cold Snap","Biased Cognition+1"],"relics":["Cracked Core","Boot"],"potions_floor_usage":[16,16],"damage_taken":[{"damage":0,"enemies":"2 Louse","floor":1,"turns":3},{"damage":0,"enemies":"Cultist","floor":2,"turns":4},{"damage":2,"enemies":"Jaw Worm","floor":3,"turns":3},{"damage":17,"enemies":"Lots of Slimes","floor":4,"turns":6},{"damage":1,"enemies":"Blue Slaver","floor":8,"turns":2},{"damage":12,"enemies":"3 Louse","floor":10,"turns":4},{"damage":1,"enemies":"Exordium Wildlife","floor":11,"turns":5},{"damage":0,"enemies":"Looter","floor":14,"turns":3},{"damage":44,"enemies":"Hexaghost","floor":16,"turns":16}],"seed_played":"2259640600550451592","potions_obtained":[{"floor":3,"key":"Ancient Potion"},{"floor":8,"key":"PowerPotion"},{"floor":11,"key":"AttackPotion"}],"is_trial":false,"path_per_floor":["M","M","M","M","?","R","$","M","T","M","M","R","$","M","R","B"],"character_chosen":"DEFECT","items_purchased":["Redo","Cold Snap"],"campfire_rested":0,"item_purchase_floors":[7,13],"current_hp_per_floor":[75,75,73,56,56,56,56,55,55,43,42,42,42,42,42,0],"gold":42,"neow_bonus":"REMOVE_CARD","is_prod":false,"is_daily":false,"chose_seed":false,"campfire_upgraded":3,"win_rate":0,"timestamp":1561096150,"path_taken":["M","M","M","M","?","R","$","?","T","M","M","R","$","M","R","BOSS"],"build_version":"2019-01-23","purchased_purges":1,"victory":false,"max_hp_per_floor":[75,75,75,75,75,75,75,75,75,75,75,75,75,75,75,75],"card_choices":[{"not_picked":["Self Repair","Barrage"],"picked":"Conserve Battery","floor":1},{"not_picked":["Go for the Eyes","Skim","Lockon"],"picked":"SKIP","floor":2},{"not_picked":["FTL","Sweeping Beam"],"picked":"Coolheaded","floor":3},{"not_picked":["Fission","Turbo","Sweeping Beam"],"picked":"SKIP","floor":4},{"not_picked":["Rebound","Conserve Battery"],"picked":"Coolheaded","floor":8},{"not_picked":["Barrage","Compile Driver","Go for the Eyes"],"picked":"SKIP","floor":10},{"not_picked":["Coolheaded","Lockon"],"picked":"Melter","floor":11},{"not_picked":["Aggregate","Steam"],"picked":"Biased Cognition","floor":14}],"player_experience":210291,"relics_obtained":[{"floor":9,"key":"Boot"}],"event_choices":[{"cards_removed":["Strike_B"],"damage_healed":0,"gold_gain":0,"player_choice":"Offered Basic","damage_taken":0,"max_hp_gain":0,"max_hp_loss":0,"event_name":"Bonfire Elementals","floor":5,"gold_loss":0}],"is_beta":false,"boss_relics":[],"items_purged_floors":[7],"is_endless":false,"potions_floor_spawned":[3,8,11],"killed_by":"Hexaghost","ascension_level":2}