{"gold_per_floor":[110,129,147,161,171,201,201,228,228,26,201,213,213],"floor_reached":13,"playtime":1434,"items_purged":[],"score":97,"play_id":"03501ca5-d5ad-460d-bbbe-467c19d53b19","local_time":"20180626211854","is_ascension_mode":false,"campfire_choices":[],"neow_cost":"","seed_source_timestamp":688591663700612,"circlet_count":0,"master_deck":["Strike_R","Strike_R","Strike_R","Strike_R","Strike_R","Defend_R","Defend_R","Defend_R","Defend_R","Bash","Headbutt","Dual Wield","Perfected Strike","Sword Boomerang","Anger","Rage","Parasite","Reaper","Transmutation","Perfected Strike","Doubt","Perfected Strike"],"relics":["Burning Blood","Potion Belt","Bag of Preparation","Gremlin Horn"],"potions_floor_usage":[],"damage_taken":[{"damage":6,"enemies":"Jaw Worm","floor":1,"turns":3},{"damage":5,"enemies":"2 Louse","floor":2,"turns":3},{"damage":6,"enemies":"Cultist","floor":3,"turns":3},{"damage":29,"enemies":"Large Slime","floor":4,"turns":7},{"damage":9,"enemies":"Blue Slaver","floor":5,"turns":3},{"damage":31,"enemies":"Lagavulin","floor":6,"turns":5},{"damage":14,"enemies":"Gremlin Nob","floor":8,"turns":4},{"damage":11,"enemies":"Looter","floor":12,"turns":3},{"damage":60,"enemies":"Gremlin Gang","floor":13,"turns":5}],"seed_played":"-6710544361577455522","potions_obtained":[{"floor":1,"key":"GamblersBrew"},{"floor":4,"key":"SteroidPotion"},{"floor":5,"key":"Strength Potion"},{"floor":6,"key":"Dexterity Potion"},{"floor":12,"key":"Weak Potion"}],"is_trial":false,"path_per_floor":["M","M","M","M","M","E","?","E","T","$","?","M"],"character_chosen":"IRONCLAD","items_purchased":["Transmutation","Perfected Strike"],"campfire_rested":0,"item_purchase_floors":[10,10],"current_hp_per_floor":[80,80,80,57,54,29,49,41,41,41,41,36,0],"gold":213,"neow_bonus":"","is_prod":false,"is_daily":false,"chose_seed":false,"campfire_upgraded":0,"win_rate":0.0,"timestamp":1530073134,"path_taken":["M","M","M","M","M","E","?","E","T","$","?","M","?"],"build_version":"2018-06-21v2","purchased_purges":0,"victory":false,"max_hp_per_floor":[80,80,80,80,80,80,80,80,80,80,80,80,80],"card_choices":[{"not_picked":["Corruption","Reckless Charge"],"picked":"Headbutt","floor":1},{"not_picked":["Hemokinesis","Anger"],"picked":"Dual Wield","floor":2},{"not_picked":["True Grit","Body Slam"],"picked":"Perfected Strike","floor":3},{"not_picked":["Warcry","Feel No Pain"],"picked":"Sword Boomerang","floor":4},{"not_picked":["Clothesline","Hemokinesis"],"picked":"Anger","floor":5},{"not_picked":["Juggernaut","Pommel Strike"],"picked":"Rage","floor":6},{"not_picked":["Thunderclap","Clothesline"],"picked":"Reaper","floor":8},{"not_picked":["Clash","Thunderclap"],"picked":"Perfected Strike","floor":12}],"player_experience":0,"relics_obtained":[{"floor":6,"key":"Potion Belt"},{"floor":8,"key":"Bag of Preparation"},{"floor":9,"key":"Gremlin Horn"}],"event_choices":[{"event_name":"Mushrooms","player_choice":"Healed and dodged fight","floor":7,"damage_taken":0},{"event_name":"Liars Game","player_choice":"agreed","floor":11,"damage_taken":0}],"boss_relics":[],"items_purged_floors":[],"is_endless":false,"potions_floor_spawned":[1,4,5,6,12],"killed_by":"Gremlin Gang","ascension_level":0}