{"gold_per_floor":[116,66,77,54,54,54,88,100,158,180,227,256,67,80,80,183,183,193,212,228,76,92,119,119,134,161,161,161],"floor_reached":28,"playtime":1651,"items_purged":["Strike_G"],"score":288,"play_id":"414a4638-e646-4674-9f91-dd3c2d7451b4","local_time":"20190705193539","is_ascension_mode":true,"campfire_choices":[{"data":"Deadly Poison","floor":6,"key":"SMITH"},{"data":"Envenom","floor":8,"key":"SMITH"},{"data":"Noxious Fumes","floor":15,"key":"SMITH"},{"floor":24,"key":"REST"}],"neow_cost":"NONE","seed_source_timestamp":1447091413987865,"circlet_count":0,"master_deck":["Strike_G","Strike_G","Strike_G","Defend_G","Defend_G","Defend_G","Defend_G","Defend_G","Survivor","Neutralize","Blur","Deadly Poison+1","Envenom+1","Noxious Fumes+1","Noxious Fumes","Backflip","Well Laid Plans","Envenom","Underhanded Strike","Backflip","Catalyst","Bane","Catalyst","Deflect","Neutralize"],"relics":["Ring of the Snake","Boot","Letter Opener","MawBank","Strawberry","Meat on the Bone","Runic Pyramid","Bag of Preparation","Lantern","Regal Pillow"],"potions_floor_usage":[16,16,20,23,23],"damage_taken":[{"damage":0,"enemies":"Small Slimes","floor":1,"turns":3},{"damage":1,"enemies":"Jaw Worm","floor":3,"turns":7},{"damage":17,"enemies":"3 Sentries","floor":7,"turns":11},{"damage":0,"enemies":"Cultist","floor":10,"turns":4},{"damage":7,"enemies":"Lagavulin","floor":11,"turns":7},{"damage":22,"enemies":"Lots of Slimes","floor":12,"turns":4},{"damage":10,"enemies":"Red Slaver","floor":14,"turns":4},{"damage":30,"enemies":"Slime Boss","floor":16,"turns":10},{"damage":9,"enemies":"Shell Parasite","floor":18,"turns":6},{"damage":31,"enemies":"3 Byrds","floor":19,"turns":4},{"damage":22,"enemies":"Snecko","floor":20,"turns":6},{"damage":15,"enemies":"Chosen and Byrds","floor":22,"turns":6},{"damage":31,"enemies":"Gremlin Leader","floor":23,"turns":5},{"damage":39,"enemies":"Sentry and Sphere","floor":25,"turns":6},{"damage":17,"enemies":"Shelled Parasite and Fungi","floor":28,"turns":3}],"seed_played":"3964707173620135953","potions_obtained":[{"floor":1,"key":"SpeedPotion"},{"floor":10,"key":"SkillPotion"},{"floor":14,"key":"AttackPotion"},{"floor":19,"key":"Strength Potion"},{"floor":20,"key":"Explosive Potion"},{"floor":22,"key":"Fire Potion"}],"is_trial":false,"path_per_floor":["M","?","M","$","?","R","E","R","T","M","E","M","$","M","R","B",null,"M","M","M","$","M","E","R","M","T","?","M"],"character_chosen":"THE_SILENT","items_purchased":["Deadly Poison","Backflip","Well Laid Plans","Bag of Preparation"],"campfire_rested":1,"item_purchase_floors":[4,13,13,21],"current_hp_per_floor":[70,70,69,69,69,69,52,52,59,59,52,42,42,44,44,26,77,68,49,39,39,36,17,40,13,13,13,0],"gold":161,"neow_bonus":"RANDOM_COMMON_RELIC","is_prod":false,"is_daily":false,"chose_seed":false,"campfire_upgraded":3,"win_rate":0,"timestamp":1562380539,"path_taken":["M","?","M","$","?","R","E","R","T","M","E","?","?","M","R","BOSS","M","M","M","?","?","E","R","M","T","?","?"],"build_version":"2019-07-01","purchased_purges":1,"victory":false,"max_hp_per_floor":[70,70,70,70,70,70,70,70,77,77,77,77,77,77,77,77,77,77,77,77,77,77,77,77,77,77,77,77],"card_choices":[{"not_picked":["Slice","Endless Agony"],"picked":"Blur","floor":1},{"not_picked":["Prepared","PiercingWail"],"picked":"Accuracy","floor":3},{"not_picked":["Sucker Punch","Poisoned Stab"],"picked":"Envenom","floor":7},{"not_picked":["Caltrops","Infinite Blades"],"picked":"Noxious Fumes","floor":10},{"not_picked":["Tactician","Deadly Poison"],"picked":"Noxious Fumes","floor":11},{"not_picked":["Poisoned Stab","Deflect","Heel Hook"],"picked":"SKIP","floor":12},{"not_picked":["Endless Agony","Dagger Spray","Outmaneuver"],"picked":"SKIP","floor":14},{"not_picked":["Phantasmal Killer","Burst"],"picked":"Envenom","floor":16},{"not_picked":["Skewer","Endless Agony+1"],"picked":"Underhanded Strike","floor":18},{"not_picked":["Expertise+1","Slice"],"picked":"Backflip","floor":19},{"not_picked":["Acrobatics","Quick Slash"],"picked":"Catalyst","floor":20},{"not_picked":["Heel Hook+1","Calculated Gamble"],"picked":"Bane","floor":22},{"not_picked":["Calculated Gamble","All Out Attack"],"picked":"Catalyst","floor":23},{"not_picked":["Calculated Gamble","Expertise"],"picked":"Deflect","floor":25}],"player_experience":249441,"relics_obtained":[{"floor":7,"key":"MawBank"},{"floor":9,"key":"Strawberry"},{"floor":11,"key":"Meat on the Bone"},{"floor":23,"key":"Lantern"},{"floor":26,"key":"Regal Pillow"}],"event_choices":[{"cards_removed":["Strike_G"],"damage_healed":0,"gold_gain":0,"player_choice":"Card Removal","damage_taken":0,"max_hp_gain":0,"max_hp_loss":0,"event_name":"The Cleric","floor":2,"gold_loss":50},{"cards_removed":["Accuracy"],"damage_healed":0,"gold_gain":0,"player_choice":"Gave Card","damage_taken":0,"relics_obtained":["Letter Opener"],"max_hp_gain":0,"max_hp_loss":0,"event_name":"WeMeetAgain","floor":5,"gold_loss":0},{"damage_healed":0,"gold_gain":0,"player_choice":"1 cards matched","damage_taken":0,"max_hp_gain":0,"max_hp_loss":0,"event_name":"Match and Keep!","floor":27,"gold_loss":0,"cards_obtained":["Neutralize"]}],"is_beta":false,"boss_relics":[{"not_picked":["Runic Dome","Eternal Feather"],"picked":"Runic Pyramid"}],"items_purged_floors":[13],"is_endless":false,"potions_floor_spawned":[1,10,14,19,20,22],"killed_by":"Shelled Parasite and Fungi","ascension_level":3}