{"gold_per_floor":[118,43,54,72,72,72,89,89,89,100,110,110,124,136,136,136],"floor_reached":16,"playtime":809,"items_purged":["Strike_B"],"score":96,"play_id":"6f68f89e-29d6-40fb-9744-96336bd73300","local_time":"20180715164913","is_ascension_mode":false,"campfire_choices":[{"data":"Zap","floor":6,"key":"SMITH"},{"data":"Consume","floor":8,"key":"SMITH"},{"floor":15,"key":"REST"}],"neow_cost":"","seed_source_timestamp":318331746473238,"circlet_count":0,"master_deck":["Strike_B","Strike_B","Strike_B","Defend_B","Defend_B","Defend_B","Zap+1","Dualcast","Redo","Consume+1","Heatsinks","Conserve Battery","Fusion"],"relics":["Cracked Core","Pear"],"potions_floor_usage":[16,16],"damage_taken":[{"damage":0,"enemies":"Cultist","floor":1,"turns":4},{"damage":3,"enemies":"Jaw Worm","floor":3,"turns":5},{"damage":7,"enemies":"Small Slimes","floor":4,"turns":3},{"damage":0,"enemies":"Looter","floor":7,"turns":3},{"damage":16,"enemies":"Lots of Slimes","floor":10,"turns":4},{"damage":14,"enemies":"Exordium Wildlife","floor":11,"turns":4},{"damage":15,"enemies":"Exordium Thugs","floor":13,"turns":4},{"damage":8,"enemies":"Red Slaver","floor":14,"turns":3},{"damage":47,"enemies":"Slime Boss","floor":16,"turns":8}],"seed_played":"6225450873570373061","potions_obtained":[{"floor":3,"key":"LiquidBronze"},{"floor":11,"key":"Poison Potion"},{"floor":14,"key":"Fire Potion"}],"is_trial":false,"path_per_floor":["M","$","M","M","$","R","M","R","T","M","M","?","M","M","R"],"character_chosen":"DEFECT","items_purchased":[],"campfire_rested":1,"item_purchase_floors":[],"current_hp_per_floor":[75,75,72,65,65,65,65,65,75,59,45,45,30,22,47,0],"gold":136,"neow_bonus":"","is_prod":false,"is_daily":false,"chose_seed":false,"campfire_upgraded":2,"win_rate":0.0,"timestamp":1531698553,"path_taken":["M","$","M","M","$","R","M","R","T","M","?","?","?","M","R","BOSS"],"build_version":"2018-07-12","purchased_purges":1,"victory":false,"max_hp_per_floor":[75,75,75,75,75,75,75,75,85,85,85,85,85,85,85,85],"card_choices":[{"not_picked":["White Noise","Ball Lightning"],"picked":"Redo","floor":1},{"not_picked":["Hologram","Beam Cell","Cold Snap"],"picked":"SKIP","floor":3},{"not_picked":["Steam","Leap","Gash"],"picked":"SKIP","floor":4},{"not_picked":["Coolheaded","Skim"],"picked":"Consume","floor":7},{"not_picked":["Coolheaded","Cold Snap","Force Field"],"picked":"SKIP","floor":10},{"not_picked":["Beam Cell","Cold Snap"],"picked":"Heatsinks","floor":11},{"not_picked":["Compile Driver","Beam Cell"],"picked":"Conserve Battery","floor":13},{"not_picked":["Streamline","Redo"],"picked":"Fusion","floor":14}],"player_experience":31199,"relics_obtained":[{"floor":9,"key":"Pear"}],"event_choices":[{"event_name":"Living Wall","player_choice":"Forget","floor":12,"damage_taken":0}],"boss_relics":[],"items_purged_floors":[2],"is_endless":false,"potions_floor_spawned":[3,11,14],"killed_by":"Slime Boss","ascension_level":0}