{"gold_per_floor":[116,43,61,11,24,24,58,58,112,112,112,187,187,198,198,293,293,303,314,714,714,714,714,724,741,741,741,773,73,73,89,89,185,185,203,303,303,157,177,206,206,223,223,223,236,136,165,178,178,178],"floor_reached":51,"playtime":3148,"items_purged":["Leg Sweep","Strike_G+1"],"score":808,"play_id":"b722f854-aa24-4baf-8476-fd735614c967","local_time":"20190321225426","is_ascension_mode":true,"campfire_choices":[{"data":"Infinite Blades","floor":6,"key":"SMITH"},{"data":"Accuracy","floor":8,"key":"SMITH"},{"data":"Blade Dance","floor":10,"key":"SMITH"},{"floor":15,"key":"REST"},{"floor":23,"key":"REST"},{"data":"Phantasmal Killer","floor":27,"key":"SMITH"},{"floor":32,"key":"REST"},{"data":"Accuracy","floor":41,"key":"SMITH"},{"floor":44,"key":"REST"},{"floor":49,"key":"REST"}],"neow_cost":"NONE","seed_source_timestamp":154341868371918,"circlet_count":0,"master_deck":["Defend_G+1","Defend_G+1","Defend_G+1","Defend_G+1","Defend_G+1","Strike_G+1","Survivor","Neutralize","Infinite Blades+1","Accuracy+1","Blade Dance","Blade Dance","Blade Dance+1","Phantasmal Killer+1","Leg Sweep+1","Dash+1","Leg Sweep+1","Cloak And Dagger","Cloak And Dagger+1","Deflect","Infinite Blades","Night Terror","Accuracy+1","Accuracy+1","Footwork+1","Infinite Blades","Parasite","Burst"],"relics":["Ring of the Snake","NeowsBlessing","Bag of Marbles","Art of War","Boot","Astrolabe","Old Coin","Paper Crane","Pantograph","Singing Bowl","Sundial","Oddly Smooth Stone","Toolbox","Girya","Black Star","The Specimen","Du-Vu Doll","Ancient Tea Set","Letter Opener","Dodecahedron","Bottled Lightning"],"potions_floor_usage":[16,16,20,20,50],"damage_taken":[{"damage":0,"enemies":"Cultist","floor":1,"turns":1},{"damage":0,"enemies":"Jaw Worm","floor":3,"turns":1},{"damage":0,"enemies":"Small Slimes","floor":5,"turns":1},{"damage":21,"enemies":"Gremlin Nob","floor":7,"turns":5},{"damage":5,"enemies":"3 Louse","floor":14,"turns":2},{"damage":32,"enemies":"The Guardian","floor":16,"turns":12},{"damage":16,"enemies":"2 Thieves","floor":18,"turns":5},{"damage":5,"enemies":"Shell Parasite","floor":19,"turns":5},{"damage":17,"enemies":"Colosseum Slavers","floor":20,"turns":5},{"damage":11,"enemies":"Colosseum Nobs","floor":20,"turns":6},{"damage":4,"enemies":"Chosen and Byrds","floor":24,"turns":4},{"damage":11,"enemies":"Cultist and Chosen","floor":25,"turns":5},{"damage":0,"enemies":"Book of Stabbing","floor":28,"turns":7},{"damage":8,"enemies":"Snake Plant","floor":31,"turns":5},{"damage":7,"enemies":"Champ","floor":33,"turns":13},{"damage":32,"enemies":"3 Shapes","floor":35,"turns":6},{"damage":0,"enemies":"Mind Bloom Boss Battle","floor":36,"turns":6},{"damage":5,"enemies":"Orb Walker","floor":39,"turns":3},{"damage":48,"enemies":"Reptomancer","floor":40,"turns":7},{"damage":5,"enemies":"Maw","floor":42,"turns":5},{"damage":19,"enemies":"Transient","floor":45,"turns":5},{"damage":13,"enemies":"Giant Head","floor":47,"turns":7},{"damage":13,"enemies":"Writhing Mass","floor":48,"turns":8},{"damage":36,"enemies":"Awakened One","floor":50,"turns":11}],"seed_played":"7702291771180989302","potions_obtained":[{"floor":1,"key":"Fire Potion"},{"floor":3,"key":"Weak Potion"},{"floor":14,"key":"EssenceOfSteel"},{"floor":16,"key":"SkillPotion"},{"floor":18,"key":"Regen Potion"},{"floor":24,"key":"Ancient Potion"},{"floor":31,"key":"Energy Potion"},{"floor":35,"key":"Fire Potion"},{"floor":47,"key":"GhostInAJar"}],"is_trial":false,"path_per_floor":["M","$","M","$","M","R","E","R","T","R","?","?","?","M","R","B",null,"M","M","?","?","?","R","M","M","T","R","E","$","T","M","R","B",null,"M","?","?","$","M","E","R","M","T","R","M","$","E","M","R","B",null],"character_chosen":"THE_SILENT","items_purchased":["Accuracy","Blade Dance","Sundial","Oddly Smooth Stone","Toolbox","Infinite Blades","Accuracy"],"campfire_rested":5,"item_purchase_floors":[2,4,29,29,29,29,38],"current_hp_per_floor":[70,70,70,70,70,70,49,49,49,49,42,31,17,12,33,1,70,54,49,33,20,20,42,38,27,27,27,29,29,29,23,46,64,79,47,74,74,74,71,25,25,20,20,45,28,28,15,2,28,17],"gold":178,"neow_bonus":"THREE_ENEMY_KILL","is_prod":false,"is_daily":false,"chose_seed":false,"campfire_upgraded":5,"win_rate":0,"timestamp":1553234066,"path_taken":["M","?","M","$","M","R","E","R","T","R","?","?","?","?","R","BOSS","M","M","?","?","?","R","M","M","T","R","E","$","?","M","R","BOSS","M","?","?","$","?","E","R","?","T","R","M","$","E","M","R","BOSS"],"build_version":"2019-01-23","purchased_purges":2,"victory":true,"max_hp_per_floor":[70,70,70,70,70,70,70,70,70,70,70,70,70,70,70,70,70,70,70,70,75,75,75,75,75,75,75,77,77,77,79,79,79,79,79,81,81,81,83,85,85,85,85,85,87,87,87,87,87,87],"card_choices":[{"not_picked":["Slice","Quick Slash"],"picked":"Infinite Blades","floor":1},{"not_picked":["Escape Plan","Outmaneuver"],"picked":"Blade Dance","floor":3},{"not_picked":["Acrobatics","Prepared","Distraction"],"picked":"SKIP","floor":5},{"not_picked":["PiercingWail","Flying Knee"],"picked":"Blade Dance","floor":7},{"not_picked":["Blade Dance","Well Laid Plans"],"picked":"Leg Sweep","floor":14},{"not_picked":["Glass Knife","Tools of the Trade"],"picked":"Phantasmal Killer","floor":16},{"not_picked":["All Out Attack","Dodge and Roll"],"picked":"Cloak And Dagger","floor":18},{"not_picked":["Well Laid Plans+1","Bane"],"picked":"Cloak And Dagger+1","floor":19},{"not_picked":["Underhanded Strike","Flying Knee+1","Bane"],"picked":"SKIP","floor":24},{"not_picked":["Riddle With Holes+1","Flying Knee"],"picked":"Deflect","floor":25},{"not_picked":["Bane","Bullet Time","Dodge and Roll+1"],"picked":"Singing Bowl","floor":28},{"not_picked":["Expertise+1","Acrobatics+1","Bane"],"picked":"Singing Bowl","floor":31},{"not_picked":["Venomology","Adrenaline"],"picked":"Night Terror","floor":33},{"not_picked":["Crippling Poison","Deflect+1"],"picked":"Accuracy+1","floor":35},{"not_picked":["Slice+1","Cloak And Dagger","Dodge and Roll"],"picked":"Singing Bowl","floor":36},{"not_picked":["Slice","Endless Agony","Bane"],"picked":"Singing Bowl","floor":39},{"not_picked":["Prepared+1","Skewer+1","Dodge and Roll"],"picked":"Singing Bowl","floor":40},{"not_picked":["Deflect+1","Backflip+1"],"picked":"Footwork+1","floor":42},{"not_picked":["Masterful Stab+1","Dodge and Roll","Underhanded Strike"],"picked":"Singing Bowl","floor":45},{"not_picked":["Dagger Spray+1","Tactician"],"picked":"Infinite Blades","floor":47},{"not_picked":["Riddle With Holes+1","Deflect+1"],"picked":"Burst","floor":48}],"player_experience":109374,"relics_obtained":[{"floor":7,"key":"Bag of Marbles"},{"floor":9,"key":"Art of War"},{"floor":20,"key":"Old Coin"},{"floor":20,"key":"Paper Crane"},{"floor":26,"key":"Pantograph"},{"floor":28,"key":"Singing Bowl"},{"floor":30,"key":"Girya"},{"floor":36,"key":"The Specimen"},{"floor":40,"key":"Du-Vu Doll"},{"floor":40,"key":"Ancient Tea Set"},{"floor":43,"key":"Letter Opener"},{"floor":47,"key":"Dodecahedron"},{"floor":47,"key":"Bottled Lightning"}],"event_choices":[{"damage_healed":0,"gold_gain":0,"player_choice":"Success","damage_taken":7,"relics_obtained":["Boot"],"max_hp_gain":0,"max_hp_loss":0,"event_name":"Scrap Ooze","floor":11,"gold_loss":0},{"damage_healed":0,"gold_gain":75,"player_choice":"Gather Gold","damage_taken":11,"max_hp_gain":0,"max_hp_loss":0,"event_name":"World of Goop","floor":12,"gold_loss":0},{"damage_healed":0,"gold_gain":0,"player_choice":"Entered Light","damage_taken":14,"max_hp_gain":0,"max_hp_loss":0,"event_name":"Shining Light","floor":13,"gold_loss":0,"cards_upgraded":["Defend_G","Strike_G"]},{"damage_healed":0,"gold_gain":0,"player_choice":"Fight","damage_taken":0,"max_hp_gain":0,"max_hp_loss":0,"event_name":"Colosseum","floor":20,"gold_loss":0},{"damage_healed":0,"gold_gain":0,"player_choice":"Fought Nobs","damage_taken":0,"max_hp_gain":0,"max_hp_loss":0,"event_name":"Colosseum","floor":20,"gold_loss":0},{"damage_healed":0,"gold_gain":0,"player_choice":"Shed Blood","damage_taken":18,"max_hp_gain":5,"max_hp_loss":0,"event_name":"Forgotten Altar","floor":21,"gold_loss":0},{"damage_healed":0,"gold_gain":0,"player_choice":"Simplicity","damage_taken":0,"max_hp_gain":0,"max_hp_loss":0,"event_name":"Back to Basics","floor":22,"gold_loss":0,"cards_upgraded":["Defend_G","Defend_G","Defend_G","Defend_G","Strike_G"]},{"damage_healed":0,"gold_gain":0,"player_choice":"Fight","damage_taken":0,"max_hp_gain":0,"max_hp_loss":0,"event_name":"MindBloom","floor":36,"gold_loss":0},{"damage_healed":0,"gold_gain":0,"player_choice":"Ignored","damage_taken":0,"max_hp_gain":0,"max_hp_loss":0,"event_name":"SecretPortal","floor":37,"gold_loss":0}],"is_beta":false,"boss_relics":[{"not_picked":["Tiny House","Fusion Hammer"],"picked":"Astrolabe"},{"not_picked":["Snecko Eye","Cursed Key"],"picked":"Black Star"}],"items_purged_floors":[38,46],"is_endless":false,"potions_floor_spawned":[1,3,14,16,18,20,24,31,35,36,45,47],"ascension_level":1}