{"gold_per_floor":[364,439,67,84,84,109,109,139,139,159,159,124,24,51,51,123,123,142,142,142,155,80,115,115,147,147,147,147,147,166,166],"floor_reached":31,"playtime":2709,"items_purged":["Writhe","Strike_G"],"score":640,"play_id":"cad26295-79c6-487f-b34f-66907ccd715e","local_time":"20190618200205","is_ascension_mode":true,"campfire_choices":[{"data":"Noxious Fumes","floor":7,"key":"SMITH"},{"data":"Poisoned Stab","floor":11,"key":"SMITH"},{"data":"Defend_G","floor":15,"key":"SMITH"},{"floor":24,"key":"REST"},{"floor":28,"key":"REST"}],"neow_cost":"CURSE","seed_source_timestamp":68296087390783,"circlet_count":0,"master_deck":["AscendersBane","Defend_G+1","Defend_G","Defend_G","Defend_G","Defend_G","Strike_G","Survivor","Neutralize+1","Noxious Fumes+1","Crippling Poison","Predator","Poisoned Stab+1","Bouncing Flask+1","Malaise+1","Footwork","PiercingWail+1","Dodge and Roll+1","Quick Slash","Expertise+1","Leg Sweep+1","Dodge and Roll+1"],"relics":["Ring of the Snake","Orichalcum","WingedGreaves","Turnip","Toxic Egg 2","Blue Candle","Fusion Hammer","Question Card","Centennial Puzzle","Pantograph"],"potions_floor_usage":[8,8,31],"damage_taken":[{"damage":4,"enemies":"2 Louse","floor":1,"turns":5},{"damage":4,"enemies":"Jaw Worm","floor":4,"turns":5},{"damage":14,"enemies":"3 Sentries","floor":6,"turns":7},{"damage":6,"enemies":"Gremlin Nob","floor":8,"turns":4},{"damage":0,"enemies":"Small Slimes","floor":10,"turns":3},{"damage":18,"enemies":"3 Sentries","floor":14,"turns":8},{"damage":0,"enemies":"Hexaghost","floor":16,"turns":8},{"damage":0,"enemies":"3 Byrds","floor":18,"turns":4},{"damage":0,"enemies":"Spheric Guardian","floor":21,"turns":3},{"damage":29,"enemies":"Gremlin Leader","floor":23,"turns":6},{"damage":9,"enemies":"Book of Stabbing","floor":25,"turns":8},{"damage":2,"enemies":"Snake Plant","floor":30,"turns":5},{"damage":28,"enemies":"Slavers","floor":31,"turns":4}],"seed_played":"5575349469589086307","potions_obtained":[{"floor":4,"key":"Ancient Potion"},{"floor":6,"key":"Poison Potion"},{"floor":16,"key":"Dexterity Potion"},{"floor":21,"key":"SneckoOil"}],"is_trial":false,"path_per_floor":["M","?","$","M","?","E","R","E","T","M","R","?","$","E","R","B",null,"M","?","?","M","?","E","R","E","T","?","R","?","M","E"],"character_chosen":"THE_SILENT","items_purchased":["Orichalcum","Noxious Fumes","Block Potion"],"campfire_rested":2,"item_purchase_floors":[3,3,3],"current_hp_per_floor":[55,44,44,40,40,26,26,20,20,20,20,36,36,18,18,18,54,54,54,54,54,54,25,44,35,35,17,38,38,36,8],"gold":166,"neow_bonus":"TWO_FIFTY_GOLD","is_prod":false,"is_daily":false,"chose_seed":false,"campfire_upgraded":3,"win_rate":0,"timestamp":1560913325,"path_taken":["M","?","$","M","?","E","R","E","T","M","R","?","$","E","R","BOSS","M","?","?","M","?","E","R","E","T","?","R","?","M","E"],"build_version":"2019-01-23","purchased_purges":2,"victory":false,"max_hp_per_floor":[66,66,66,66,66,66,66,66,66,66,66,66,66,66,66,66,66,66,66,66,66,66,66,66,66,66,71,71,71,71,71],"card_choices":[{"not_picked":["Poisoned Stab","Dodge and Roll"],"picked":"Crippling Poison","floor":4},{"not_picked":["Tactician","Bouncing Flask"],"picked":"Predator","floor":6},{"not_picked":["Bane","Quick Slash","Outmaneuver"],"picked":"SKIP","floor":8},{"not_picked":["Footwork","Deflect+1"],"picked":"Poisoned Stab","floor":10},{"not_picked":["All Out Attack","Bane"],"picked":"Bouncing Flask+1","floor":14},{"not_picked":["Venomology+1","Bullet Time+1"],"picked":"Malaise+1","floor":16},{"not_picked":["Poisoned Stab","Blade Dance+1"],"picked":"Footwork","floor":18},{"not_picked":["Setup+1","Footwork"],"picked":"PiercingWail+1","floor":21},{"not_picked":["PiercingWail+1","Flying Knee+1"],"picked":"Dodge and Roll+1","floor":23},{"not_picked":["Distraction+1","Bane","Cloak And Dagger+1"],"picked":"Quick Slash","floor":25},{"not_picked":["PiercingWail+1","Dagger Spray+1","Riddle With Holes"],"picked":"Dodge and Roll+1","floor":30}],"player_experience":1272936,"relics_obtained":[{"floor":6,"key":"WingedGreaves"},{"floor":8,"key":"Turnip"},{"floor":9,"key":"Toxic Egg 2"},{"floor":14,"key":"Blue Candle"},{"floor":23,"key":"Question Card"},{"floor":25,"key":"Centennial Puzzle"},{"floor":26,"key":"Pantograph"}],"event_choices":[{"damage_healed":0,"gold_gain":75,"player_choice":"Gather Gold","damage_taken":11,"max_hp_gain":0,"max_hp_loss":0,"event_name":"World of Goop","floor":2,"gold_loss":0},{"damage_healed":0,"gold_gain":0,"player_choice":"Grow","damage_taken":0,"max_hp_gain":0,"max_hp_loss":0,"event_name":"Living Wall","floor":5,"gold_loss":0,"cards_upgraded":["Neutralize"]},{"damage_healed":16,"gold_gain":0,"player_choice":"Healed","damage_taken":0,"max_hp_gain":0,"max_hp_loss":0,"event_name":"The Cleric","floor":12,"gold_loss":35},{"damage_healed":0,"gold_gain":0,"player_choice":"Ignored","damage_taken":0,"max_hp_gain":0,"max_hp_loss":0,"event_name":"Vampires","floor":19,"gold_loss":0},{"damage_healed":0,"gold_gain":0,"player_choice":"Ignored","damage_taken":0,"max_hp_gain":0,"max_hp_loss":0,"event_name":"The Mausoleum","floor":20,"gold_loss":0},{"cards_removed":["Strike_G"],"damage_healed":0,"gold_gain":0,"player_choice":"Gave Gold","damage_taken":0,"max_hp_gain":0,"max_hp_loss":0,"event_name":"Beggar","floor":22,"gold_loss":75},{"damage_healed":0,"gold_gain":0,"player_choice":"Shed Blood","damage_taken":23,"max_hp_gain":5,"max_hp_loss":0,"event_name":"Forgotten Altar","floor":27,"gold_loss":0},{"damage_healed":0,"gold_gain":0,"cards_transformed":["Strike_G","Strike_G"],"player_choice":"Became Test Subject","damage_taken":0,"max_hp_gain":0,"max_hp_loss":0,"event_name":"Drug Dealer","floor":29,"gold_loss":0,"cards_obtained":["Expertise","Leg Sweep"]}],"is_beta":false,"boss_relics":[{"not_picked":["Ring of the Serpent","Velvet Choker"],"picked":"Fusion Hammer"}],"items_purged_floors":[3,13],"is_endless":false,"potions_floor_spawned":[4,6,16,21],"killed_by":"Slavers","ascension_level":18}