{"gold_per_floor":[113,136,148,174,196,238,269,291,303,327,339,351],"floor_reached":12,"playtime":962,"items_purged":[],"score":131,"play_id":"8d85cb01-e459-4d0c-9ef0-beb7078356e8","local_time":"20181225100033","is_ascension_mode":true,"campfire_choices":[],"neow_cost":"NONE","seed_source_timestamp":162530177261412,"circlet_count":0,"master_deck":["AscendersBane","Strike_R","Strike_R","Strike_R","Strike_R","Strike_R","Defend_R","Defend_R","Defend_R","Defend_R","Bash","Barricade","Warcry","Whirlwind","True Grit","Power Through","Shrug It Off"],"relics":["Burning Blood","MawBank","Orichalcum","The Courier","Meat on the Bone"],"potions_floor_usage":[6,7],"damage_taken":[{"damage":11,"enemies":"Cultist","floor":1,"turns":4},{"damage":13,"enemies":"Jaw Worm","floor":4,"turns":4},{"damage":5,"enemies":"2 Louse","floor":5,"turns":3},{"damage":37,"enemies":"3 Sentries","floor":6,"turns":11},{"damage":3,"enemies":"2 Fungi Beasts","floor":7,"turns":3},{"damage":4,"enemies":"Large Slime","floor":8,"turns":7},{"damage":13,"enemies":"Looter","floor":10,"turns":4},{"damage":2,"enemies":"Lagavulin","floor":12,"turns":5}],"seed_played":"-2386958860985547662","potions_obtained":[{"floor":4,"key":"Block Potion"},{"floor":6,"key":"Swift Potion"},{"floor":10,"key":"BloodPotion"}],"is_trial":false,"path_per_floor":["M","T","?","M","M","E","M","M","T","M","?","E"],"character_chosen":"IRONCLAD","items_purchased":[],"campfire_rested":0,"item_purchase_floors":[],"current_hp_per_floor":[67,67,49,42,43,12,15,17,17,22,22,20],"gold":351,"neow_bonus":"ONE_RANDOM_RARE_CARD","is_prod":false,"is_daily":false,"chose_seed":false,"campfire_upgraded":0,"win_rate":0,"timestamp":1545760833,"path_taken":["M","?","?","M","?","E","?","M","T","M","?","E"],"build_version":"2018-12-20","purchased_purges":0,"victory":false,"max_hp_per_floor":[80,80,80,80,80,80,80,80,80,80,80,80],"card_choices":[{"not_picked":["Havoc","Cleave"],"picked":"Warcry","floor":1},{"not_picked":["Havoc","Body Slam"],"picked":"Whirlwind","floor":4},{"not_picked":["Sword Boomerang","Clothesline"],"picked":"True Grit","floor":5},{"not_picked":["Sword Boomerang","Armaments","Double Tap"],"picked":"SKIP","floor":6},{"not_picked":["Sword Boomerang","Uppercut","Clash"],"picked":"SKIP","floor":7},{"not_picked":["Sword Boomerang","Uppercut","Clash"],"picked":"SKIP","floor":7},{"not_picked":["Sword Boomerang","Thunderclap"],"picked":"Power Through","floor":8},{"not_picked":["Thunderclap","Pummel"],"picked":"Shrug It Off","floor":10}],"player_experience":539393,"relics_obtained":[{"floor":2,"key":"MawBank"},{"floor":6,"key":"The Courier"},{"floor":9,"key":"Meat on the Bone"}],"event_choices":[{"damage_healed":0,"gold_gain":0,"player_choice":"Success","damage_taken":18,"relics_obtained":["Orichalcum"],"max_hp_gain":0,"max_hp_loss":0,"event_name":"Scrap Ooze","floor":3,"gold_loss":0},{"damage_healed":0,"gold_gain":0,"player_choice":"Ignored","damage_taken":0,"max_hp_gain":0,"max_hp_loss":0,"event_name":"Golden Wing","floor":11,"gold_loss":0}],"is_beta":false,"boss_relics":[],"items_purged_floors":[],"is_endless":false,"potions_floor_spawned":[4,6,10],"killed_by":"Lagavulin","ascension_level":12}