{"gold_per_floor":[116,116,116,135,135,159,172,196,241,266,10,10,26,51,51,51],"floor_reached":16,"playtime":1307,"items_purged":[],"score":96,"play_id":"cef6b827-70b7-473a-83d7-548be3e911bf","local_time":"20190506215427","is_ascension_mode":false,"campfire_choices":[{"data":"Cleave","floor":15,"key":"SMITH"}],"neow_cost":"TEN_PERCENT_HP_LOSS","seed_source_timestamp":118140432801521,"circlet_count":0,"master_deck":["Strike_R+1","Strike_R","Strike_R+1","Strike_R","Strike_R","Defend_R","Defend_R","Defend_R","Defend_R","Bash","Cleave","Cleave","Searing Blow","Iron Wave","Carnage","Armaments","Cleave+1","Carnage"],"relics":["Burning Blood","Pocketwatch","Golden Idol","Centennial Puzzle","Medical Kit"],"potions_floor_usage":[16,16,16],"damage_taken":[{"damage":16,"enemies":"Jaw Worm","floor":1,"turns":4},{"damage":0,"enemies":"2 Louse","floor":4,"turns":2},{"damage":2,"enemies":"Cultist","floor":6,"turns":5},{"damage":16,"enemies":"Gremlin Gang","floor":7,"turns":3},{"damage":5,"enemies":"Lots of Slimes","floor":8,"turns":2},{"damage":10,"enemies":"3 Louse","floor":10,"turns":3},{"damage":12,"enemies":"Exordium Thugs","floor":13,"turns":4},{"damage":16,"enemies":"Large Slime","floor":14,"turns":4},{"damage":35,"enemies":"Hexaghost","floor":16,"turns":14}],"seed_played":"-4348841437548551581","potions_obtained":[{"floor":6,"key":"Block Potion"},{"floor":8,"key":"SteroidPotion"},{"floor":13,"key":"SteroidPotion"}],"is_trial":false,"path_per_floor":["M","?","?","M","?","M","M","M","T","M","$","?","M","M","R","B"],"character_chosen":"IRONCLAD","items_purchased":["Medical Kit","Armaments"],"campfire_rested":0,"item_purchase_floors":[11,11],"current_hp_per_floor":[62,62,49,55,60,64,54,55,55,51,51,51,45,35,35,0],"gold":51,"neow_bonus":"ONE_RARE_RELIC","is_prod":false,"is_daily":false,"chose_seed":false,"campfire_upgraded":1,"win_rate":0.0,"timestamp":1557197667,"path_taken":["M","?","?","M","?","?","M","M","T","M","$","?","M","M","R","BOSS"],"build_version":"2019-01-23","purchased_purges":0,"victory":false,"max_hp_per_floor":[72,67,67,67,72,72,72,72,72,72,72,72,72,72,72,72],"card_choices":[{"not_picked":["Iron Wave","Pommel Strike"],"picked":"Cleave","floor":1},{"not_picked":["Anger","Sever Soul"],"picked":"Cleave","floor":4},{"not_picked":["Limit Break","Sever Soul"],"picked":"Searing Blow","floor":6},{"not_picked":["Sword Boomerang","Second Wind"],"picked":"Iron Wave","floor":7},{"not_picked":["Anger","Body Slam","Entrench"],"picked":"SKIP","floor":8},{"not_picked":["Body Slam","Battle Trance"],"picked":"Carnage","floor":10},{"not_picked":["Seeing Red","Anger"],"picked":"Cleave","floor":13},{"not_picked":["Thunderclap","Seeing Red"],"picked":"Carnage","floor":14}],"player_experience":14272,"relics_obtained":[{"floor":9,"key":"Centennial Puzzle"}],"event_choices":[{"damage_healed":0,"gold_gain":0,"player_choice":"Lose Max HP","damage_taken":0,"relics_obtained":["Golden Idol"],"max_hp_gain":0,"max_hp_loss":5,"event_name":"Golden Idol","floor":2,"gold_loss":0},{"damage_healed":0,"gold_gain":0,"player_choice":"Entered Light","damage_taken":13,"max_hp_gain":0,"max_hp_loss":0,"event_name":"Shining Light","floor":3,"gold_loss":0,"cards_upgraded":["Strike_R","Strike_R"]},{"damage_healed":0,"gold_gain":0,"player_choice":"Donut","damage_taken":0,"max_hp_gain":5,"max_hp_loss":0,"event_name":"Big Fish","floor":5,"gold_loss":0},{"damage_healed":0,"gold_gain":0,"player_choice":"Leave","damage_taken":0,"max_hp_gain":0,"max_hp_loss":0,"event_name":"The Cleric","floor":12,"gold_loss":0}],"is_beta":false,"boss_relics":[],"items_purged_floors":[],"is_endless":false,"potions_floor_spawned":[6,8,10,13],"killed_by":"Hexaghost","ascension_level":0}