{"gold_per_floor":[119,136,136,147,147,178,188,41,67,98,127,139,183,205,217,229],"floor_reached":16,"playtime":1708,"items_purged":[],"score":114,"play_id":"66b39eae-1085-46c6-a103-8b678b15b2d4","local_time":"20190505102314","is_ascension_mode":false,"campfire_choices":[{"floor":12,"key":"REST"},{"floor":15,"key":"REST"}],"neow_cost":"NONE","seed_source_timestamp":302623469338062,"circlet_count":0,"master_deck":["Strike_R","Strike_R","Strike_R","Strike_R","Strike_R","Defend_R","Defend_R","Defend_R","Defend_R","Bash","Pommel Strike","Twin Strike","Sever Soul","Cleave","Power Through","Fiend Fire","Armaments","Metallicize","Headbutt","Whirlwind","Cleave","Cleave","Thunderclap"],"relics":["Burning Blood","Regal Pillow","MawBank","Pen Nib"],"potions_floor_usage":[],"damage_taken":[{"damage":1,"enemies":"Cultist","floor":1,"turns":4},{"damage":3,"enemies":"Jaw Worm","floor":2,"turns":4},{"damage":7,"enemies":"2 Louse","floor":4,"turns":2},{"damage":26,"enemies":"3 Sentries","floor":6,"turns":8},{"damage":10,"enemies":"Looter","floor":7,"turns":2},{"damage":5,"enemies":"Red Slaver","floor":10,"turns":4},{"damage":13,"enemies":"Large Slime","floor":11,"turns":5},{"damage":28,"enemies":"Gremlin Nob","floor":13,"turns":4},{"damage":7,"enemies":"2 Fungi Beasts","floor":14,"turns":3},{"damage":87,"enemies":"Hexaghost","floor":16,"turns":9}],"seed_played":"-3939772534073845504","potions_obtained":[{"floor":7,"key":"SkillPotion"},{"floor":13,"key":"PowerPotion"},{"floor":14,"key":"BloodPotion"}],"is_trial":false,"path_per_floor":["M","M","?","M","?","E","M","$","T","M","M","R","E","M","R","B"],"character_chosen":"IRONCLAD","items_purchased":["Armaments","Metallicize","Headbutt"],"campfire_rested":2,"item_purchase_floors":[8,8,8],"current_hp_per_floor":[80,80,80,79,84,64,60,60,60,61,54,85,63,62,85,0],"gold":229,"neow_bonus":"THREE_CARDS","is_prod":false,"is_daily":false,"chose_seed":false,"campfire_upgraded":0,"win_rate":0.0,"timestamp":1557069794,"path_taken":["M","M","?","M","?","E","M","?","T","M","?","R","E","M","R","BOSS"],"build_version":"2019-01-23","purchased_purges":0,"victory":false,"max_hp_per_floor":[80,80,80,80,85,85,85,85,85,85,85,85,85,85,85,85],"card_choices":[{"not_picked":["Anger","Body Slam"],"picked":"Pommel Strike","floor":0},{"not_picked":["Headbutt","Anger"],"picked":"Twin Strike","floor":1},{"not_picked":["Sword Boomerang","Hemokinesis"],"picked":"Sever Soul","floor":2},{"not_picked":["Pummel","Flex"],"picked":"Cleave","floor":4},{"not_picked":["Second Wind","Reckless Charge"],"picked":"Power Through","floor":6},{"not_picked":["Combust","Anger"],"picked":"Fiend Fire","floor":7},{"not_picked":["Battle Trance","Thunderclap"],"picked":"Whirlwind","floor":10},{"not_picked":["Headbutt","Battle Trance"],"picked":"Cleave","floor":11},{"not_picked":["Reckless Charge","Thunderclap"],"picked":"Cleave","floor":13},{"not_picked":["Iron Wave","Anger"],"picked":"Thunderclap","floor":14}],"player_experience":5529,"relics_obtained":[{"floor":6,"key":"Regal Pillow"},{"floor":9,"key":"MawBank"},{"floor":13,"key":"Pen Nib"}],"event_choices":[{"damage_healed":0,"gold_gain":0,"player_choice":"Leave","damage_taken":0,"max_hp_gain":0,"max_hp_loss":0,"event_name":"The Cleric","floor":3,"gold_loss":0},{"damage_healed":0,"gold_gain":0,"player_choice":"Donut","damage_taken":0,"max_hp_gain":5,"max_hp_loss":0,"event_name":"Big Fish","floor":5,"gold_loss":0}],"is_beta":false,"boss_relics":[],"items_purged_floors":[],"is_endless":false,"potions_floor_spawned":[7,13,14],"killed_by":"Hexaghost","ascension_level":0}