{"gold_per_floor":[111,128,146,221,236,236,247,247,247,282,457,457,470,420,420,497,497,497,497,497,497,422,422,422,11,11,11,11,11,11,11],"floor_reached":31,"playtime":2178,"items_purged":[],"score":471,"play_id":"e4e4bb5d-913e-461d-b916-e3f140759998","local_time":"20181226233314","is_ascension_mode":true,"campfire_choices":[{"data":"True Grit","floor":6,"key":"SMITH"},{"data":"Shrug It Off","floor":8,"key":"SMITH"},{"data":"Disarm","floor":15,"key":"SMITH"},{"floor":24,"key":"REST"},{"data":"Secret Weapon","floor":28,"key":"SMITH"}],"neow_cost":"NONE","seed_source_timestamp":23796654639709,"circlet_count":0,"master_deck":["AscendersBane","Strike_R","Strike_R","Strike_R","Defend_R","Defend_R","Defend_R","Defend_R","Bash","Cleave","Rampage","Hemokinesis","True Grit+1","Shrug It Off+1","Shrug It Off","Disarm+1","Demon Form","Sentinel","Wild Strike","Secret Weapon+1","Second Wind","Headbutt"],"relics":["Burning Blood","Pear","Potion Belt","Spirit Poop","Ectoplasm","MutagenicStrength","Kunai","Bronze Scales","Frozen Egg 2","The Courier"],"potions_floor_usage":[5,10,18,23,27,31],"damage_taken":[{"damage":0,"enemies":"Small Slimes","floor":1,"turns":3},{"damage":7,"enemies":"2 Louse","floor":2,"turns":2},{"damage":6,"enemies":"Cultist","floor":3,"turns":3},{"damage":17,"enemies":"Looter","floor":5,"turns":3},{"damage":10,"enemies":"Exordium Thugs","floor":7,"turns":5},{"damage":26,"enemies":"3 Sentries","floor":10,"turns":7},{"damage":8,"enemies":"Blue Slaver","floor":13,"turns":4},{"damage":34,"enemies":"The Guardian","floor":16,"turns":14},{"damage":3,"enemies":"Shell Parasite","floor":18,"turns":7},{"damage":56,"enemies":"Gremlin Leader","floor":23,"turns":9},{"damage":4,"enemies":"3 Byrds","floor":27,"turns":3},{"damage":26,"enemies":"Book of Stabbing","floor":30,"turns":6},{"damage":30,"enemies":"Shelled Parasite and Fungi","floor":31,"turns":2}],"seed_played":"1893803119016449746","potions_obtained":[{"floor":2,"key":"Swift Potion"},{"floor":3,"key":"BloodPotion"},{"floor":16,"key":"AttackPotion"},{"floor":18,"key":"Swift Potion"},{"floor":27,"key":"Fire Potion"},{"floor":30,"key":"Block Potion"}],"is_trial":false,"path_per_floor":["M","M","M","?","M","R","M","R","T","E","?","?","M","?","R","B",null,"M","?","?","?","?","E","R","$","T","M","R","T","E","M"],"character_chosen":"IRONCLAD","items_purchased":["Secret Weapon","Second Wind","Bronze Scales","FearPotion"],"campfire_rested":1,"item_purchase_floors":[25,25,25,25],"current_hp_per_floor":[78,77,77,66,63,63,59,59,69,49,49,49,47,47,47,19,72,75,75,57,57,57,7,35,35,35,37,37,37,17,0],"gold":11,"neow_bonus":"THREE_CARDS","is_prod":false,"is_daily":false,"chose_seed":false,"campfire_upgraded":4,"win_rate":0,"timestamp":1545895994,"path_taken":["M","M","M","?","M","R","M","R","T","E","?","?","?","?","R","BOSS","M","?","?","?","?","E","R","$","T","M","R","?","E","M"],"build_version":"2018-12-20","purchased_purges":0,"victory":false,"max_hp_per_floor":[80,80,80,80,80,80,80,80,90,90,90,90,90,90,90,90,90,90,90,95,95,95,95,95,95,95,95,95,95,95,95],"card_choices":[{"not_picked":["Inflame","Warcry"],"picked":"Cleave","floor":0},{"not_picked":["Iron Wave","Corruption"],"picked":"Rampage","floor":1},{"not_picked":["Havoc","Sword Boomerang"],"picked":"Hemokinesis","floor":2},{"not_picked":["Dropkick","Feel No Pain","Twin Strike"],"picked":"SKIP","floor":3},{"not_picked":["Power Through","Pummel"],"picked":"True Grit","floor":5},{"not_picked":["Body Slam","Anger"],"picked":"Shrug It Off","floor":7},{"not_picked":["Anger","Combust"],"picked":"Shrug It Off","floor":10},{"not_picked":["Fire Breathing","Iron Wave"],"picked":"Disarm","floor":13},{"not_picked":["Exhume","Impervious"],"picked":"Demon Form","floor":16},{"not_picked":["Iron Wave","Metallicize","Spot Weakness"],"picked":"SKIP","floor":18},{"not_picked":["Body Slam","Pommel Strike"],"picked":"Wild Strike","floor":23},{"not_picked":["Iron Wave","Body Slam"],"picked":"Headbutt","floor":27},{"not_picked":["Ghostly Armor","Dropkick","Havoc"],"picked":"SKIP","floor":30}],"player_experience":544976,"relics_obtained":[{"floor":9,"key":"Pear"},{"floor":10,"key":"Potion Belt"},{"floor":23,"key":"Kunai"},{"floor":26,"key":"Frozen Egg 2"},{"floor":30,"key":"The Courier"}],"event_choices":[{"damage_healed":0,"gold_gain":75,"player_choice":"Gather Gold","damage_taken":11,"max_hp_gain":0,"max_hp_loss":0,"event_name":"World of Goop","floor":4,"gold_loss":0},{"damage_healed":0,"gold_gain":175,"player_choice":"AGREE","damage_taken":0,"max_hp_gain":0,"max_hp_loss":0,"event_name":"Liars Game","floor":11,"gold_loss":0,"cards_obtained":["Doubt"]},{"cards_removed":["Doubt"],"damage_healed":0,"gold_gain":0,"player_choice":"Offered Curse","damage_taken":0,"relics_obtained":["Spirit Poop"],"max_hp_gain":0,"max_hp_loss":0,"event_name":"Bonfire Elementals","floor":12,"gold_loss":0},{"cards_removed":["Strike_R"],"damage_healed":0,"gold_gain":0,"player_choice":"Card Removal","damage_taken":0,"max_hp_gain":0,"max_hp_loss":0,"event_name":"The Cleric","floor":14,"gold_loss":50},{"damage_healed":0,"gold_gain":0,"player_choice":"Read","damage_taken":0,"max_hp_gain":0,"max_hp_loss":0,"event_name":"The Library","floor":19,"gold_loss":0,"cards_obtained":["Sentinel"]},{"damage_healed":0,"gold_gain":0,"player_choice":"Shed Blood","damage_taken":23,"max_hp_gain":5,"max_hp_loss":0,"event_name":"Forgotten Altar","floor":20,"gold_loss":0},{"damage_healed":0,"gold_gain":0,"player_choice":"Inject Mutagens","damage_taken":0,"relics_obtained":["MutagenicStrength"],"max_hp_gain":0,"max_hp_loss":0,"event_name":"Drug Dealer","floor":21,"gold_loss":0},{"cards_removed":["Strike_R"],"damage_healed":0,"gold_gain":0,"player_choice":"Gave Gold","damage_taken":0,"max_hp_gain":0,"max_hp_loss":0,"event_name":"Beggar","floor":22,"gold_loss":75}],"is_beta":false,"boss_relics":[{"not_picked":["Eternal Feather","Lizard Tail"],"picked":"Ectoplasm"}],"items_purged_floors":[],"is_endless":false,"potions_floor_spawned":[2,3,16,18,27,30],"killed_by":"Shelled Parasite and Fungi","ascension_level":13}