{"gold_per_floor":[109,119,130,7,25,25,125,142,168,182,209,209,224,239,239,239],"floor_reached":16,"playtime":966,"items_purged":["Strike_R"],"score":117,"play_id":"4c249561-9439-46f2-96ff-8bbd3b592cfb","local_time":"20190521231836","is_ascension_mode":true,"campfire_choices":[{"data":"Bash","floor":6,"key":"SMITH"},{"data":"Power Through","floor":12,"key":"SMITH"},{"floor":15,"key":"REST"}],"neow_cost":"TEN_PERCENT_HP_LOSS","seed_source_timestamp":278324747369424,"circlet_count":0,"master_deck":["Strike_R","Strike_R","Strike_R","Defend_R","Defend_R","Defend_R","Bash+1","Sentinel","True Grit","Spot Weakness","Battle Trance","Power Through+1","Uppercut"],"relics":["Burning Blood","Vajra","Anchor"],"potions_floor_usage":[16,16],"damage_taken":[{"damage":1,"enemies":"Cultist","floor":1,"turns":4},{"damage":10,"enemies":"Jaw Worm","floor":2,"turns":5},{"damage":3,"enemies":"Small Slimes","floor":3,"turns":3},{"damage":11,"enemies":"3 Louse","floor":5,"turns":5},{"damage":20,"enemies":"2 Fungi Beasts","floor":8,"turns":4},{"damage":7,"enemies":"Exordium Wildlife","floor":10,"turns":6},{"damage":40,"enemies":"Gremlin Nob","floor":11,"turns":5},{"damage":5,"enemies":"Large Slime","floor":13,"turns":7},{"damage":0,"enemies":"Looter","floor":14,"turns":3},{"damage":47,"enemies":"Hexaghost","floor":16,"turns":12}],"seed_played":"1149096247043845019","potions_obtained":[{"floor":1,"key":"FearPotion"},{"floor":8,"key":"SkillPotion"},{"floor":11,"key":"Block Potion"}],"is_trial":false,"path_per_floor":["M","M","M","$","M","R","?","M","T","M","E","R","M","M","R","B"],"character_chosen":"IRONCLAD","items_purchased":["True Grit"],"campfire_rested":1,"item_purchase_floors":[4],"current_hp_per_floor":[72,68,71,71,66,66,66,52,52,51,17,17,18,24,45,0],"gold":239,"neow_bonus":"REMOVE_TWO","is_prod":false,"is_daily":false,"chose_seed":false,"campfire_upgraded":2,"win_rate":0,"timestamp":1558505916,"path_taken":["M","M","M","$","M","R","?","M","T","?","E","R","M","M","R","BOSS"],"build_version":"2019-01-23","purchased_purges":1,"victory":false,"max_hp_per_floor":[72,72,72,72,72,72,72,72,72,72,72,72,72,72,72,72],"card_choices":[{"not_picked":["Corruption","Iron Wave"],"picked":"Sentinel","floor":1},{"not_picked":["Flex","Dropkick","Cleave"],"picked":"SKIP","floor":2},{"not_picked":["Anger","Rampage","Cleave"],"picked":"SKIP","floor":3},{"not_picked":["True Grit","Heavy Blade","Headbutt"],"picked":"SKIP","floor":5},{"not_picked":["Pommel Strike","Clash"],"picked":"Spot Weakness","floor":8},{"not_picked":["Hemokinesis","Perfected Strike"],"picked":"Battle Trance","floor":10},{"not_picked":["Rampage","Clash"],"picked":"Power Through","floor":11},{"not_picked":["Warcry","Power Through","Brutality"],"picked":"SKIP","floor":13},{"not_picked":["Clothesline","Combust"],"picked":"Uppercut","floor":14}],"player_experience":191043,"relics_obtained":[{"floor":9,"key":"Vajra"},{"floor":11,"key":"Anchor"}],"event_choices":[{"damage_healed":0,"gold_gain":100,"player_choice":"Pray","damage_taken":0,"max_hp_gain":0,"max_hp_loss":0,"event_name":"Golden Shrine","floor":7,"gold_loss":0}],"is_beta":false,"boss_relics":[],"items_purged_floors":[4],"is_endless":false,"potions_floor_spawned":[1,8,11],"killed_by":"Hexaghost","ascension_level":2}