{"gold_per_floor":[116,129,143,143,157,157,169,169,169,169,195,370,370,382,382,478,478,489,509,147,147,147],"floor_reached":22,"playtime":1465,"items_purged":["Regret"],"score":205,"play_id":"153f9634-b301-4253-a200-5f2d6aa1632b","local_time":"20190711012147","is_ascension_mode":true,"campfire_choices":[{"floor":6,"key":"REST"},{"floor":13,"key":"REST"},{"floor":15,"key":"REST"}],"neow_cost":"NONE","seed_source_timestamp":1964281657751276,"circlet_count":0,"master_deck":["Strike_G","Strike_G","Strike_G","Strike_G+1","Defend_G","Defend_G","Defend_G+1","Defend_G","Survivor","Neutralize","Deadly Poison","Crippling Poison","Backflip","Doubt","Venomology","Injury","Backflip","Noxious Fumes+1"],"relics":["Ring of the Snake","Boot","Du-Vu Doll","Calling Bell","Bronze Scales","Frozen Egg 2","Dead Branch","MealTicket"],"potions_floor_usage":[18],"damage_taken":[{"damage":10,"enemies":"2 Louse","floor":1,"turns":6},{"damage":3,"enemies":"Small Slimes","floor":2,"turns":4},{"damage":0,"enemies":"Cultist","floor":3,"turns":4},{"damage":9,"enemies":"Blue Slaver","floor":5,"turns":4},{"damage":7,"enemies":"Large Slime","floor":7,"turns":8},{"damage":17,"enemies":"Gremlin Nob","floor":11,"turns":5},{"damage":3,"enemies":"2 Fungi Beasts","floor":14,"turns":4},{"damage":31,"enemies":"Hexaghost","floor":16,"turns":14},{"damage":33,"enemies":"Chosen","floor":18,"turns":5},{"damage":18,"enemies":"3 Byrds","floor":19,"turns":3},{"damage":30,"enemies":"3 Cultists","floor":22,"turns":4}],"seed_played":"-7612929187953584654","potions_obtained":[{"floor":2,"key":"SteroidPotion"},{"floor":5,"key":"FairyPotion"},{"floor":11,"key":"FairyPotion"},{"floor":14,"key":"Swift Potion"}],"is_trial":false,"path_per_floor":["M","M","M","?","M","R","M","?","T","?","E","?","R","M","R","B",null,"M","M","$","?","M"],"character_chosen":"THE_SILENT","items_purchased":["Noxious Fumes+1","MealTicket"],"campfire_rested":3,"item_purchase_floors":[20,20],"current_hp_per_floor":[60,57,57,43,34,55,48,41,41,38,21,21,42,39,60,29,70,37,19,19,19,0],"gold":147,"neow_bonus":"REMOVE_CARD","is_prod":false,"is_daily":false,"chose_seed":false,"campfire_upgraded":0,"win_rate":0,"timestamp":1562826107,"path_taken":["M","M","M","?","M","R","M","?","T","?","E","?","R","M","R","BOSS","M","M","$","?","M"],"build_version":"2019-07-05","purchased_purges":1,"victory":false,"max_hp_per_floor":[70,70,70,70,70,70,70,70,70,70,70,70,70,70,70,70,70,70,70,70,70,70],"card_choices":[{"not_picked":["Flechettes","Slice"],"picked":"Deadly Poison","floor":1},{"not_picked":["Flying Knee","Leg Sweep","Cloak And Dagger"],"picked":"SKIP","floor":2},{"not_picked":["Acrobatics","Blade Dance","Cloak And Dagger"],"picked":"SKIP","floor":3},{"not_picked":["PiercingWail","After Image"],"picked":"Crippling Poison","floor":5},{"not_picked":["Dagger Spray","Slice","Dodge and Roll"],"picked":"SKIP","floor":7},{"not_picked":["Flying Knee","Prepared"],"picked":"Backflip","floor":11},{"not_picked":["Deflect","Sucker Punch","Caltrops"],"picked":"SKIP","floor":14},{"not_picked":["Burst","Corpse Explosion"],"picked":"Venomology","floor":16},{"not_picked":["Expertise","Setup"],"picked":"Backflip","floor":18},{"not_picked":["Concentrate+1","Deflect","Skewer"],"picked":"SKIP","floor":19}],"player_experience":356499,"relics_obtained":[{"floor":11,"key":"Du-Vu Doll"},{"floor":17,"key":"Bronze Scales"},{"floor":17,"key":"Frozen Egg 2"},{"floor":17,"key":"Dead Branch"}],"event_choices":[{"damage_healed":0,"gold_gain":0,"player_choice":"Entered Light","damage_taken":14,"max_hp_gain":0,"max_hp_loss":0,"event_name":"Shining Light","floor":4,"gold_loss":0,"cards_upgraded":["Defend_G","Strike_G"]},{"cards_removed":["Defend_G"],"damage_healed":0,"gold_gain":0,"player_choice":"Card Removal","damage_taken":7,"max_hp_gain":0,"max_hp_loss":0,"event_name":"Golden Wing","floor":8,"gold_loss":0},{"damage_healed":0,"gold_gain":0,"player_choice":"Success","damage_taken":3,"relics_obtained":["Boot"],"max_hp_gain":0,"max_hp_loss":0,"event_name":"Scrap Ooze","floor":10,"gold_loss":0},{"damage_healed":0,"gold_gain":175,"player_choice":"AGREE","damage_taken":0,"max_hp_gain":0,"max_hp_loss":0,"event_name":"Liars Game","floor":12,"gold_loss":0,"cards_obtained":["Doubt"]},{"cards_removed":["Decay"],"damage_healed":0,"gold_gain":0,"player_choice":"Elegance","damage_taken":0,"max_hp_gain":0,"max_hp_loss":0,"event_name":"Back to Basics","floor":21,"gold_loss":0}],"is_beta":false,"boss_relics":[{"not_picked":["White Beast Statue","Ectoplasm"],"picked":"Calling Bell"}],"items_purged_floors":[20],"is_endless":false,"potions_floor_spawned":[2,5,11,14,19],"killed_by":"3 Cultists","ascension_level":2}