{"gold_per_floor":[363,373,373,61,71,100,100,132,132,132,147,174,174,204,204,204],"floor_reached":16,"playtime":1172,"items_purged":[],"score":142,"play_id":"d8aed5be-ca22-4542-acea-60c83f578edd","local_time":"20190710233744","is_ascension_mode":true,"campfire_choices":[{"data":"Neutralize","floor":7,"key":"SMITH"},{"floor":10,"key":"REST"},{"floor":15,"key":"REST"}],"neow_cost":"TEN_PERCENT_HP_LOSS","seed_source_timestamp":0,"circlet_count":0,"master_deck":["Strike_G","Strike_G+1","Strike_G","Strike_G","Strike_G","Defend_G","Defend_G+1","Defend_G","Defend_G","Defend_G","Survivor","Neutralize+1","Poisoned Stab","Dagger Spray","Sucker Punch","PiercingWail","Bouncing Flask","Escape Plan"],"special_seed":0,"relics":["Ring of the Snake","Prayer Wheel","Mummified Hand","The Courier","Anchor","Pocketwatch"],"potions_floor_usage":[6,8,16],"damage_taken":[{"damage":3.0,"enemies":"Cultist","floor":1.0,"turns":5.0},{"damage":0.0,"enemies":"2 Louse","floor":2.0,"turns":4.0},{"damage":0,"enemies":"Small Slimes","floor":5,"turns":4},{"damage":18,"enemies":"3 Sentries","floor":6,"turns":11},{"damage":25,"enemies":"Gremlin Nob","floor":8,"turns":4},{"damage":2,"enemies":"2 Fungi Beasts","floor":11,"turns":3},{"damage":15,"enemies":"Lagavulin","floor":12,"turns":5},{"damage":38,"enemies":"Slime Boss","floor":16,"turns":9}],"seed_played":"3698578278975186764","potions_obtained":[{"floor":2.0,"key":"Regen Potion"},{"floor":6,"key":"GamblersBrew"},{"floor":12,"key":"Swift Potion"}],"is_trial":false,"path_per_floor":["M","M","?","$","M","E","R","E","T","R","M","E","?","?","R","B"],"character_chosen":"THE_SILENT","items_purchased":["Prayer Wheel"],"campfire_rested":2,"item_purchase_floors":[4],"current_hp_per_floor":[60,60,47,47,47,44,44,19,19,37,35,20,20,20,38,0],"gold":204,"neow_bonus":"TWO_FIFTY_GOLD","is_prod":false,"is_daily":false,"chose_seed":false,"campfire_upgraded":1,"win_rate":0,"timestamp":1562816264,"path_taken":["M","M","?","$","M","E","R","E","T","R","M","E","?","?","R","BOSS"],"build_version":"2019-07-05","purchased_purges":0,"victory":false,"max_hp_per_floor":[63,63,63,63,63,63,63,63,63,63,63,63,63,63,63,63],"card_choices":[{"not_picked":["Deflect","Cloak And Dagger","Accuracy"],"picked":"SKIP","floor":1.0},{"not_picked":["Acrobatics","Deflect","Quick Slash"],"picked":"SKIP","floor":2.0},{"not_picked":["Expertise","Blade Dance"],"picked":"Poisoned Stab","floor":5},{"not_picked":["All Out Attack","Blade Dance"],"picked":"Dagger Spray","floor":5},{"not_picked":["Dodge and Roll","Underhanded Strike","Setup"],"picked":"SKIP","floor":6},{"not_picked":["Backflip","Tools of the Trade"],"picked":"Sucker Punch","floor":8},{"not_picked":["Dagger Throw","Bane"],"picked":"PiercingWail","floor":11},{"not_picked":["Heel Hook","Predator"],"picked":"Bouncing Flask","floor":11},{"not_picked":["Deflect","Cloak And Dagger"],"picked":"Escape Plan","floor":12}],"player_experience":264450,"relics_obtained":[{"floor":8,"key":"Mummified Hand"},{"floor":9,"key":"The Courier"},{"floor":12,"key":"Anchor"}],"event_choices":[{"damage_healed":0.0,"max_hp_gain":0.0,"max_hp_loss":0.0,"gold_gain":0.0,"event_name":"Shining Light","player_choice":"Entered Light","floor":3.0,"gold_loss":0.0,"damage_taken":13.0,"cards_upgraded":["Defend_G","Strike_G"]},{"damage_healed":0,"gold_gain":0,"player_choice":"Ignored","damage_taken":0,"max_hp_gain":0,"max_hp_loss":0,"event_name":"Liars Game","floor":13,"gold_loss":0},{"damage_healed":0,"gold_gain":30,"player_choice":"Searched \u00272\u0027 times","damage_taken":0,"relics_obtained":["Pocketwatch"],"max_hp_gain":0,"max_hp_loss":0,"event_name":"Dead Adventurer","floor":14,"gold_loss":0}],"is_beta":false,"boss_relics":[],"items_purged_floors":[],"is_endless":false,"potions_floor_spawned":[2,6,12],"killed_by":"Slime Boss","ascension_level":4}