{"gold_per_floor":[112,9,9,9,9,42,57,57,127,127,145,145,165,165,165,262,262,280,362,381,398,415,415,446,446,472,486,32,42,42,42,42,138,138,151,151,162,162],"floor_reached":38,"playtime":1717,"items_purged":[],"score":461,"play_id":"474576db-770b-401a-8b90-deb62ceca457","local_time":"20190617222710","is_ascension_mode":true,"campfire_choices":[{"data":"Blade Dance","floor":10,"key":"SMITH"},{"data":"Accuracy","floor":12,"key":"SMITH"},{"data":"Accuracy","floor":15,"key":"SMITH"},{"data":"Envenom","floor":23,"key":"SMITH"},{"floor":25,"key":"REST"},{"floor":30,"key":"REST"},{"floor":32,"key":"REST"}],"neow_cost":"NONE","seed_source_timestamp":10203767310865,"circlet_count":0,"master_deck":["Defend_G","Defend_G","Defend_G","Defend_G","Defend_G","Strike_G","Strike_G","Strike_G","Strike_G","Survivor","Neutralize","Accuracy+1","Noxious Fumes+1","Deadly Poison","Blade Dance+1","Accuracy+1","Blade Dance","Envenom+1","Backstab","Accuracy","Concentrate+1","Cloak And Dagger","Storm of Steel"],"relics":["Ring of the Snake","NeowsBlessing","Boot","Pen Nib","Mummified Hand","Lizard Tail","Ornamental Fan","Strawberry","Dream Catcher","Shovel","Ancient Tea Set","Sozu"],"potions_floor_usage":[27,29],"damage_taken":[{"damage":0,"enemies":"Jaw Worm","floor":1,"turns":1},{"damage":0,"enemies":"Gremlin Nob","floor":6,"turns":1},{"damage":0,"enemies":"Small Slimes","floor":7,"turns":1},{"damage":1,"enemies":"Cultist","floor":11,"turns":3},{"damage":6,"enemies":"3 Louse","floor":13,"turns":2},{"damage":13,"enemies":"Slime Boss","floor":16,"turns":6},{"damage":13,"enemies":"3 Byrds","floor":18,"turns":3},{"damage":19,"enemies":"Shell Parasite","floor":20,"turns":5},{"damage":9,"enemies":"Snake Plant","floor":21,"turns":4},{"damage":39,"enemies":"3 Cultists","floor":22,"turns":5},{"damage":22,"enemies":"Book of Stabbing","floor":24,"turns":4},{"damage":9,"enemies":"Snecko","floor":27,"turns":4},{"damage":21,"enemies":"Sentry and Sphere","floor":29,"turns":5},{"damage":42,"enemies":"Champ","floor":33,"turns":9},{"damage":5,"enemies":"Orb Walker","floor":35,"turns":3},{"damage":28,"enemies":"3 Darklings","floor":37,"turns":5},{"damage":57,"enemies":"Spire Growth","floor":38,"turns":4}],"seed_played":"4818599142524039625","potions_obtained":[{"floor":7,"key":"Energy Potion"},{"floor":11,"key":"Weak Potion"},{"floor":14,"key":"SkillPotion"},{"floor":33,"key":"LiquidBronze"}],"is_trial":false,"path_per_floor":["M","$","?","?","?","E","M","$","T","R","M","R","M","?","R","B",null,"M","T","M","M","M","R","E","R","T","M","$","M","R","?","R","B",null,"M","?","M","M"],"character_chosen":"THE_SILENT","items_purchased":["Noxious Fumes","Deadly Poison","Shovel","Ancient Tea Set"],"campfire_rested":3,"item_purchase_floors":[2,2,28,28],"current_hp_per_floor":[70,70,58,70,70,70,70,70,70,70,69,69,63,63,63,50,70,57,57,38,29,29,29,14,37,37,28,28,7,30,30,53,11,77,72,72,44,0],"gold":162,"neow_bonus":"THREE_ENEMY_KILL","is_prod":false,"is_daily":false,"chose_seed":false,"campfire_upgraded":4,"win_rate":0,"timestamp":1560835630,"path_taken":["M","$","?","?","?","E","M","$","T","R","M","R","?","?","R","BOSS","M","?","M","M","M","R","E","R","T","M","$","M","R","?","R","BOSS","M","?","?","M"],"build_version":"2019-01-23","purchased_purges":0,"victory":false,"max_hp_per_floor":[70,70,70,70,70,70,70,70,70,70,70,70,70,70,70,70,70,70,70,70,70,70,70,77,77,77,77,77,77,77,77,77,77,77,77,77,77,77],"card_choices":[{"not_picked":["Dagger Throw","Deadly Poison"],"picked":"Accuracy","floor":1},{"not_picked":["Sucker Punch","Underhanded Strike"],"picked":"Blade Dance","floor":6},{"not_picked":["Outmaneuver","PiercingWail"],"picked":"Accuracy","floor":7},{"not_picked":["Bane","Sucker Punch","Riddle With Holes"],"picked":"SKIP","floor":11},{"not_picked":["Deflect","Expertise"],"picked":"Blade Dance","floor":13},{"not_picked":["Bullet Time","Malaise"],"picked":"Envenom","floor":16},{"not_picked":["Skewer","Slice","Dagger Throw"],"picked":"SKIP","floor":18},{"not_picked":["Riddle With Holes","PiercingWail"],"picked":"Backstab","floor":20},{"not_picked":["Slice","Dagger Throw","Dagger Spray"],"picked":"SKIP","floor":21},{"not_picked":["Blade Dance","All Out Attack+1","Dash"],"picked":"SKIP","floor":22},{"not_picked":["Flechettes","Flying Knee","Sucker Punch"],"picked":"SKIP","floor":24},{"not_picked":["Leg Sweep","Prepared"],"picked":"Accuracy","floor":27},{"not_picked":["Dagger Spray","Endless Agony"],"picked":"Concentrate+1","floor":29},{"not_picked":["Outmaneuver","Tools of the Trade"],"picked":"Cloak And Dagger","floor":32},{"not_picked":["Burst","Wraith Form v2"],"picked":"Storm of Steel","floor":33},{"not_picked":["Tactician+1","Catalyst+1","Underhanded Strike"],"picked":"SKIP","floor":35},{"not_picked":["Sucker Punch+1","Bane","Escape Plan"],"picked":"SKIP","floor":37}],"player_experience":201322,"relics_obtained":[{"floor":6,"key":"Pen Nib"},{"floor":9,"key":"Mummified Hand"},{"floor":19,"key":"Ornamental Fan"},{"floor":24,"key":"Strawberry"},{"floor":26,"key":"Dream Catcher"}],"event_choices":[{"damage_healed":0,"gold_gain":0,"player_choice":"Success","damage_taken":12,"relics_obtained":["Boot"],"max_hp_gain":0,"max_hp_loss":0,"event_name":"Scrap Ooze","floor":3,"gold_loss":0},{"damage_healed":23,"gold_gain":0,"player_choice":"Banana","damage_taken":0,"max_hp_gain":0,"max_hp_loss":0,"event_name":"Big Fish","floor":4,"gold_loss":0},{"damage_healed":0,"gold_gain":0,"player_choice":"Upgraded","damage_taken":0,"max_hp_gain":0,"max_hp_loss":0,"event_name":"Upgrade Shrine","floor":5,"gold_loss":0,"cards_upgraded":["Noxious Fumes"]},{"damage_healed":0,"gold_gain":0,"player_choice":"Got Potions","damage_taken":0,"max_hp_gain":0,"max_hp_loss":0,"event_name":"Lab","floor":14,"gold_loss":0},{"damage_healed":0,"gold_gain":0,"player_choice":"Ignored","damage_taken":0,"max_hp_gain":0,"max_hp_loss":0,"event_name":"Beggar","floor":31,"gold_loss":0},{"cards_removed":["Strike_G"],"damage_healed":0,"gold_gain":0,"player_choice":"Offered Basic","damage_taken":0,"max_hp_gain":0,"max_hp_loss":0,"event_name":"Bonfire Elementals","floor":36,"gold_loss":0}],"is_beta":false,"boss_relics":[{"not_picked":["Calling Bell","Fusion Hammer"],"picked":"Lizard Tail"},{"not_picked":["Runic Dome","Philosopher\u0027s Stone"],"picked":"Sozu"}],"items_purged_floors":[],"is_endless":false,"potions_floor_spawned":[7,11,16,18,20,21,33,35,37],"killed_by":"Spire Growth","ascension_level":2}