{"gold_per_floor":[111,186,197,197,216,216,216,234,260,297,332,344,370,407,419,552,564,595,642,654,666,658,670,692,704,795,818,856,613,623,643,643,643],"floor_reached":33,"playtime":3664,"items_purged":[],"score":288,"play_id":"9d4ff5e0-6ce0-42a3-b716-dc48f093b336","local_time":"20190703154101","is_ascension_mode":false,"campfire_choices":[{"data":"Poisoned Stab","floor":6,"key":"SMITH"},{"floor":15,"key":"REST"},{"floor":23,"key":"REST"},{"floor":25,"key":"REST"},{"floor":32,"key":"REST"}],"neow_cost":"NONE","seed_source_timestamp":1322437452880571,"circlet_count":0,"master_deck":["Strike_G","Strike_G","Strike_G","Defend_G","Defend_G","Defend_G","Defend_G","Defend_G","Survivor","Neutralize","Storm of Steel","Poisoned Stab+1","Poisoned Stab","Poisoned Stab","Injury","Slice","Bane","Slice","Deadly Poison","Poisoned Stab","Night Terror","Sucker Punch","Crippling Poison","Infinite Blades","Quick Slash+1","Finisher+1","Blur","Noxious Fumes","The Bomb","Backstab+1","Envenom"],"relics":["Ring of the Snake","Anchor","Bloody Idol","MawBank","Paper Crane","Empty Cage","Red Mask","Molten Egg 2","Blue Candle","Shuriken"],"potions_floor_usage":[10,16,19,24,27,30,33],"damage_taken":[{"damage":3,"enemies":"Jaw Worm","floor":1,"turns":3},{"damage":0,"enemies":"Small Slimes","floor":3,"turns":4},{"damage":10,"enemies":"Cultist","floor":5,"turns":4},{"damage":8,"enemies":"Large Slime","floor":8,"turns":5},{"damage":0,"enemies":"3 Louse","floor":10,"turns":4},{"damage":4,"enemies":"Exordium Wildlife","floor":11,"turns":3},{"damage":0,"enemies":"Red Slaver","floor":13,"turns":2},{"damage":0,"enemies":"3 Louse","floor":14,"turns":2},{"damage":42,"enemies":"Hexaghost","floor":16,"turns":9},{"damage":11,"enemies":"Shell Parasite","floor":18,"turns":5},{"damage":43,"enemies":"Masked Bandits","floor":19,"turns":6},{"damage":9,"enemies":"2 Thieves","floor":22,"turns":4},{"damage":41,"enemies":"3 Cultists","floor":24,"turns":7},{"damage":14,"enemies":"Cultist and Chosen","floor":27,"turns":6},{"damage":49,"enemies":"Book of Stabbing","floor":28,"turns":6},{"damage":5,"enemies":"Snake Plant","floor":30,"turns":5},{"damage":9,"enemies":"3 Cultists","floor":31,"turns":4},{"damage":73,"enemies":"Automaton","floor":33,"turns":6}],"seed_played":"8192981059561296435","potions_obtained":[{"floor":8,"key":"Fire Potion"},{"floor":13,"key":"GhostInAJar"},{"floor":16,"key":"Fire Potion"},{"floor":19,"key":"PowerPotion"},{"floor":22,"key":"Fire Potion"},{"floor":28,"key":"Dexterity Potion"},{"floor":31,"key":"GhostInAJar"}],"is_trial":false,"path_per_floor":["M","?","M","?","M","R","?","M","T","M","M","T","M","M","R","B",null,"M","?","?","?","M","R","M","R","T","M","E","$","M","M","R","B"],"character_chosen":"THE_SILENT","items_purchased":["Noxious Fumes","The Bomb"],"campfire_rested":4,"item_purchase_floors":[29,29],"current_hp_per_floor":[67,56,56,44,34,34,34,26,26,26,22,22,22,22,43,1,70,59,16,16,21,27,53,22,48,58,54,15,20,20,16,37,0],"gold":643,"neow_bonus":"ONE_RANDOM_RARE_CARD","is_prod":false,"is_daily":false,"chose_seed":false,"campfire_upgraded":1,"win_rate":0.0,"timestamp":1562186461,"path_taken":["M","?","M","?","M","R","?","M","T","?","M","?","?","M","R","BOSS","M","?","?","?","M","R","M","R","T","M","E","$","?","M","R","BOSS"],"build_version":"2019-07-01","purchased_purges":0,"victory":false,"max_hp_per_floor":[70,70,70,70,70,70,70,70,70,70,70,70,70,70,70,70,70,70,70,70,70,70,70,70,70,70,70,70,70,70,70,70,70],"card_choices":[{"not_picked":["Infinite Blades","Endless Agony"],"picked":"Poisoned Stab","floor":1},{"not_picked":["Deadly Poison","Underhanded Strike"],"picked":"Poisoned Stab","floor":3},{"not_picked":["Flying Knee","Dodge and Roll"],"picked":"Poisoned Stab","floor":5},{"not_picked":["Cloak And Dagger","Acrobatics"],"picked":"Slice","floor":8},{"not_picked":["Flechettes","Dodge and Roll"],"picked":"Bane","floor":10},{"not_picked":["Escape Plan","Doppelganger"],"picked":"Slice","floor":11},{"not_picked":["Quick Slash","Blade Dance"],"picked":"Deadly Poison","floor":13},{"not_picked":["Prepared","Quick Slash"],"picked":"Poisoned Stab","floor":14},{"not_picked":["Wraith Form v2","Storm of Steel"],"picked":"Night Terror","floor":16},{"not_picked":["Escape Plan+1","Quick Slash"],"picked":"Sucker Punch","floor":18},{"not_picked":["Reflex","Distraction"],"picked":"Crippling Poison","floor":19},{"not_picked":["Expertise+1","Skewer+1"],"picked":"Infinite Blades","floor":22},{"not_picked":["Expertise","Underhanded Strike+1"],"picked":"Quick Slash+1","floor":24},{"not_picked":["Flechettes+1","Escape Plan+1"],"picked":"Finisher+1","floor":27},{"not_picked":["Dagger Throw+1","Underhanded Strike+1"],"picked":"Blur","floor":28},{"not_picked":["Predator+1","Cloak And Dagger"],"picked":"Backstab+1","floor":30},{"not_picked":["Dagger Throw+1","Blade Dance"],"picked":"Envenom","floor":31}],"player_experience":226476,"relics_obtained":[{"floor":9,"key":"MawBank"},{"floor":12,"key":"Paper Crane"},{"floor":19,"key":"Red Mask"},{"floor":26,"key":"Blue Candle"},{"floor":28,"key":"Shuriken"}],"event_choices":[{"damage_healed":0,"gold_gain":75,"player_choice":"Gather Gold","damage_taken":11,"max_hp_gain":0,"max_hp_loss":0,"event_name":"World of Goop","floor":2,"gold_loss":0},{"damage_healed":0,"gold_gain":0,"player_choice":"Success","damage_taken":12,"relics_obtained":["Anchor"],"max_hp_gain":0,"max_hp_loss":0,"event_name":"Scrap Ooze","floor":4,"gold_loss":0},{"damage_healed":0,"gold_gain":0,"player_choice":"Take Wound","damage_taken":0,"relics_obtained":["Golden Idol"],"max_hp_gain":0,"max_hp_loss":0,"event_name":"Golden Idol","floor":7,"gold_loss":0,"cards_obtained":["Injury"]},{"damage_healed":0,"gold_gain":0,"player_choice":"Fought Bandits","damage_taken":0,"max_hp_gain":0,"max_hp_loss":0,"event_name":"Masked Bandits","floor":19,"gold_loss":0},{"damage_healed":0,"gold_gain":0,"player_choice":"Gave Idol","damage_taken":0,"relics_obtained":["Bloody Idol"],"max_hp_gain":0,"max_hp_loss":0,"event_name":"Forgotten Altar","floor":20,"relics_lost":["Golden Idol"],"gold_loss":0},{"damage_healed":0,"gold_gain":0,"player_choice":"Opened","damage_taken":0,"relics_obtained":["Molten Egg 2"],"max_hp_gain":0,"max_hp_loss":0,"event_name":"The Mausoleum","floor":21,"gold_loss":0}],"is_beta":false,"boss_relics":[{"not_picked":["WristBlade","Coffee Dripper"],"picked":"Empty Cage"}],"items_purged_floors":[],"is_endless":false,"potions_floor_spawned":[1,8,13,16,19,22,28,31],"killed_by":"Automaton","ascension_level":0}