{"gold_per_floor":[111,111,135,146,156,156,136,156,180,180,200,200,234,91,91,195,245,259,259,271,286,305,305,29,63,63,89,89,51,51,67,67,162,162,175,192,208,225,238,238,238,251,251,251,231,84,103,123,123,123],"floor_reached":51,"playtime":3207,"items_purged":[],"score":693,"play_id":"a2f27e5d-2f06-4b28-a52c-81feb835a0a3","local_time":"20190620002055","is_ascension_mode":false,"campfire_choices":[{"data":"Leap","floor":6,"key":"SMITH"},{"data":"Ball Lightning","floor":10,"key":"SMITH"},{"floor":15,"key":"REST"},{"floor":23,"key":"REST"},{"floor":28,"key":"REST"},{"data":"Capacitor","floor":30,"key":"SMITH"},{"floor":32,"key":"REST"},{"floor":40,"key":"REST"},{"data":"Static Discharge","floor":44,"key":"SMITH"},{"floor":49,"key":"REST"}],"neow_cost":"NONE","seed_source_timestamp":144454092253693,"circlet_count":0,"master_deck":["Strike_B","Strike_B","Strike_B","Strike_B+1","Defend_B","Defend_B","Defend_B","Defend_B","Zap","Dualcast","Melter","Leap+1","Ball Lightning+1","Electrodynamics","Redo","Gash+1","Buffer","Streamline+1","Gash","Sunder+1","Defragment","Capacitor+1","Loop","Streamline+1","Lockon+1","Sweeping Beam","Sweeping Beam+1","Double Energy+1","Redo+1","Static Discharge+1","Sweeping Beam+1","Double Energy+1","Melter+1","White Noise"],"relics":["Cracked Core","Pear","Orichalcum","Strawberry","Pen Nib","Regal Pillow","Tiny House","Mummified Hand","Blood Vial","Meat on the Bone","Vajra","Orrery","Darkstone Periapt","Lantern"],"potions_floor_usage":[16,27,27,33,33,33,33,33,33,39,47,47,50],"damage_taken":[{"damage":6,"enemies":"Jaw Worm","floor":1,"turns":3},{"damage":0,"enemies":"Cultist","floor":4,"turns":3},{"damage":1,"enemies":"2 Louse","floor":5,"turns":3},{"damage":19,"enemies":"Exordium Thugs","floor":7,"turns":5},{"damage":5,"enemies":"2 Fungi Beasts","floor":8,"turns":3},{"damage":5,"enemies":"Looter","floor":11,"turns":3},{"damage":7,"enemies":"Lagavulin","floor":13,"turns":5},{"damage":56,"enemies":"Hexaghost","floor":16,"turns":11},{"damage":0,"enemies":"Spheric Guardian","floor":18,"turns":1},{"damage":14,"enemies":"3 Byrds","floor":20,"turns":3},{"damage":20,"enemies":"Snecko","floor":21,"turns":5},{"damage":13,"enemies":"Chosen and Byrds","floor":22,"turns":6},{"damage":39,"enemies":"Gremlin Leader","floor":25,"turns":5},{"damage":46,"enemies":"Slavers","floor":27,"turns":5},{"damage":0,"enemies":"3 Cultists","floor":31,"turns":3},{"damage":53,"enemies":"Champ","floor":33,"turns":10},{"damage":19,"enemies":"3 Shapes","floor":35,"turns":3},{"damage":36,"enemies":"3 Darklings","floor":36,"turns":4},{"damage":28,"enemies":"Transient","floor":37,"turns":5},{"damage":18,"enemies":"4 Shapes","floor":38,"turns":3},{"damage":30,"enemies":"3 Darklings","floor":39,"turns":4},{"damage":46,"enemies":"Maw","floor":42,"turns":8},{"damage":14,"enemies":"Jaw Worm Horde","floor":47,"turns":2},{"damage":17,"enemies":"3 Darklings","floor":48,"turns":4},{"damage":87,"enemies":"Time Eater","floor":50,"turns":9}],"seed_played":"-2829002761439154203","potions_obtained":[{"floor":1,"key":"SpeedPotion"},{"floor":5,"key":"GamblersBrew"},{"floor":7,"key":"EntropicBrew"},{"floor":16,"key":"EssenceOfSteel"},{"floor":17,"key":"EntropicBrew"},{"floor":36,"key":"Regen Potion"},{"floor":45,"key":"EntropicBrew"}],"is_trial":false,"path_per_floor":["M","?","T","M","M","R","M","M","T","R","M","$","E","$","R","B",null,"M","?","M","M","M","R","$","E","T","E","R","$","R","M","R","B",null,"M","M","M","M","M","R","$","M","T","R","?","$","M","M","R","B",null],"character_chosen":"DEFECT","items_purchased":["Regal Pillow","Gash","Mummified Hand","Capacitor","Lantern"],"campfire_rested":6,"item_purchase_floors":[14,24,24,29,46],"current_hp_per_floor":[76,83,83,83,82,82,63,58,65,65,60,60,53,53,97,41,104,104,104,90,70,57,103,103,64,64,32,78,78,78,80,104,63,104,85,63,49,45,38,84,84,52,52,52,52,52,52,49,95,22],"gold":123,"neow_bonus":"TEN_PERCENT_HP_BONUS","is_prod":false,"is_daily":false,"chose_seed":false,"campfire_upgraded":4,"win_rate":0.0,"timestamp":1561008055,"path_taken":["M","?","?","M","M","R","M","M","T","R","M","$","E","?","R","BOSS","M","?","?","M","M","R","$","E","T","E","R","?","R","M","R","BOSS","M","M","?","M","?","R","$","?","T","R","?","$","M","M","R","BOSS"],"build_version":"2019-01-23","purchased_purges":0,"victory":true,"max_hp_per_floor":[82,92,92,92,92,92,92,92,99,99,99,99,99,99,99,99,104,104,104,104,104,104,104,104,104,104,104,104,104,104,104,104,104,104,104,104,104,104,104,104,104,104,104,104,104,104,104,104,104,104],"card_choices":[{"not_picked":["Steam Power","Cold Snap","White Noise"],"picked":"SKIP","floor":1},{"not_picked":["Redo","FTL"],"picked":"Melter","floor":4},{"not_picked":["Streamline","Cold Snap"],"picked":"Leap","floor":5},{"not_picked":["Compile Driver","Cold Snap"],"picked":"Ball Lightning","floor":7},{"not_picked":["Darkness","Steam Power","Barrage"],"picked":"SKIP","floor":8},{"not_picked":["Rebound","Cold Snap","Machine Learning"],"picked":"SKIP","floor":11},{"not_picked":["Turbo","Hello World","Recycle"],"picked":"SKIP","floor":13},{"not_picked":["Thunder Strike","Multi-Cast"],"picked":"Electrodynamics","floor":16},{"not_picked":["Coolheaded+1","Rip and Tear+1"],"picked":"Redo","floor":18},{"not_picked":["Cold Snap+1","Storm+1"],"picked":"Gash+1","floor":20},{"not_picked":["Coolheaded","Beam Cell+1"],"picked":"Buffer","floor":21},{"not_picked":["Go for the Eyes","Recycle"],"picked":"Streamline+1","floor":22},{"not_picked":["Go for the Eyes","Sweeping Beam"],"picked":"Sunder+1","floor":25},{"not_picked":["Darkness","Leap"],"picked":"Defragment","floor":27},{"not_picked":["Chaos","Ball Lightning"],"picked":"Loop","floor":31},{"not_picked":["Cold Snap","Scrape"],"picked":"Streamline+1","floor":34},{"not_picked":["Leap","Compile Driver"],"picked":"Lockon+1","floor":34},{"not_picked":["Coolheaded+1","Barrage"],"picked":"Sweeping Beam","floor":34},{"not_picked":["Redo","Compile Driver"],"picked":"Sweeping Beam+1","floor":34},{"not_picked":["Rebound+1","Coolheaded"],"picked":"Double Energy+1","floor":35},{"not_picked":["Chill+1","Leap+1"],"picked":"Redo+1","floor":36},{"not_picked":["Barrage+1","Stack"],"picked":"Static Discharge","floor":37},{"not_picked":["Go for the Eyes","Gash"],"picked":"Sweeping Beam+1","floor":38},{"not_picked":["Amplify","Conserve Battery+1","Stack"],"picked":"SKIP","floor":39},{"not_picked":["Genetic Algorithm","Streamline+1"],"picked":"Double Energy+1","floor":42},{"not_picked":["Reprogram","Consume"],"picked":"Melter+1","floor":47},{"not_picked":["Steam+1","Fusion"],"picked":"White Noise","floor":48}],"player_experience":136292,"relics_obtained":[{"floor":3,"key":"Orichalcum"},{"floor":9,"key":"Strawberry"},{"floor":13,"key":"Pen Nib"},{"floor":25,"key":"Blood Vial"},{"floor":26,"key":"Meat on the Bone"},{"floor":27,"key":"Vajra"},{"floor":43,"key":"Darkstone Periapt"}],"event_choices":[{"damage_healed":0,"gold_gain":0,"player_choice":"Success","damage_taken":3,"relics_obtained":["Pear"],"max_hp_gain":0,"max_hp_loss":0,"event_name":"Scrap Ooze","floor":2,"gold_loss":0},{"cards_removed":["Iron Wave"],"damage_healed":0,"gold_gain":0,"player_choice":"Took Card","damage_taken":0,"max_hp_gain":0,"max_hp_loss":0,"event_name":"NoteForYourself","floor":19,"gold_loss":0,"cards_obtained":["Iron Wave"]},{"damage_healed":0,"gold_gain":0,"player_choice":"Bought 1 Potion","damage_taken":0,"max_hp_gain":0,"max_hp_loss":0,"event_name":"The Woman in Blue","floor":45,"gold_loss":0}],"is_beta":false,"boss_relics":[{"not_picked":["Snecko Eye","Eternal Feather"],"picked":"Tiny House"},{"not_picked":["Calling Bell","Empty Cage"],"picked":"Orrery"}],"items_purged_floors":[],"is_endless":false,"potions_floor_spawned":[1,5,7,16,25,31,33,36,37,48],"ascension_level":0}