{"gold_per_floor":[113,113,132,192,44,44,58,58,139,104,137,137,40,40,40,170,170,188,88,88,7,23,23,38,38],"floor_reached":25,"playtime":1345,"items_purged":["Strike_R","Injury"],"score":272,"play_id":"d1299649-1669-437c-a511-22db801601a4","local_time":"20190507214627","is_ascension_mode":true,"campfire_choices":[{"data":"Inflame","floor":6,"key":"SMITH"},{"data":"Cleave","floor":8,"key":"SMITH"},{"data":"Clothesline","floor":12,"key":"SMITH"},{"floor":15,"key":"REST"},{"data":"True Grit","floor":23,"key":"SMITH"}],"neow_cost":"PERCENT_DAMAGE","seed_source_timestamp":168998570622100,"circlet_count":0,"master_deck":["Strike_R","Strike_R","Strike_R","Defend_R+1","Defend_R+1","Defend_R","Bash","Inflame+1","Clothesline+1","Cleave+1","Headbutt","True Grit+1","Double Tap","Feel No Pain","Offering","Shrug It Off","Rampage"],"relics":["Burning Blood","Sundial","War Paint","Kunai","Strawberry","Bloody Idol","Eternal Feather"],"potions_floor_usage":[16,24,24,25],"damage_taken":[{"damage":13,"enemies":"Jaw Worm","floor":1,"turns":5},{"damage":7,"enemies":"2 Louse","floor":3,"turns":3},{"damage":7,"enemies":"Small Slimes","floor":7,"turns":3},{"damage":26,"enemies":"Lagavulin","floor":11,"turns":7},{"damage":0,"enemies":"Slime Boss","floor":16,"turns":6},{"damage":39,"enemies":"Shell Parasite","floor":18,"turns":6},{"damage":13,"enemies":"Chosen","floor":22,"turns":5},{"damage":19,"enemies":"Snake Plant","floor":24,"turns":4},{"damage":57,"enemies":"Book of Stabbing","floor":25,"turns":7}],"seed_played":"-6042044335227659416","potions_obtained":[{"floor":1,"key":"Fire Potion"},{"floor":16,"key":"SpeedPotion"},{"floor":22,"key":"PowerPotion"},{"floor":24,"key":"EssenceOfSteel"}],"is_trial":false,"path_per_floor":["M","?","M","?","$","R","M","R","T","?","E","R","$","?","R","B",null,"M","$","?","$","M","R","M","E"],"character_chosen":"IRONCLAD","items_purchased":["War Paint","True Grit","Offering"],"campfire_rested":1,"item_purchase_floors":[5,13,21],"current_hp_per_floor":[49,42,41,41,41,41,40,40,40,60,47,47,47,47,73,79,87,54,54,54,54,52,61,53,0],"gold":38,"neow_bonus":"REMOVE_TWO","is_prod":false,"is_daily":false,"chose_seed":false,"campfire_upgraded":4,"win_rate":0,"timestamp":1557290787,"path_taken":["M","?","M","?","?","R","M","R","T","?","E","R","$","?","R","BOSS","M","$","?","$","M","R","M","E"],"build_version":"2019-01-23","purchased_purges":2,"victory":false,"max_hp_per_floor":[80,80,80,80,80,80,80,80,80,80,87,87,87,87,87,87,87,87,87,87,87,87,87,87,87],"card_choices":[{"not_picked":["Sever Soul","Disarm"],"picked":"Inflame","floor":1},{"not_picked":["True Grit","Seeing Red"],"picked":"Clothesline","floor":3},{"not_picked":["Dark Embrace","Bloodletting"],"picked":"Cleave","floor":7},{"not_picked":["Wild Strike","Metallicize"],"picked":"Headbutt","floor":11},{"not_picked":["Impervious","Brutality"],"picked":"Double Tap","floor":16},{"not_picked":["Body Slam","Wild Strike"],"picked":"Feel No Pain","floor":18},{"not_picked":["Warcry","Dropkick"],"picked":"Shrug It Off","floor":22},{"not_picked":["Feel No Pain","Seeing Red+1"],"picked":"Rampage","floor":24}],"player_experience":475534,"relics_obtained":[{"floor":9,"key":"Kunai"},{"floor":11,"key":"Strawberry"}],"event_choices":[{"damage_healed":0,"gold_gain":0,"player_choice":"Success","damage_taken":7,"relics_obtained":["Sundial"],"max_hp_gain":0,"max_hp_loss":0,"event_name":"Scrap Ooze","floor":2,"gold_loss":0},{"damage_healed":0,"gold_gain":60,"player_choice":"Gained Gold","damage_taken":0,"max_hp_gain":0,"max_hp_loss":0,"event_name":"Golden Wing","floor":4,"gold_loss":0},{"damage_healed":20,"gold_gain":0,"player_choice":"Healed","damage_taken":0,"max_hp_gain":0,"max_hp_loss":0,"event_name":"The Cleric","floor":10,"gold_loss":35},{"damage_healed":0,"gold_gain":0,"player_choice":"Take Wound","damage_taken":0,"relics_obtained":["Golden Idol"],"max_hp_gain":0,"max_hp_loss":0,"event_name":"Golden Idol","floor":14,"gold_loss":0,"cards_obtained":["Injury"]},{"damage_healed":0,"gold_gain":0,"player_choice":"Gave Idol","damage_taken":0,"relics_obtained":["Bloody Idol"],"max_hp_gain":0,"max_hp_loss":0,"event_name":"Forgotten Altar","floor":20,"relics_lost":["Golden Idol"],"gold_loss":0}],"is_beta":false,"boss_relics":[{"not_picked":["Runic Pyramid","Orrery"],"picked":"Eternal Feather"}],"items_purged_floors":[13,19],"is_endless":false,"potions_floor_spawned":[1,16,22,24],"killed_by":"Book of Stabbing","ascension_level":2}