{"gold_per_floor":[115,115,115,126,33,33,33,68,68,68,94,94,126,138,138,235,235,248,266,60,60,72,72,84,84,109,109,109,127,152,152,152,253,253,270,290,145,191,0,0,15,15,69,82,96,371,371,390,390,390],"floor_reached":50,"playtime":5952,"items_purged":[],"score":528,"play_id":"4e2c3ef5-51f1-4f80-ad71-a0a3199acb4f","local_time":"20190518045723","is_ascension_mode":false,"campfire_choices":[{"floor":7,"key":"REST"},{"floor":10,"key":"REST"},{"floor":15,"key":"REST"},{"floor":23,"key":"REST"},{"data":"Feel No Pain","floor":25,"key":"SMITH"},{"floor":28,"key":"REST"},{"floor":32,"key":"REST"},{"floor":40,"key":"REST"},{"floor":47,"key":"REST"},{"floor":49,"key":"REST"}],"neow_cost":"NONE","seed_source_timestamp":256517398091268,"circlet_count":0,"master_deck":["Strike_R","Strike_R","Strike_R+1","Strike_R","Strike_R","Defend_R","Defend_R+1","Defend_R","Defend_R","Bash","Perfected Strike","Seeing Red","Good Instincts","Body Slam+1","Shrug It Off","Feel No Pain+1","Sword Boomerang+1","Barricade","Shrug It Off","Cleave+1","Armaments","Shrug It Off","Perfected Strike+1","Wild Strike+1","Armaments","Perfected Strike+1","Dark Embrace","Cleave+1","Perfected Strike+1","Body Slam+1","Heavy Blade+1","Evolve+1"],"relics":["Velvet Choker","Ornamental Fan","Molten Egg 2","Matryoshka","Letter Opener","Oddly Smooth Stone","FossilizedHelix","Lizard Tail","Omamori","Ancient Tea Set","Centennial Puzzle","Necronomicon","Bag of Preparation","Runic Pyramid","Orichalcum","Ginger","Red Mask","Potion Belt","PreservedInsect"],"potions_floor_usage":[16,16,33,33,33,45,45],"damage_taken":[{"damage":6,"enemies":"Jaw Worm","floor":1,"turns":4},{"damage":0,"enemies":"Cultist","floor":4,"turns":3},{"damage":9,"enemies":"3 Sentries","floor":8,"turns":9},{"damage":17,"enemies":"Lagavulin","floor":11,"turns":5},{"damage":3,"enemies":"3 Sentries","floor":13,"turns":4},{"damage":0,"enemies":"Small Slimes","floor":14,"turns":3},{"damage":12,"enemies":"Slime Boss","floor":16,"turns":13},{"damage":9,"enemies":"2 Thieves","floor":18,"turns":5},{"damage":10,"enemies":"Spheric Guardian","floor":19,"turns":5},{"damage":0,"enemies":"Chosen and Byrds","floor":22,"turns":6},{"damage":0,"enemies":"Cultist and Chosen","floor":24,"turns":8},{"damage":0,"enemies":"Snecko","floor":29,"turns":4},{"damage":12,"enemies":"Book of Stabbing","floor":30,"turns":4},{"damage":27,"enemies":"Automaton","floor":33,"turns":8},{"damage":28,"enemies":"3 Shapes","floor":35,"turns":3},{"damage":0,"enemies":"Orb Walker","floor":36,"turns":2},{"damage":49,"enemies":"2 Orb Walkers","floor":38,"turns":5},{"damage":13,"enemies":"Jaw Worm Horde","floor":41,"turns":3},{"damage":13,"enemies":"Sphere and 2 Shapes","floor":44,"turns":3},{"damage":0,"enemies":"3 Darklings","floor":45,"turns":3},{"damage":0,"enemies":"Jaw Worm Horde","floor":48,"turns":3},{"damage":99,"enemies":"Time Eater","floor":50,"turns":10}],"seed_played":"-6649821005297228395","potions_obtained":[{"floor":8,"key":"Swift Potion"},{"floor":11,"key":"Energy Potion"},{"floor":14,"key":"Energy Potion"},{"floor":19,"key":"AttackPotion"},{"floor":29,"key":"Weak Potion"},{"floor":30,"key":"BloodPotion"},{"floor":38,"key":"Block Potion"},{"floor":41,"key":"Explosive Potion"}],"is_trial":false,"path_per_floor":["M","?","T","M","$","$","R","E","T","R","E","?","E","M","R","B",null,"M","M","$","?","M","R","M","R","T","?","R","M","E","$","R","B",null,"M","M","$","?","?","R","M","$","T","M","M","?","R","M","R","B"],"character_chosen":"IRONCLAD","items_purchased":["Good Instincts","Omamori","Armaments","Orichalcum"],"campfire_rested":9,"item_purchase_floors":[5,20,20,37],"current_hp_per_floor":[74,58,58,58,58,58,80,71,71,80,63,51,48,48,72,60,80,71,61,61,61,61,80,80,80,80,64,80,80,68,68,80,61,80,52,52,52,3,3,27,14,14,14,1,1,1,25,25,49,0],"gold":390,"neow_bonus":"BOSS_RELIC","is_prod":false,"is_daily":false,"chose_seed":false,"campfire_upgraded":1,"win_rate":0.0,"timestamp":1558173443,"path_taken":["M","?","?","?","?","$","R","E","T","R","E","?","E","M","R","BOSS","M","M","$","?","M","R","M","R","T","?","R","M","E","$","R","BOSS","M","M","$","?","?","R","M","?","T","M","M","?","R","?","R","BOSS"],"build_version":"2019-01-23","purchased_purges":0,"victory":false,"max_hp_per_floor":[80,80,80,80,80,80,80,80,80,80,80,80,80,80,80,80,80,80,80,80,80,80,80,80,80,80,80,80,80,80,80,80,80,80,80,80,80,80,80,80,80,80,80,80,80,80,80,80,80,80],"card_choices":[{"not_picked":["Heavy Blade","Body Slam"],"picked":"Perfected Strike","floor":1},{"not_picked":["Infernal Blade","Anger"],"picked":"Seeing Red","floor":4},{"not_picked":["Intimidate","Seeing Red"],"picked":"Body Slam","floor":8},{"not_picked":["Reckless Charge+1","Anger+1"],"picked":"Shrug It Off","floor":11},{"not_picked":["Dual Wield","True Grit"],"picked":"Feel No Pain","floor":13},{"not_picked":["Flex","Combust"],"picked":"Sword Boomerang+1","floor":14},{"not_picked":["Juggernaut","Immolate+1"],"picked":"Barricade","floor":16},{"not_picked":["Warcry","Wild Strike+1"],"picked":"Shrug It Off","floor":18},{"not_picked":["Clash+1","Clothesline+1"],"picked":"Cleave+1","floor":19},{"not_picked":["Second Wind+1","Warcry"],"picked":"Perfected Strike+1","floor":22},{"not_picked":["Sword Boomerang+1","Headbutt+1"],"picked":"Wild Strike+1","floor":24},{"not_picked":["Twin Strike+1","Uppercut+1"],"picked":"Armaments","floor":29},{"not_picked":["Rampage+1","Flex"],"picked":"Perfected Strike+1","floor":30},{"not_picked":["Offering","Bludgeon+1"],"picked":"Dark Embrace","floor":33},{"not_picked":["Twin Strike+1","Clash+1"],"picked":"Cleave+1","floor":35},{"not_picked":["Anger+1","Heavy Blade+1","Sword Boomerang+1"],"picked":"SKIP","floor":36},{"not_picked":["Sword Boomerang+1","Whirlwind+1"],"picked":"Perfected Strike+1","floor":41},{"not_picked":["Wild Strike+1","Pommel Strike+1"],"picked":"Body Slam+1","floor":44},{"not_picked":["Flex+1","Clothesline+1"],"picked":"Heavy Blade+1","floor":45},{"not_picked":["Flex+1","Clothesline+1"],"picked":"Evolve+1","floor":48}],"player_experience":41573,"relics_obtained":[{"floor":3,"key":"Ornamental Fan"},{"floor":8,"key":"Molten Egg 2"},{"floor":9,"key":"Matryoshka"},{"floor":11,"key":"Letter Opener"},{"floor":13,"key":"FossilizedHelix"},{"floor":26,"key":"Ancient Tea Set"},{"floor":26,"key":"Centennial Puzzle"},{"floor":27,"key":"Necronomicon"},{"floor":30,"key":"Bag of Preparation"},{"floor":38,"key":"Ginger"},{"floor":43,"key":"Potion Belt"},{"floor":43,"key":"PreservedInsect"}],"event_choices":[{"damage_healed":0,"gold_gain":0,"player_choice":"Entered Light","damage_taken":16,"max_hp_gain":0,"max_hp_loss":0,"event_name":"Shining Light","floor":2,"gold_loss":0,"cards_upgraded":["Defend_R","Strike_R"]},{"damage_healed":0,"gold_gain":0,"player_choice":"Success","damage_taken":12,"relics_obtained":["Oddly Smooth Stone"],"max_hp_gain":0,"max_hp_loss":0,"event_name":"Scrap Ooze","floor":12,"gold_loss":0},{"damage_healed":0,"gold_gain":0,"player_choice":"Read","damage_taken":0,"max_hp_gain":0,"max_hp_loss":0,"event_name":"The Library","floor":21,"gold_loss":0,"cards_obtained":["Shrug It Off"]},{"damage_healed":0,"gold_gain":0,"player_choice":"Obtained Book","damage_taken":16,"max_hp_gain":0,"max_hp_loss":0,"event_name":"Cursed Tome","floor":27,"gold_loss":0},{"damage_healed":0,"gold_gain":0,"player_choice":"Fight","damage_taken":0,"max_hp_gain":0,"max_hp_loss":0,"event_name":"Mysterious Sphere","floor":38,"gold_loss":0},{"damage_healed":0,"gold_gain":0,"player_choice":"Paid","damage_taken":0,"relics_obtained":["Red Mask"],"max_hp_gain":0,"max_hp_loss":0,"event_name":"Tomb of Lord Red Mask","floor":39,"gold_loss":191},{"damage_healed":0,"gold_gain":275,"player_choice":"Desecrate","damage_taken":0,"max_hp_gain":0,"max_hp_loss":0,"event_name":"Golden Shrine","floor":46,"gold_loss":0,"cards_obtained":["Regret"]}],"is_beta":false,"boss_relics":[{"not_picked":["Ectoplasm","Busted Crown"],"picked":"Lizard Tail"},{"not_picked":["Astrolabe","Sozu"],"picked":"Runic Pyramid"}],"items_purged_floors":[],"is_endless":false,"potions_floor_spawned":[8,11,14,18,19,29,30,38,41],"killed_by":"Time Eater","ascension_level":0}