{"gold_per_floor":[117,117,42,62,40,73,73,73,96,120,120,70,70,84,84,84],"floor_reached":16,"playtime":1012,"items_purged":["Strike_G"],"score":98,"play_id":"f5c50d7d-df09-47b4-8534-d4699e8dd4c6","local_time":"20180629181039","is_ascension_mode":false,"campfire_choices":[{"floor":11,"key":"REST"},{"data":"Neutralize","floor":13,"key":"SMITH"},{"data":"Flechettes","floor":15,"key":"SMITH"}],"neow_cost":"NONE","seed_source_timestamp":936929793126380,"circlet_count":0,"master_deck":["Defend_G","Defend_G","Defend_G","Strike_G","Strike_G","Strike_G","Survivor","Neutralize+1","Dagger Throw","Flechettes+1","Backflip","Backflip"],"relics":["Ring of the Snake","Golden Idol","Bag of Preparation","Tough Bandages","Snake Skull"],"potions_floor_usage":[16,16],"damage_taken":[{"damage":0,"enemies":"2 Louse","floor":1,"turns":4},{"damage":0,"enemies":"Jaw Worm","floor":4,"turns":4},{"damage":24,"enemies":"Gremlin Nob","floor":6,"turns":5},{"damage":3,"enemies":"Small Slimes","floor":10,"turns":2},{"damage":0,"enemies":"Gremlin Gang","floor":14,"turns":5},{"damage":48,"enemies":"Slime Boss","floor":16,"turns":15}],"seed_played":"-5721243231055012389","potions_obtained":[{"floor":6,"key":"Explosive Potion"},{"floor":14,"key":"PowerPotion"}],"is_trial":false,"path_per_floor":["M","?","$","M","$","E","T","?","T","M","R","?","R","M","R"],"character_chosen":"THE_SILENT","items_purchased":["Backflip"],"campfire_rested":1,"item_purchase_floors":[5],"current_hp_per_floor":[70,53,53,53,53,29,29,29,29,26,47,47,47,47,47,0],"gold":84,"neow_bonus":"REMOVE_CARD","is_prod":false,"is_daily":false,"chose_seed":false,"campfire_upgraded":2,"win_rate":0.0,"timestamp":1530321039,"path_taken":["M","?","$","M","$","E","?","?","T","?","R","?","R","M","R","BOSS"],"build_version":"2018-06-28","purchased_purges":1,"victory":false,"max_hp_per_floor":[70,70,70,70,70,70,70,70,70,70,70,70,70,70,70,70],"card_choices":[{"not_picked":["Dodge and Roll","Leg Sweep"],"picked":"Dagger Throw","floor":1},{"not_picked":["Dagger Spray","Outmaneuver"],"picked":"Flechettes","floor":4},{"not_picked":["Blur","Slice","Bane"],"picked":"SKIP","floor":6},{"not_picked":["PiercingWail","Sucker Punch","Slice"],"picked":"SKIP","floor":10},{"not_picked":["Dodge and Roll","Poisoned Stab"],"picked":"Backflip","floor":14}],"player_experience":14870,"relics_obtained":[{"floor":6,"key":"Bag of Preparation"},{"floor":7,"key":"Tough Bandages"},{"floor":9,"key":"Snake Skull"}],"event_choices":[{"event_name":"Golden Idol","player_choice":"Take Damage","floor":2,"damage_taken":0},{"event_name":"Living Wall","player_choice":"Forget","floor":8,"damage_taken":0},{"event_name":"The Cleric","player_choice":"Card Removal","floor":12,"damage_taken":0}],"boss_relics":[],"items_purged_floors":[3],"is_endless":false,"potions_floor_spawned":[6,14],"killed_by":"Slime Boss","ascension_level":0}