{"gold_per_floor":[112,62,14,14,27,62,2,37,37,69,69,88,116,129,129,228,228,239,258,272,322,322],"floor_reached":22,"playtime":897,"items_purged":["Defend_B"],"score":252,"play_id":"858b61cf-98f6-4021-b08c-a35e79d6f13e","local_time":"20190624164118","is_ascension_mode":true,"campfire_choices":[{"data":"Sunder","floor":11,"key":"SMITH"},{"data":"Double Energy","floor":15,"key":"SMITH"}],"neow_cost":"NONE","seed_source_timestamp":486985154770080,"circlet_count":0,"master_deck":["Strike_B","Defend_B","Defend_B","Zap","Dualcast","Storm","Coolheaded","Double Energy+1","Leap","Sunder+1","Ball Lightning","Redo","All For One","Echo Form","Ball Lightning","Machine Learning"],"relics":["Cracked Core","NeowsBlessing","The Courier","Happy Flower","Bottled Tornado","Blood Vial","Odd Mushroom","Empty Cage"],"potions_floor_usage":[8,22,22,22],"damage_taken":[{"damage":0,"enemies":"2 Louse","floor":1,"turns":1},{"damage":0,"enemies":"Jaw Worm","floor":5,"turns":1},{"damage":0,"enemies":"3 Sentries","floor":6,"turns":1},{"damage":17,"enemies":"Gremlin Nob","floor":8,"turns":4},{"damage":16,"enemies":"3 Sentries","floor":10,"turns":9},{"damage":5,"enemies":"Small Slimes","floor":12,"turns":2},{"damage":10,"enemies":"The Mushroom Lair","floor":13,"turns":3},{"damage":0,"enemies":"Exordium Wildlife","floor":14,"turns":4},{"damage":11,"enemies":"Slime Boss","floor":16,"turns":7},{"damage":12,"enemies":"Shell Parasite","floor":18,"turns":5},{"damage":18,"enemies":"Spheric Guardian","floor":19,"turns":4},{"damage":41,"enemies":"Snake Plant","floor":20,"turns":4},{"damage":12,"enemies":"Centurion and Healer","floor":22,"turns":5}],"seed_played":"-5059151997736437754","potions_obtained":[{"floor":1,"key":"SkillPotion"},{"floor":8,"key":"Explosive Potion"},{"floor":12,"key":"SkillPotion"},{"floor":16,"key":"FocusPotion"}],"is_trial":false,"path_per_floor":["M","?","$","?","M","E","$","E","T","E","R","M","?","M","R","B",null,"M","M","M","?","M"],"character_chosen":"DEFECT","items_purchased":["Coolheaded"],"campfire_rested":0,"item_purchase_floors":[3],"current_hp_per_floor":[75,75,75,68,68,68,68,51,51,35,35,32,24,26,26,17,75,63,47,8,8,0],"gold":322,"neow_bonus":"THREE_ENEMY_KILL","is_prod":false,"is_daily":false,"chose_seed":false,"campfire_upgraded":2,"win_rate":0,"timestamp":1561419678,"path_taken":["M","?","$","?","M","E","?","E","T","E","R","M","?","M","R","BOSS","M","M","M","?","M"],"build_version":"2019-01-23","purchased_purges":1,"victory":false,"max_hp_per_floor":[75,75,75,75,75,75,75,75,75,75,75,75,75,75,75,75,75,75,75,75,75,75],"card_choices":[{"not_picked":["Tempest","Stack"],"picked":"Storm","floor":1},{"not_picked":["Scrape","Hologram"],"picked":"Double Energy","floor":5},{"not_picked":["Barrage","Steam"],"picked":"Leap","floor":6},{"not_picked":["Beam Cell","Streamline"],"picked":"Sunder","floor":8},{"not_picked":["Reinforced Body","Compile Driver"],"picked":"Ball Lightning","floor":10},{"not_picked":["Hologram","Go for the Eyes","Streamline"],"picked":"SKIP","floor":12},{"not_picked":["Sweeping Beam","Steam"],"picked":"Redo","floor":13},{"not_picked":["Rebound","Stack"],"picked":"All For One","floor":14},{"not_picked":["Buffer","Machine Learning"],"picked":"Echo Form","floor":16},{"not_picked":["Barrage","Streamline"],"picked":"Ball Lightning","floor":18},{"not_picked":["Heatsinks","Hologram","Sweeping Beam"],"picked":"SKIP","floor":19},{"not_picked":["Rebound+1","Beam Cell"],"picked":"Machine Learning","floor":20}],"player_experience":216665,"relics_obtained":[{"floor":6,"key":"The Courier"},{"floor":8,"key":"Happy Flower"},{"floor":9,"key":"Bottled Tornado"},{"floor":10,"key":"Blood Vial"},{"floor":13,"key":"Odd Mushroom"}],"event_choices":[{"cards_removed":["Strike_B"],"damage_healed":0,"gold_gain":0,"player_choice":"Card Removal","damage_taken":0,"max_hp_gain":0,"max_hp_loss":0,"event_name":"The Cleric","floor":2,"gold_loss":50},{"cards_removed":["Strike_B"],"damage_healed":0,"gold_gain":0,"player_choice":"Card Removal","damage_taken":7,"max_hp_gain":0,"max_hp_loss":0,"event_name":"Golden Wing","floor":4,"gold_loss":0},{"damage_healed":0,"gold_gain":0,"player_choice":"Fought Mushrooms","damage_taken":0,"max_hp_gain":0,"max_hp_loss":0,"event_name":"Mushrooms","floor":13,"gold_loss":0},{"damage_healed":0,"gold_gain":100,"player_choice":"Bet on Murderer","damage_taken":0,"max_hp_gain":0,"max_hp_loss":0,"event_name":"The Joust","floor":21,"gold_loss":50}],"is_beta":false,"boss_relics":[{"not_picked":["White Beast Statue","Ectoplasm"],"picked":"Empty Cage"}],"items_purged_floors":[7],"is_endless":false,"potions_floor_spawned":[1,8,12,16,18],"killed_by":"Centurion and Healer","ascension_level":2}