{"gold_per_floor":[111,111,111,127,77,77,91,91,116,76,76,76,30,45,45,148,148,160,173,173],"floor_reached":20,"playtime":1202,"items_purged":[],"score":162,"play_id":"fc061c24-aa36-4561-86fe-c6c113bbcc0f","local_time":"20190706001407","is_ascension_mode":false,"campfire_choices":[{"data":"Dagger Spray","floor":6,"key":"SMITH"},{"data":"Neutralize","floor":8,"key":"SMITH"},{"data":"Dagger Throw","floor":12,"key":"SMITH"},{"floor":15,"key":"REST"}],"neow_cost":"NONE","seed_source_timestamp":1111660124108500,"circlet_count":0,"master_deck":["Strike_G","Strike_G","Strike_G","Strike_G+1","Defend_G","Defend_G","Defend_G","Defend_G+1","Defend_G","Survivor","Neutralize+1","Dagger Spray+1","All Out Attack","Dagger Throw+1","Flechettes+1","Poisoned Stab","Finisher","Phantasmal Killer","Blade Dance","Predator"],"relics":["Ring of the Snake","NeowsBlessing","Bronze Scales","HoveringKite"],"potions_floor_usage":[],"damage_taken":[{"damage":0,"enemies":"Small Slimes","floor":1,"turns":1},{"damage":0,"enemies":"Jaw Worm","floor":4,"turns":1},{"damage":0,"enemies":"Cultist","floor":7,"turns":1},{"damage":7,"enemies":"Looter","floor":14,"turns":2},{"damage":51,"enemies":"Hexaghost","floor":16,"turns":9},{"damage":24,"enemies":"3 Byrds","floor":18,"turns":3},{"damage":20,"enemies":"2 Thieves","floor":19,"turns":3},{"damage":37,"enemies":"Shelled Parasite and Fungi","floor":20,"turns":2}],"seed_played":"-5838764254131812034","potions_obtained":[{"floor":3,"key":"GhostInAJar"},{"floor":3,"key":"Energy Potion"},{"floor":3,"key":"SneckoOil"},{"floor":4,"key":"Block Potion"},{"floor":16,"key":"Strength Potion"}],"is_trial":false,"path_per_floor":["M","?","?","M","?","R","M","R","T","$","?","R","$","M","R","B",null,"M","M","M"],"character_chosen":"THE_SILENT","items_purchased":["Flechettes","Poisoned Stab"],"campfire_rested":1,"item_purchase_floors":[10,13],"current_hp_per_floor":[70,56,56,56,56,56,56,56,56,56,56,56,56,49,70,19,70,46,26,0],"gold":173,"neow_bonus":"THREE_ENEMY_KILL","is_prod":false,"is_daily":false,"chose_seed":false,"campfire_upgraded":3,"win_rate":0.0,"timestamp":1562339647,"path_taken":["M","?","?","?","?","R","M","R","T","?","?","R","$","M","R","BOSS","M","?","?"],"build_version":"2019-07-01","purchased_purges":0,"victory":false,"max_hp_per_floor":[70,70,70,70,70,70,70,70,70,70,70,70,70,70,70,70,70,70,70,70],"card_choices":[{"not_picked":["Underhanded Strike","Tactician"],"picked":"Dagger Spray","floor":1},{"not_picked":["Flechettes","Acrobatics"],"picked":"All Out Attack","floor":4},{"not_picked":["Skewer","Predator"],"picked":"Dagger Throw","floor":7},{"not_picked":["Sucker Punch","Dodge and Roll"],"picked":"Finisher","floor":14},{"not_picked":["After Image","Venomology"],"picked":"Phantasmal Killer","floor":16},{"not_picked":["Skewer","Deflect"],"picked":"Blade Dance","floor":18},{"not_picked":["Poisoned Stab","PiercingWail"],"picked":"Predator","floor":19}],"player_experience":2857,"relics_obtained":[{"floor":9,"key":"Bronze Scales"}],"event_choices":[{"damage_healed":0,"gold_gain":0,"player_choice":"Entered Light","damage_taken":14,"max_hp_gain":0,"max_hp_loss":0,"event_name":"Shining Light","floor":2,"gold_loss":0,"cards_upgraded":["Defend_G","Strike_G"]},{"damage_healed":0,"gold_gain":0,"player_choice":"Got Potions","damage_taken":0,"max_hp_gain":0,"max_hp_loss":0,"event_name":"Lab","floor":3,"gold_loss":0},{"cards_removed":["Strike_G"],"damage_healed":0,"gold_gain":0,"player_choice":"Card Removal","damage_taken":0,"max_hp_gain":0,"max_hp_loss":0,"event_name":"The Cleric","floor":5,"gold_loss":50},{"damage_healed":0,"gold_gain":0,"player_choice":"Forge","damage_taken":0,"max_hp_gain":0,"max_hp_loss":0,"event_name":"Accursed Blacksmith","floor":11,"gold_loss":0,"cards_upgraded":["Flechettes"]}],"is_beta":false,"boss_relics":[{"not_picked":["Calling Bell","Coffee Dripper"],"picked":"HoveringKite"}],"items_purged_floors":[],"is_endless":false,"potions_floor_spawned":[4,16],"killed_by":"Shelled Parasite and Fungi","ascension_level":0}