{"gold_per_floor":[109,119,136,149,129,129,155,171,197,207,207,236,236,236,236,310,310,327,339,355,355,270,270,305,405,405,418,448,88,100,100,100,176,176,192,292,292,303,303,333,345,357,369,381,418,430,476,488],"floor_reached":48,"playtime":3346,"items_purged":["Strike_B"],"score":929,"play_id":"4cb1a9ef-4887-444a-85f7-3c125d64fdc2","local_time":"20190624172002","is_ascension_mode":true,"campfire_choices":[{"data":"Sunder","floor":6,"key":"SMITH"},{"floor":11,"key":"REST"},{"data":"Coolheaded","floor":13,"key":"SMITH"},{"data":"Genetic Algorithm","floor":15,"key":"SMITH"},{"floor":23,"key":"RECALL"},{"floor":32,"key":"REST"},{"floor":41,"key":"REST"},{"floor":44,"key":"REST"}],"neow_cost":"NONE","seed_source_timestamp":348168990168897,"circlet_count":0,"master_deck":["AscendersBane","Strike_B+1","Strike_B+1","Strike_B+1","Defend_B+1","Defend_B+1","Defend_B+1","Defend_B+1","Zap","Dualcast","Rebound","Sunder+1","Chill","Cold Snap","Compile Driver","Sweeping Beam","Genetic Algorithm+1","Coolheaded+1","Electrodynamics","Ball Lightning+1","Coolheaded","Blizzard","Genetic Algorithm+1","Coolheaded","Defragment","Reprogram+1","Defragment","Coolheaded","Defragment","Deep Breath"],"relics":["Cracked Core","Potion Belt","DataDisk","Boot","Matryoshka","Fusion Hammer","War Paint","Pen Nib","Juzu Bracelet","Kunai","Nunchaku","Sundial","Dream Catcher","Bag of Marbles","Red Mask","Runic Capacitor","Inserter","Girya","MawBank","Bird Faced Urn","Strawberry","Smiling Mask"],"potions_floor_usage":[8,12,16,16,24,25,28,47],"damage_taken":[{"damage":7,"enemies":"Jaw Worm","floor":1,"turns":3},{"damage":1,"enemies":"Cultist","floor":2,"turns":4},{"damage":4,"enemies":"Small Slimes","floor":3,"turns":3},{"damage":13,"enemies":"Blue Slaver","floor":4,"turns":2},{"damage":9,"enemies":"Exordium Thugs","floor":5,"turns":4},{"damage":6,"enemies":"3 Sentries","floor":7,"turns":6},{"damage":8,"enemies":"3 Louse","floor":8,"turns":3},{"damage":0,"enemies":"Large Slime","floor":10,"turns":4},{"damage":15,"enemies":"Gremlin Nob","floor":12,"turns":3},{"damage":29,"enemies":"The Guardian","floor":16,"turns":14},{"damage":3,"enemies":"Spheric Guardian","floor":18,"turns":3},{"damage":11,"enemies":"2 Thieves","floor":19,"turns":5},{"damage":0,"enemies":"Sentry and Sphere","floor":20,"turns":2},{"damage":16,"enemies":"Gremlin Leader","floor":24,"turns":6},{"damage":6,"enemies":"Colosseum Slavers","floor":25,"turns":5},{"damage":0,"enemies":"Colosseum Nobs","floor":25,"turns":3},{"damage":4,"enemies":"Centurion and Healer","floor":27,"turns":8},{"damage":20,"enemies":"Masked Bandits","floor":28,"turns":4},{"damage":0,"enemies":"Shelled Parasite and Fungi","floor":30,"turns":5},{"damage":31,"enemies":"Automaton","floor":33,"turns":10},{"damage":12,"enemies":"Orb Walker","floor":35,"turns":2},{"damage":3,"enemies":"Mind Bloom Boss Battle","floor":36,"turns":9},{"damage":2,"enemies":"3 Shapes","floor":38,"turns":4},{"damage":29,"enemies":"Nemesis","floor":40,"turns":11},{"damage":10,"enemies":"Reptomancer","floor":45,"turns":7},{"damage":35,"enemies":"Nemesis","floor":47,"turns":11},{"damage":40,"enemies":"Transient","floor":48,"turns":3}],"seed_played":"-817867547147223077","potions_obtained":[{"floor":2,"key":"SkillPotion"},{"floor":3,"key":"Weak Potion"},{"floor":4,"key":"Dexterity Potion"},{"floor":7,"key":"Weak Potion"},{"floor":10,"key":"Explosive Potion"},{"floor":16,"key":"PowerPotion"},{"floor":25,"key":"Regen Potion"},{"floor":27,"key":"Ancient Potion"},{"floor":30,"key":"Ancient Potion"},{"floor":36,"key":"GamblersBrew"},{"floor":40,"key":"GamblersBrew"}],"is_trial":false,"path_per_floor":["M","M","M","M","M","R","E","M","T","M","R","E","R","?","R","B",null,"M","M","M","T","?","R","E","?","T","M","?","$","M","?","R","B",null,"M","?","T","M","$","E","R","?","T","R","E","?","E","M"],"character_chosen":"DEFECT","items_purchased":["Defragment","Runic Capacitor"],"campfire_rested":4,"item_purchase_floors":[29,29],"current_hp_per_floor":[61,60,56,43,34,34,28,20,20,20,42,27,27,75,75,46,68,65,54,54,54,54,54,38,32,32,28,20,20,20,20,42,11,59,47,44,44,42,42,13,35,35,35,57,62,62,33,0],"gold":488,"neow_bonus":"RANDOM_COMMON_RELIC","is_prod":false,"is_daily":false,"chose_seed":false,"campfire_upgraded":3,"win_rate":0,"timestamp":1561422002,"path_taken":["M","M","M","M","M","R","E","M","T","M","R","E","R","?","R","BOSS","M","M","M","?","?","R","E","?","T","M","?","$","M","?","R","BOSS","M","?","?","M","$","E","R","?","T","R","E","?","E","M"],"build_version":"2019-01-23","purchased_purges":1,"victory":false,"max_hp_per_floor":[75,75,75,75,75,75,75,75,75,75,75,75,75,75,75,75,75,75,75,75,75,75,75,75,75,75,75,75,75,75,75,75,75,75,75,75,75,75,75,75,75,75,75,75,82,82,82,82],"card_choices":[{"not_picked":["Barrage","Steam Power"],"picked":"Rebound","floor":1},{"not_picked":["Coolheaded","White Noise"],"picked":"Melter","floor":2},{"not_picked":["Chaos","Self Repair"],"picked":"Sunder","floor":3},{"not_picked":["Barrage","Redo"],"picked":"Chill","floor":4},{"not_picked":["Chill","Barrage"],"picked":"Cold Snap","floor":5},{"not_picked":["Aggregate","Static Discharge"],"picked":"Compile Driver","floor":7},{"not_picked":["Aggregate","Redo"],"picked":"Sweeping Beam","floor":8},{"not_picked":["Rebound","Capacitor"],"picked":"Genetic Algorithm","floor":10},{"not_picked":["Aggregate","Stack"],"picked":"Coolheaded","floor":12},{"not_picked":["All For One","Hyperbeam"],"picked":"Electrodynamics","floor":16},{"not_picked":["Barrage","Heatsinks","Sunder"],"picked":"SKIP","floor":18},{"not_picked":["Steam","Force Field"],"picked":"Ball Lightning+1","floor":19},{"not_picked":["Barrage","Redo"],"picked":"Coolheaded","floor":20},{"not_picked":["White Noise","Auto Shields"],"picked":"Blizzard","floor":24},{"not_picked":["Capacitor","Cold Snap"],"picked":"Genetic Algorithm+1","floor":25},{"not_picked":["Streamline","Auto Shields","Gash"],"picked":"SKIP","floor":27},{"not_picked":["Rip and Tear","Rebound"],"picked":"Coolheaded","floor":28},{"not_picked":["Sweeping Beam","Melter"],"picked":"Reprogram+1","floor":30},{"not_picked":["Streamline","Redo"],"picked":"Defragment","floor":32},{"not_picked":["Melter","Stack","Turbo"],"picked":"SKIP","floor":35},{"not_picked":["Gash","Turbo"],"picked":"Coolheaded","floor":38},{"not_picked":["Barrage","Turbo","Chaos+1"],"picked":"SKIP","floor":40},{"not_picked":["Self Repair","White Noise+1"],"picked":"Defragment","floor":41},{"not_picked":["Panache","Finesse"],"picked":"Deep Breath","floor":42},{"not_picked":["Gash+1","Cold Snap","Go for the Eyes"],"picked":"SKIP","floor":45},{"not_picked":["Cold Snap+1","Darkness","Stack"],"picked":"SKIP","floor":47}],"player_experience":1308234,"relics_obtained":[{"floor":7,"key":"DataDisk"},{"floor":9,"key":"Boot"},{"floor":12,"key":"Matryoshka"},{"floor":21,"key":"War Paint"},{"floor":21,"key":"Pen Nib"},{"floor":24,"key":"Kunai"},{"floor":25,"key":"Nunchaku"},{"floor":25,"key":"Sundial"},{"floor":26,"key":"Dream Catcher"},{"floor":26,"key":"Bag of Marbles"},{"floor":28,"key":"Red Mask"},{"floor":36,"key":"Girya"},{"floor":40,"key":"MawBank"},{"floor":43,"key":"Bird Faced Urn"},{"floor":45,"key":"Strawberry"},{"floor":47,"key":"Smiling Mask"}],"event_choices":[{"damage_healed":48,"gold_gain":0,"player_choice":"Full Heal","damage_taken":0,"max_hp_gain":0,"max_hp_loss":0,"event_name":"Wheel of Change","floor":14,"gold_loss":0},{"damage_healed":0,"gold_gain":0,"player_choice":"Obtained Relic","damage_taken":0,"relics_obtained":["Juzu Bracelet"],"max_hp_gain":0,"max_hp_loss":0,"event_name":"Addict","floor":22,"gold_loss":85},{"damage_healed":0,"gold_gain":0,"player_choice":"Fight","damage_taken":0,"max_hp_gain":0,"max_hp_loss":0,"event_name":"Colosseum","floor":25,"gold_loss":0},{"damage_healed":0,"gold_gain":0,"player_choice":"Fought Nobs","damage_taken":0,"max_hp_gain":0,"max_hp_loss":0,"event_name":"Colosseum","floor":25,"gold_loss":0},{"damage_healed":0,"gold_gain":0,"player_choice":"Fought Bandits","damage_taken":0,"max_hp_gain":0,"max_hp_loss":0,"event_name":"Masked Bandits","floor":28,"gold_loss":0},{"damage_healed":0,"gold_gain":0,"player_choice":"Simplicity","damage_taken":0,"max_hp_gain":0,"max_hp_loss":0,"event_name":"Back to Basics","floor":31,"gold_loss":0,"cards_upgraded":["Strike_B","Strike_B","Strike_B","Defend_B","Defend_B"]},{"damage_healed":0,"gold_gain":0,"player_choice":"Fight","damage_taken":0,"max_hp_gain":0,"max_hp_loss":0,"event_name":"MindBloom","floor":36,"gold_loss":0},{"damage_healed":0,"gold_gain":0,"player_choice":"Memory 1","damage_taken":0,"max_hp_gain":0,"max_hp_loss":0,"event_name":"SensoryStone","floor":42,"gold_loss":0},{"cards_removed":["Melter"],"damage_healed":0,"gold_gain":0,"player_choice":"Removed Attack","damage_taken":0,"max_hp_gain":0,"max_hp_loss":0,"event_name":"Falling","floor":46,"gold_loss":0}],"is_beta":false,"boss_relics":[{"not_picked":["Runic Dome","Philosopher\u0027s Stone"],"picked":"Fusion Hammer"},{"not_picked":["Orrery","Pandora\u0027s Box"],"picked":"Inserter"}],"items_purged_floors":[29],"is_endless":false,"potions_floor_spawned":[2,3,4,7,10,16,25,25,27,30,36,40],"killed_by":"Transient","ascension_level":13}