{"gold_per_floor":[113,125,135,7,7,35,35,35,35,35,66,80,99,116,116,214,214,224,240,252,265,265,265,283,318,344,344,344,344,344,357,357,454,454,470,486,431,441,441,469,486,486,541,541,552,631,642,642,642,642,642,642,37,68,68],"floor_reached":55,"playtime":6501,"items_purged":["Dark Embrace"],"score":740,"play_id":"1042deb5-8fc4-4af6-ac50-3bbbd7693d1b","local_time":"20190505001808","is_ascension_mode":true,"campfire_choices":[{"data":"Reaper","floor":7,"key":"SMITH"},{"floor":10,"key":"REST"},{"data":"Double Tap","floor":15,"key":"SMITH"},{"data":"Whirlwind","floor":23,"key":"SMITH"},{"floor":27,"key":"RECALL"},{"data":"Rage","floor":32,"key":"SMITH"},{"data":"Clothesline","floor":49,"key":"SMITH"},{"data":"Bash","floor":52,"key":"SMITH"}],"neow_cost":"PERCENT_DAMAGE","seed_source_timestamp":1984301930119200,"circlet_count":0,"master_deck":["Strike_R+1","Strike_R+1","Strike_R+1","Defend_R+1","Defend_R+1","Defend_R+1","Defend_R+1","Bash+1","Rage+1","Second Wind","Thunderclap","Cleave","Armaments+1","Cleave+1","Double Tap+1","Reaper+1","Inflame","Clothesline+1","Dropkick+1","Whirlwind+1","Pommel Strike","Feed","Metallicize+1","Doubt","Wild Strike+1"],"relics":["Burning Blood","Pocketwatch","Incense Burner","Strawberry","Mark of Pain","Bird Faced Urn","Matryoshka","White Beast Statue","Meat on the Bone","Smiling Mask","Dream Catcher","Boot","Ornamental Fan","Shuriken","Orichalcum","Paper Frog","Gremlin Horn"],"potions_floor_usage":[11,16,16,21,25,25,25,25,25,33,33,33,40,41,47,47,50,50,54,54,55],"damage_taken":[{"damage":9,"enemies":"Jaw Worm","floor":1,"turns":6},{"damage":0,"enemies":"Small Slimes","floor":2,"turns":3},{"damage":0,"enemies":"2 Louse","floor":3,"turns":2},{"damage":38,"enemies":"Gremlin Nob","floor":6,"turns":5},{"damage":10,"enemies":"Lagavulin","floor":11,"turns":5},{"damage":0,"enemies":"2 Fungi Beasts","floor":12,"turns":2},{"damage":13,"enemies":"Red Slaver","floor":13,"turns":3},{"damage":0,"enemies":"Blue Slaver","floor":14,"turns":4},{"damage":29,"enemies":"Slime Boss","floor":16,"turns":8},{"damage":9,"enemies":"Shell Parasite","floor":18,"turns":5},{"damage":0,"enemies":"Chosen","floor":19,"turns":3},{"damage":22,"enemies":"Shelled Parasite and Fungi","floor":20,"turns":5},{"damage":0,"enemies":"Cultist and Chosen","floor":21,"turns":6},{"damage":6,"enemies":"Centurion and Healer","floor":24,"turns":5},{"damage":24,"enemies":"Book of Stabbing","floor":25,"turns":6},{"damage":0,"enemies":"Sentry and Sphere","floor":31,"turns":3},{"damage":93,"enemies":"Collector","floor":33,"turns":10},{"damage":6,"enemies":"Orb Walker","floor":35,"turns":3},{"damage":20,"enemies":"3 Darklings","floor":36,"turns":3},{"damage":14,"enemies":"Jaw Worm Horde","floor":38,"turns":5},{"damage":14,"enemies":"Reptomancer","floor":40,"turns":8},{"damage":11,"enemies":"Maw","floor":41,"turns":8},{"damage":67,"enemies":"Sphere and 2 Shapes","floor":45,"turns":8},{"damage":36,"enemies":"4 Shapes","floor":47,"turns":3},{"damage":101,"enemies":"Awakened One","floor":50,"turns":15},{"damage":115,"enemies":"Shield and Spear","floor":54,"turns":8},{"damage":94,"enemies":"The Heart","floor":55,"turns":3}],"seed_played":"-2682593829122037666","potions_obtained":[{"floor":1,"key":"Block Potion"},{"floor":6,"key":"SkillPotion"},{"floor":12,"key":"Fire Potion"},{"floor":18,"key":"EntropicBrew"},{"floor":19,"key":"Energy Potion"},{"floor":20,"key":"Ancient Potion"},{"floor":25,"key":"Fire Potion"},{"floor":35,"key":"SkillPotion"},{"floor":36,"key":"EssenceOfSteel"},{"floor":38,"key":"SkillPotion"},{"floor":40,"key":"EssenceOfSteel"},{"floor":41,"key":"PowerPotion"},{"floor":47,"key":"Strength Potion"},{"floor":54,"key":"SpeedPotion"}],"is_trial":false,"path_per_floor":["M","M","M","$","?","E","R","?","T","R","E","M","M","M","R","B",null,"M","M","M","M","?","R","M","E","T","R","?","?","T","M","R","B",null,"M","M","?","M","?","E","M","?","T","$","M","T","M","?","R","B",null,"R","$","E","B"],"character_chosen":"IRONCLAD","items_purchased":["Cleave","Double Tap","Orichalcum","Paper Frog","Regen Potion","Regen Potion"],"campfire_rested":1,"item_purchase_floors":[4,4,53,53,53,53],"current_hp_per_floor":[53,59,65,65,49,17,17,17,17,41,49,58,61,74,74,63,87,87,87,71,85,85,85,85,75,75,75,75,75,75,83,83,20,87,87,75,75,79,79,90,89,89,89,89,60,60,64,100,100,37,100,100,100,39,0],"gold":68,"neow_bonus":"TRANSFORM_TWO_CARDS","is_prod":false,"is_daily":false,"chose_seed":false,"campfire_upgraded":6,"win_rate":0,"timestamp":1557040688,"path_taken":["M","M","M","$","?","E","R","?","T","R","E","M","M","M","R","BOSS","M","M","M","M","?","R","M","E","T","R","?","?","?","M","R","BOSS","M","M","?","?","?","E","M","?","T","$","M","?","M","?","R","BOSS","R","$","E","BOSS"],"build_version":"2019-01-23","purchased_purges":1,"victory":false,"max_hp_per_floor":[80,80,80,80,80,80,80,80,80,80,87,87,87,87,87,87,87,87,87,87,87,87,87,87,87,87,87,87,87,87,87,87,87,87,87,87,87,90,90,90,94,94,94,94,97,97,100,100,100,100,100,100,100,100,100],"card_choices":[{"not_picked":["Fire Breathing","Heavy Blade"],"picked":"Thunderclap","floor":1},{"not_picked":["Warcry","Heavy Blade"],"picked":"Cleave","floor":2},{"not_picked":["Heavy Blade","Havoc"],"picked":"Armaments","floor":3},{"not_picked":["Combust","Dual Wield"],"picked":"Reaper","floor":6},{"not_picked":["Heavy Blade","Wild Strike"],"picked":"Inflame","floor":11},{"not_picked":["Ghostly Armor","Anger","Dual Wield"],"picked":"SKIP","floor":12},{"not_picked":["Clash","Wild Strike","Bloodletting"],"picked":"SKIP","floor":13},{"not_picked":["Battle Trance","Blood for Blood"],"picked":"Clothesline","floor":14},{"not_picked":["Exhume","Limit Break"],"picked":"Dark Embrace","floor":16},{"not_picked":["Ghostly Armor","Flame Barrier","Cleave"],"picked":"SKIP","floor":18},{"not_picked":["Warcry+1","Twin Strike"],"picked":"Dropkick+1","floor":19},{"not_picked":["Inflame+1","Entrench","Heavy Blade+1"],"picked":"SKIP","floor":20},{"not_picked":["Twin Strike","Pummel"],"picked":"Whirlwind","floor":21},{"not_picked":["Thunderclap","Flex","Iron Wave"],"picked":"SKIP","floor":24},{"not_picked":["Infernal Blade","Cleave+1","Sword Boomerang"],"picked":"SKIP","floor":25},{"not_picked":["Sentinel","Burning Pact","Armaments"],"picked":"SKIP","floor":31},{"not_picked":["Double Tap","Exhume"],"picked":"Feed","floor":33},{"not_picked":["Body Slam+1","Thunderclap+1","Anger"],"picked":"SKIP","floor":35},{"not_picked":["Whirlwind+1","Headbutt+1","Shrug It Off"],"picked":"SKIP","floor":36},{"not_picked":["Spot Weakness+1","Havoc+1"],"picked":"Metallicize+1","floor":38},{"not_picked":["Warcry","Power Through+1","Armaments+1"],"picked":"SKIP","floor":40},{"not_picked":["Sword Boomerang+1","Twin Strike","Armaments"],"picked":"SKIP","floor":41},{"not_picked":["Dark Embrace","Flex","Pummel+1"],"picked":"SKIP","floor":45},{"not_picked":["Clothesline","Shrug It Off","Sword Boomerang+1"],"picked":"SKIP","floor":47},{"not_picked":["Twin Strike+1","Pommel Strike"],"picked":"Wild Strike+1","floor":54}],"player_experience":464455,"relics_obtained":[{"floor":6,"key":"Pocketwatch"},{"floor":9,"key":"Incense Burner"},{"floor":11,"key":"Strawberry"},{"floor":25,"key":"Bird Faced Urn"},{"floor":30,"key":"Matryoshka"},{"floor":40,"key":"Smiling Mask"},{"floor":43,"key":"Dream Catcher"},{"floor":43,"key":"Boot"},{"floor":46,"key":"Ornamental Fan"},{"floor":46,"key":"Shuriken"},{"floor":54,"key":"Gremlin Horn"}],"event_choices":[{"damage_healed":0,"gold_gain":0,"player_choice":"Entered Light","damage_taken":16,"max_hp_gain":0,"max_hp_loss":0,"event_name":"Shining Light","floor":5,"gold_loss":0,"cards_upgraded":["Cleave","Defend_R"]},{"damage_healed":0,"gold_gain":0,"player_choice":"Grow","damage_taken":0,"max_hp_gain":0,"max_hp_loss":0,"event_name":"Living Wall","floor":8,"gold_loss":0,"cards_upgraded":["Armaments"]},{"damage_healed":0,"gold_gain":0,"player_choice":"Simplicity","damage_taken":0,"max_hp_gain":0,"max_hp_loss":0,"event_name":"Back to Basics","floor":22,"gold_loss":0,"cards_upgraded":["Strike_R","Strike_R","Strike_R","Defend_R","Defend_R","Defend_R"]},{"damage_healed":0,"gold_gain":0,"player_choice":"Read","damage_taken":0,"max_hp_gain":0,"max_hp_loss":0,"event_name":"The Library","floor":28,"gold_loss":0,"cards_obtained":["Pommel Strike"]},{"damage_healed":0,"gold_gain":0,"player_choice":"Ignored","damage_taken":0,"max_hp_gain":0,"max_hp_loss":0,"event_name":"Ghosts","floor":29,"gold_loss":0},{"damage_healed":0,"gold_gain":0,"player_choice":"Paid Gold","damage_taken":0,"relics_obtained":["Meat on the Bone"],"max_hp_gain":0,"max_hp_loss":0,"event_name":"WeMeetAgain","floor":37,"gold_loss":55},{"damage_healed":0,"gold_gain":0,"player_choice":"Ignored","damage_taken":0,"max_hp_gain":0,"max_hp_loss":0,"event_name":"Mysterious Sphere","floor":39,"gold_loss":0},{"damage_healed":0,"gold_gain":0,"player_choice":"Ignored","damage_taken":0,"max_hp_gain":0,"max_hp_loss":0,"event_name":"Tomb of Lord Red Mask","floor":42,"gold_loss":0},{"damage_healed":36,"gold_gain":0,"player_choice":"Heal","damage_taken":0,"max_hp_gain":0,"max_hp_loss":0,"event_name":"MindBloom","floor":48,"gold_loss":0,"cards_obtained":["Doubt"]}],"is_beta":false,"boss_relics":[{"not_picked":["Eternal Feather","Runic Pyramid"],"picked":"Mark of Pain"},{"not_picked":["Velvet Choker","Sozu"],"picked":"White Beast Statue"}],"items_purged_floors":[53],"is_endless":false,"potions_floor_spawned":[1,6,12,18,19,20,25,35,36,38,40,41,45,47,54],"killed_by":"The Heart","ascension_level":1}