{"gold_per_floor":[112,125,144,144,160,160,195,195,249,270,285,285,301,301,301,429,429,450,464,464,497,497,497,513,513,513,513,529,164,164,185,185,315,315,335,360,373,373,373,404,404,404],"floor_reached":42,"playtime":2253,"items_purged":["Defend_G"],"score":678,"play_id":"bf9b40bd-4478-4606-8c61-ee9609d554a2","local_time":"20180630115703","is_ascension_mode":false,"campfire_choices":[{"data":"Deadly Poison","floor":6,"key":"SMITH"},{"floor":8,"key":"REST"},{"floor":12,"key":"REST"},{"data":"Bane","floor":15,"key":"SMITH"},{"floor":23,"key":"REST"},{"data":"Night Terror","floor":25,"key":"SMITH"},{"data":"Injury","floor":32,"key":"PURGE"},{"data":"Defend_G","floor":41,"key":"PURGE"}],"neow_cost":"NONE","seed_source_timestamp":999672901756383,"circlet_count":0,"master_deck":["Defend_G","Defend_G","Survivor","Neutralize","Acrobatics","Deadly Poison+1","Bane+1","Crippling Poison+1","Night Terror+1","Bouncing Flask+1","Bane+1","Bite","Bite","Bite","Bite","Bite","Catalyst+1"],"relics":["Ring of the Snake","Snake Skull","Golden Idol","Shuriken","Bronze Scales","Sozu","Red Mask","Toxic Egg 2","Peace Pipe","Velvet Choker","Potion Belt","Ginger","Strawberry"],"potions_floor_usage":[33,42],"damage_taken":[{"damage":2,"enemies":"2 Louse","floor":1,"turns":3},{"damage":0,"enemies":"Small Slimes","floor":2,"turns":4},{"damage":3,"enemies":"Cultist","floor":3,"turns":5},{"damage":1,"enemies":"Looter","floor":5,"turns":4},{"damage":36,"enemies":"3 Sentries","floor":7,"turns":12},{"damage":0,"enemies":"Blue Slaver","floor":10,"turns":3},{"damage":13,"enemies":"2 Fungi Beasts","floor":11,"turns":3},{"damage":0,"enemies":"Large Slime","floor":13,"turns":7},{"damage":29,"enemies":"Hexaghost","floor":16,"turns":8},{"damage":26,"enemies":"2 Thieves","floor":18,"turns":4},{"damage":10,"enemies":"Spheric Guardian","floor":19,"turns":3},{"damage":34,"floor":21,"turns":4},{"damage":5,"enemies":"Centurion and Healer","floor":24,"turns":6},{"damage":7,"enemies":"Snake Plant","floor":28,"turns":2},{"damage":0,"enemies":"Cultist and Chosen","floor":31,"turns":4},{"damage":25,"enemies":"Champ","floor":33,"turns":8},{"damage":25,"enemies":"3 Darklings","floor":35,"turns":3},{"damage":0,"enemies":"3 Shapes","floor":37,"turns":4},{"damage":0,"floor":38,"turns":2},{"damage":22,"enemies":"Nemesis","floor":40,"turns":3},{"damage":38,"enemies":"2 Orb Walkers","floor":42,"turns":3}],"seed_played":"3989879017879699961","potions_obtained":[{"floor":5,"key":"GhostInAJar"},{"floor":7,"key":"Weak Potion"},{"floor":11,"key":"SmokeBomb"},{"floor":16,"key":"Dexterity Potion"}],"is_trial":false,"path_per_floor":["M","M","M","?","M","R","E","R","T","M","M","R","M","?","R","B",null,"M","M","?","?","?","R","M","R","T","?","M","$","?","M","R","B",null,"M","T","M","?","?","E","R"],"character_chosen":"THE_SILENT","items_purchased":["Peace Pipe"],"campfire_rested":3,"item_purchase_floors":[29],"current_hp_per_floor":[68,68,65,48,47,47,11,32,32,32,19,40,40,40,40,11,70,44,34,34,6,6,20,25,25,25,21,18,18,34,36,36,25,49,28,28,34,40,40,31,31,0],"gold":404,"neow_bonus":"RANDOM_COMMON_RELIC","is_prod":false,"is_daily":false,"chose_seed":false,"campfire_upgraded":3,"win_rate":0.0,"timestamp":1530385023,"path_taken":["M","M","M","?","M","R","E","R","T","M","M","R","M","?","R","BOSS","M","M","?","?","?","R","M","R","T","?","?","$","?","M","R","BOSS","M","?","M","?","?","E","R","E"],"build_version":"2018-06-28","purchased_purges":1,"victory":false,"max_hp_per_floor":[70,70,70,70,70,70,70,70,70,70,70,70,70,70,70,70,70,70,70,49,49,49,49,49,49,49,49,49,49,49,49,49,49,49,49,49,49,49,49,56,56,56],"card_choices":[{"not_picked":["Dodge and Roll","Backflip"],"picked":"Acrobatics","floor":1},{"not_picked":["Outmaneuver","Backflip"],"picked":"Deadly Poison","floor":2},{"not_picked":["Caltrops","Finisher","Dodge and Roll"],"picked":"SKIP","floor":3},{"not_picked":["Leg Sweep","Escape Plan","All Out Attack"],"picked":"SKIP","floor":5},{"not_picked":["Choke","PiercingWail"],"picked":"Bane","floor":7},{"not_picked":["Expertise","Masterful Stab","Predator"],"picked":"SKIP","floor":10},{"not_picked":["Underhanded Strike","Blade Dance","Sucker Punch"],"picked":"SKIP","floor":11},{"not_picked":["Masterful Stab","Prepared"],"picked":"Crippling Poison","floor":13},{"not_picked":["Phantasmal Killer","Wraith Form v2"],"picked":"Night Terror","floor":16},{"not_picked":["Prepared+1","Reflex+1"],"picked":"Bouncing Flask","floor":18},{"not_picked":["Backstab","Dagger Spray"],"picked":"Bane+1","floor":19},{"not_picked":["Outmaneuver","Deflect","Endless Agony+1"],"picked":"SKIP","floor":24},{"not_picked":["Skewer","Slice","Dodge and Roll+1"],"picked":"SKIP","floor":28},{"not_picked":["Acrobatics+1","Choke","Slice"],"picked":"SKIP","floor":31},{"not_picked":["Eviscerate+1","Poisoned Stab+1","PiercingWail+1"],"picked":"SKIP","floor":35},{"not_picked":["Backstab+1","Riddle With Holes+1"],"picked":"Catalyst+1","floor":37},{"not_picked":["Dagger Throw+1","Underhanded Strike+1","PiercingWail+1"],"picked":"SKIP","floor":40}],"player_experience":26914,"relics_obtained":[{"floor":7,"key":"Shuriken"},{"floor":9,"key":"Bronze Scales"},{"floor":21,"key":"Red Mask"},{"floor":26,"key":"Toxic Egg 2"},{"floor":36,"key":"Potion Belt"},{"floor":38,"key":"Ginger"},{"floor":40,"key":"Strawberry"}],"event_choices":[{"event_name":"Golden Idol","player_choice":"Take Damage","floor":4,"damage_taken":0},{"event_name":"Upgrade Shrine","player_choice":"Upgraded","floor":14,"damage_taken":0},{"event_name":"Vampires","player_choice":"Became a vampire","floor":20,"damage_taken":0},{"event_name":"Masked Bandits","player_choice":"Fought over 464 gold","floor":21,"damage_taken":0},{"event_name":"Accursed Blacksmith","player_choice":"Forge","floor":22,"damage_taken":0},{"event_name":"Wheel of Change","player_choice":"Damage","floor":27,"damage_taken":0},{"event_name":"The Library","player_choice":"Heal","floor":30,"damage_taken":0},{"event_name":"MindBloom","player_choice":"Fight","floor":38,"damage_taken":0},{"event_name":"Bonfire Elementals","player_choice":"BASIC","floor":39,"damage_taken":0}],"boss_relics":[{"not_picked":["Tiny House","Busted Crown"],"picked":"Sozu"},{"not_picked":["Eternal Feather","White Beast Statue"],"picked":"Velvet Choker"}],"items_purged_floors":[29],"is_endless":false,"potions_floor_spawned":[5,7,11,16,21,28,31,33,35,37,38],"killed_by":"2 Orb Walkers","ascension_level":0}