{"gold_per_floor":[11,24,34,45,62,72,72,105,130,130],"floor_reached":10,"playtime":674,"items_purged":[],"score":97,"play_id":"c878210d-0ac6-43c0-962a-12044f09b264","local_time":"20180818024307","is_ascension_mode":false,"campfire_choices":[{"data":"Entrench","floor":7,"key":"SMITH"}],"neow_cost":"NO_GOLD","seed_source_timestamp":275231327408468,"circlet_count":0,"master_deck":["Strike_R","Strike_R","Strike_R","Strike_R","Strike_R","Defend_R","Defend_R","Defend_R+1","Defend_R","Bash","Battle Trance+1","Iron Wave","Thunderclap","Entrench+1","Perfected Strike","Perfected Strike","Warcry"],"relics":["Burning Blood","War Paint","Orichalcum"],"potions_floor_usage":[8,10,10],"damage_taken":[{"damage":6,"enemies":"2 Louse","floor":1,"turns":3},{"damage":11,"enemies":"Jaw Worm","floor":2,"turns":2},{"damage":15,"enemies":"Small Slimes","floor":3,"turns":4},{"damage":30,"enemies":"Exordium Thugs","floor":4,"turns":7},{"damage":9,"enemies":"2 Fungi Beasts","floor":5,"turns":4},{"damage":18,"enemies":"Gremlin Gang","floor":6,"turns":7},{"damage":28,"enemies":"Lagavulin","floor":8,"turns":6},{"damage":31,"enemies":"Gremlin Nob","floor":10,"turns":4}],"seed_played":"-503899804178389882","potions_obtained":[{"floor":2,"key":"PowerPotion"},{"floor":3,"key":"PowerPotion"},{"floor":4,"key":"Energy Potion"}],"is_trial":false,"path_per_floor":["M","M","M","M","M","M","R","E","T"],"character_chosen":"IRONCLAD","items_purchased":[],"campfire_rested":0,"item_purchase_floors":[],"current_hp_per_floor":[96,91,82,58,55,43,43,21,21,0],"gold":130,"neow_bonus":"TWENTY_PERCENT_HP_BONUS","is_prod":false,"is_daily":false,"chose_seed":false,"campfire_upgraded":1,"win_rate":0.0,"timestamp":1534549387,"path_taken":["M","M","M","M","M","M","R","E","T","E"],"build_version":"2018-08-16","purchased_purges":0,"victory":false,"max_hp_per_floor":[96,96,96,96,96,96,96,96,96,96],"card_choices":[{"not_picked":["Heavy Blade","Pummel"],"picked":"Battle Trance","floor":1},{"not_picked":["Twin Strike","Warcry"],"picked":"Iron Wave","floor":2},{"not_picked":["Cleave","Headbutt"],"picked":"Thunderclap","floor":3},{"not_picked":["Second Wind","Flex"],"picked":"Entrench","floor":4},{"not_picked":["Sword Boomerang","Battle Trance"],"picked":"Perfected Strike","floor":5},{"not_picked":["Rampage","Clothesline"],"picked":"Perfected Strike","floor":6},{"not_picked":["Sword Boomerang","Burning Pact"],"picked":"Warcry","floor":8}],"player_experience":24100,"relics_obtained":[{"floor":8,"key":"War Paint"},{"floor":9,"key":"Orichalcum"}],"event_choices":[],"is_beta":false,"boss_relics":[],"items_purged_floors":[],"is_endless":false,"potions_floor_spawned":[2,3,4],"killed_by":"Gremlin Nob","ascension_level":0}