{"gold_per_floor":[114,134,146,21,31,65,65,65,90,105,132,132,162,177,177,254,254,271,288,300,300,314,314,331,331,354,354,384,398,75,75,75,151,151,169,183,202,202,302,302,302,302,327,361,361,88,103,103],"floor_reached":48,"playtime":6308,"items_purged":["Strike_B","Strike_B","Strike_B"],"score":954,"play_id":"4b978ab0-d07c-4b5b-8e9a-c398c4fcab9b","local_time":"20190610101046","is_ascension_mode":true,"campfire_choices":[{"data":"Zap","floor":7,"key":"SMITH"},{"floor":12,"key":"REST"},{"data":"Sunder","floor":15,"key":"SMITH"},{"data":"Capacitor","floor":23,"key":"SMITH"},{"data":"Auto Shields","floor":25,"key":"SMITH"},{"floor":27,"key":"REST"},{"floor":32,"key":"REST"},{"data":"Echo Form","floor":40,"key":"SMITH"},{"data":"Conserve Battery","floor":42,"key":"SMITH"}],"neow_cost":"NONE","seed_source_timestamp":1809702681957503,"circlet_count":0,"master_deck":["AscendersBane","Strike_B","Defend_B","Defend_B","Defend_B","Defend_B","Zap+1","Dualcast","Sunder+1","Auto Shields+1","Coolheaded","Cold Snap","Sweeping Beam","Electrodynamics","Cold Snap","Seek","Capacitor+1","Barrage+1","Stack+1","Conserve Battery+1","Echo Form+1","Leap+1","Conserve Battery","Madness","Madness","Chill","Coolheaded","Stack"],"relics":["Cracked Core","Bronze Scales","Boot","DataDisk","Ancient Tea Set","PreservedInsect","White Beast Statue","Smiling Mask","Bag of Marbles","Potion Belt","Inserter","Incense Burner","Juzu Bracelet","Anchor","Pen Nib"],"potions_floor_usage":[11,18,19,20,20,28,29,33,33,35,36,44,44,44,44,47,48,48],"damage_taken":[{"damage":0,"enemies":"Cultist","floor":1,"turns":3},{"damage":9,"enemies":"Jaw Worm","floor":2,"turns":4},{"damage":0,"enemies":"2 Louse","floor":3,"turns":2},{"damage":4,"enemies":"Lots of Slimes","floor":5,"turns":4},{"damage":11,"enemies":"3 Sentries","floor":6,"turns":6},{"damage":0,"enemies":"Looter","floor":10,"turns":3},{"damage":12,"enemies":"Lagavulin","floor":11,"turns":7},{"damage":16,"enemies":"Gremlin Nob","floor":13,"turns":4},{"damage":10,"enemies":"Gremlin Gang","floor":14,"turns":2},{"damage":18,"enemies":"The Guardian","floor":16,"turns":9},{"damage":0,"enemies":"3 Byrds","floor":18,"turns":2},{"damage":5,"enemies":"2 Thieves","floor":19,"turns":3},{"damage":13,"enemies":"Cultist and Chosen","floor":20,"turns":6},{"damage":15,"enemies":"3 Cultists","floor":22,"turns":4},{"damage":13,"enemies":"Sentry and Sphere","floor":24,"turns":3},{"damage":10,"enemies":"Slavers","floor":28,"turns":4},{"damage":24,"enemies":"Shelled Parasite and Fungi","floor":29,"turns":5},{"damage":40,"enemies":"Automaton","floor":33,"turns":12},{"damage":26,"enemies":"3 Darklings","floor":35,"turns":5},{"damage":0,"enemies":"Orb Walker","floor":36,"turns":4},{"damage":14,"enemies":"Maw","floor":37,"turns":8},{"damage":0,"enemies":"Mind Bloom Boss Battle","floor":39,"turns":4},{"damage":20,"enemies":"Giant Head","floor":44,"turns":9},{"damage":25,"enemies":"Writhing Mass","floor":47,"turns":9},{"damage":30,"enemies":"Jaw Worm Horde","floor":48,"turns":2}],"seed_played":"732936871206110851","potions_obtained":[{"floor":1,"key":"Weak Potion"},{"floor":2,"key":"SpeedPotion"},{"floor":10,"key":"Block Potion"},{"floor":14,"key":"Fire Potion"},{"floor":18,"key":"Block Potion"},{"floor":19,"key":"Block Potion"},{"floor":20,"key":"Ancient Potion"},{"floor":22,"key":"Ancient Potion"},{"floor":28,"key":"Poison Potion"},{"floor":29,"key":"Dexterity Potion"},{"floor":31,"key":"EntropicBrew"},{"floor":33,"key":"Fire Potion"},{"floor":35,"key":"Dexterity Potion"},{"floor":36,"key":"SpeedPotion"},{"floor":37,"key":"GamblersBrew"},{"floor":39,"key":"EssenceOfSteel"},{"floor":44,"key":"FocusPotion"},{"floor":47,"key":"LiquidBronze"}],"is_trial":false,"path_per_floor":["M","M","M","$","M","E","R","?","T","M","E","R","E","M","R","B",null,"M","M","M","?","M","R","M","R","T","R","E","M","$","?","R","B",null,"M","M","M","?","?","R","?","R","T","E","?","$","M","M"],"character_chosen":"DEFECT","items_purchased":["Cold Snap","Potion Belt","Block Potion","SkillPotion","Coolheaded","Pen Nib"],"campfire_rested":3,"item_purchase_floors":[4,30,30,30,46,46],"current_hp_per_floor":[64,55,55,55,51,40,40,40,40,40,28,49,33,23,23,5,55,55,50,37,71,56,56,43,43,43,64,54,30,30,30,51,11,56,30,30,16,58,58,58,48,48,48,28,28,28,18,0],"gold":103,"neow_bonus":"RANDOM_COMMON_RELIC","is_prod":false,"is_daily":false,"chose_seed":false,"campfire_upgraded":6,"win_rate":0,"timestamp":1560175846,"path_taken":["M","?","?","$","M","E","R","?","T","M","E","R","E","M","R","BOSS","M","M","M","?","?","R","M","R","T","R","E","M","$","?","R","BOSS","M","M","?","?","?","R","?","R","T","E","?","$","M","M"],"build_version":"2019-01-23","purchased_purges":3,"victory":false,"max_hp_per_floor":[71,71,71,71,71,71,71,71,71,71,71,71,71,71,71,71,71,71,71,71,71,71,71,71,71,71,71,71,71,71,71,71,71,71,71,71,71,58,58,58,58,58,58,58,58,58,58,58],"card_choices":[{"not_picked":["Double Energy","Beam Cell"],"picked":"Sunder","floor":1},{"not_picked":["Undo","FTL"],"picked":"Auto Shields","floor":2},{"not_picked":["Leap","Hologram"],"picked":"Coolheaded","floor":3},{"not_picked":["FTL","Blizzard"],"picked":"Sweeping Beam","floor":5},{"not_picked":["Compile Driver","Glacier"],"picked":"Electrodynamics","floor":6},{"not_picked":["Blizzard","Force Field"],"picked":"Cold Snap","floor":10},{"not_picked":["Storm","Sweeping Beam","Barrage"],"picked":"SKIP","floor":11},{"not_picked":["Lockon","White Noise"],"picked":"Loop","floor":13},{"not_picked":["Heatsinks","Hello World","Hologram"],"picked":"SKIP","floor":14},{"not_picked":["All For One","Creative AI"],"picked":"Seek","floor":16},{"not_picked":["Melter","Conserve Battery"],"picked":"Capacitor","floor":18},{"not_picked":["Beam Cell","Steam"],"picked":"Barrage+1","floor":19},{"not_picked":["Go for the Eyes","Amplify"],"picked":"Stack+1","floor":20},{"not_picked":["Loop","Heatsinks"],"picked":"Conserve Battery","floor":22},{"not_picked":["Darkness","Compile Driver","Beam Cell+1"],"picked":"SKIP","floor":24},{"not_picked":["Rip and Tear","Undo","Cold Snap"],"picked":"SKIP","floor":28},{"not_picked":["Turbo","Sweeping Beam","Beam Cell"],"picked":"SKIP","floor":29},{"not_picked":["Thunder Strike","Rainbow"],"picked":"Echo Form","floor":33},{"not_picked":["Steam Power+1","Tempest+1"],"picked":"Leap+1","floor":35},{"not_picked":["Beam Cell","Redo","Rebound"],"picked":"SKIP","floor":36},{"not_picked":["Compile Driver+1","Aggregate","Thunder Strike"],"picked":"SKIP","floor":37},{"not_picked":["Leap","Fusion"],"picked":"Conserve Battery","floor":39},{"not_picked":["Stack+1","Meteor Strike"],"picked":"Chill","floor":44},{"not_picked":["Genetic Algorithm","Beam Cell"],"picked":"Stack","floor":47}],"player_experience":776119,"relics_obtained":[{"floor":6,"key":"Boot"},{"floor":9,"key":"DataDisk"},{"floor":11,"key":"Ancient Tea Set"},{"floor":13,"key":"PreservedInsect"},{"floor":26,"key":"Smiling Mask"},{"floor":28,"key":"Bag of Marbles"},{"floor":39,"key":"Incense Burner"},{"floor":43,"key":"Juzu Bracelet"},{"floor":44,"key":"Anchor"}],"event_choices":[{"damage_healed":0,"gold_gain":0,"player_choice":"Fled","damage_taken":0,"max_hp_gain":0,"max_hp_loss":0,"event_name":"Scrap Ooze","floor":8,"gold_loss":0},{"cards_removed":["Loop"],"damage_healed":34,"gold_gain":0,"player_choice":"Offered Uncommon","damage_taken":0,"max_hp_gain":0,"max_hp_loss":0,"event_name":"Bonfire Elementals","floor":21,"gold_loss":0},{"damage_healed":0,"gold_gain":0,"player_choice":"Got Potions","damage_taken":0,"max_hp_gain":0,"max_hp_loss":0,"event_name":"Lab","floor":31,"gold_loss":0},{"damage_healed":58,"gold_gain":0,"player_choice":"Heal","damage_taken":0,"max_hp_gain":0,"max_hp_loss":13,"event_name":"The Moai Head","floor":38,"gold_loss":0},{"damage_healed":0,"gold_gain":0,"player_choice":"Fight","damage_taken":0,"max_hp_gain":0,"max_hp_loss":0,"event_name":"MindBloom","floor":39,"gold_loss":0},{"damage_healed":0,"gold_gain":0,"player_choice":"Embrace Madness","damage_taken":10,"max_hp_gain":0,"max_hp_loss":0,"event_name":"Winding Halls","floor":41,"gold_loss":0,"cards_obtained":["Madness","Madness"]},{"damage_healed":0,"gold_gain":0,"player_choice":"Memory 1","damage_taken":0,"max_hp_gain":0,"max_hp_loss":0,"event_name":"SensoryStone","floor":45,"gold_loss":0}],"is_beta":false,"boss_relics":[{"not_picked":["Orrery","Snecko Eye"],"picked":"White Beast Statue"},{"not_picked":["Runic Pyramid","Tiny House"],"picked":"Inserter"}],"items_purged_floors":[4,30,46],"is_endless":false,"potions_floor_spawned":[1,2,5,10,14,18,19,20,22,24,28,29,33,35,36,37,39,44,47],"killed_by":"Jaw Worm Horde","ascension_level":18}