{"gold_per_floor":[212,224,399,399,399,399,425,425,496,496,522,540,557,32,32,32],"floor_reached":16,"playtime":890,"items_purged":["Defend_R"],"score":171,"play_id":"898fd3bc-36d9-42cc-878e-252ceef11b6a","local_time":"20190610233010","is_ascension_mode":true,"campfire_choices":[{"data":"Bash","floor":6,"key":"SMITH"},{"data":"Flame Barrier","floor":8,"key":"SMITH"},{"floor":10,"key":"REST"},{"data":"Barricade","floor":15,"key":"SMITH"}],"neow_cost":"NONE","seed_source_timestamp":355302888104600,"circlet_count":0,"master_deck":["Strike_R","Strike_R","Strike_R","Strike_R","Strike_R","Defend_R","Defend_R","Defend_R","Bash+1","Doubt","Flame Barrier+1","Iron Wave+1","Pommel Strike+1","Barricade+1"],"relics":["Burning Blood","Pear","Bottled Flame","Molten Egg 2","Bag of Preparation","Mango","Dream Catcher"],"potions_floor_usage":[7,11,13],"damage_taken":[{"damage":4,"enemies":"Small Slimes","floor":1,"turns":4},{"damage":3,"enemies":"Jaw Worm","floor":2,"turns":5},{"damage":16,"enemies":"Gremlin Nob","floor":7,"turns":3},{"damage":40,"enemies":"3 Sentries","floor":11,"turns":12},{"damage":0,"enemies":"2 Louse","floor":12,"turns":2},{"damage":18,"enemies":"Gremlin Gang","floor":13,"turns":4},{"damage":65,"enemies":"The Guardian","floor":16,"turns":13}],"seed_played":"2234303797190039342","potions_obtained":[{"floor":1,"key":"AttackPotion"},{"floor":7,"key":"SkillPotion"},{"floor":12,"key":"FearPotion"}],"is_trial":false,"path_per_floor":["M","M","?","?","?","R","E","R","T","R","E","M","M","$","R","B"],"character_chosen":"IRONCLAD","items_purchased":["Mango","Dream Catcher"],"campfire_rested":1,"item_purchase_floors":[14,14],"current_hp_per_floor":[74,77,77,80,80,80,70,70,70,90,56,62,50,64,64,0],"gold":32,"neow_bonus":"HUNDRED_GOLD","is_prod":false,"is_daily":false,"chose_seed":false,"campfire_upgraded":3,"win_rate":0,"timestamp":1560198610,"path_taken":["M","M","?","?","?","R","E","R","T","R","E","M","M","$","R","BOSS"],"build_version":"2019-01-23","purchased_purges":1,"victory":false,"max_hp_per_floor":[80,80,80,90,90,90,90,90,90,90,90,90,90,104,104,104],"card_choices":[{"not_picked":["Reckless Charge","Power Through","Sever Soul"],"picked":"SKIP","floor":1},{"not_picked":["Dual Wield","Carnage","Hemokinesis"],"picked":"SKIP","floor":2},{"not_picked":["Clash","Infernal Blade"],"picked":"Flame Barrier","floor":7},{"not_picked":["Perfected Strike+1","Burning Pact"],"picked":"Iron Wave+1","floor":11},{"not_picked":["Heavy Blade+1","Sword Boomerang+1"],"picked":"Pommel Strike+1","floor":12},{"not_picked":["Ghostly Armor","Shrug It Off"],"picked":"Barricade","floor":13}],"player_experience":189240,"relics_obtained":[{"floor":7,"key":"Bottled Flame"},{"floor":9,"key":"Molten Egg 2"},{"floor":11,"key":"Bag of Preparation"}],"event_choices":[{"damage_healed":0,"gold_gain":175,"player_choice":"AGREE","damage_taken":0,"max_hp_gain":0,"max_hp_loss":0,"event_name":"Liars Game","floor":3,"gold_loss":0,"cards_obtained":["Doubt"]},{"damage_healed":0,"gold_gain":0,"player_choice":"Success","damage_taken":7,"relics_obtained":["Pear"],"max_hp_gain":0,"max_hp_loss":0,"event_name":"Scrap Ooze","floor":4,"gold_loss":0},{"damage_healed":0,"gold_gain":0,"player_choice":"Ignored","damage_taken":0,"max_hp_gain":0,"max_hp_loss":0,"event_name":"Shining Light","floor":5,"gold_loss":0}],"is_beta":false,"boss_relics":[],"items_purged_floors":[14],"is_endless":false,"potions_floor_spawned":[1,7,12],"killed_by":"The Guardian","ascension_level":7}