{"gold_per_floor":[117,117,117,127,127,127,127,144,144,144,172,172,183,183,183,312,312,328,359,35,35,35,76,76,99,149,149,164,9,52,52,52,173,173,197,197,197,222,235,235,235],"floor_reached":41,"playtime":2038,"items_purged":["Normality"],"score":633,"play_id":"7f99a9bc-fbad-4571-aa9d-439b3861a14f","local_time":"20190605121345","is_ascension_mode":true,"campfire_choices":[{"data":"Neutralize","floor":6,"key":"SMITH"},{"floor":10,"key":"REST"},{"floor":15,"key":"REST"},{"floor":24,"key":"REST"},{"data":"Malaise","floor":27,"key":"SMITH"},{"floor":32,"key":"REST"},{"floor":40,"key":"REST"}],"neow_cost":"NONE","seed_source_timestamp":61283111065400,"circlet_count":0,"master_deck":["Survivor","Neutralize+1","Cloak And Dagger","Quick Slash","Skewer","Caltrops+1","Malaise+1","Backflip","Corpse Explosion","Footwork+1","Footwork+1","Ghostly","Ghostly","Ghostly","Ghostly","Ghostly","PiercingWail","Caltrops+1","Well Laid Plans+1","Venomology","Tools of the Trade+1","Corpse Explosion","Bullet Time","Corpse Explosion","Flechettes","Bullet Time","Leg Sweep","Terror","Concentrate","Finisher","PiercingWail+1","Crippling Poison","Acrobatics+1"],"relics":["Ring of the Snake","Frozen Egg 2","Turnip","Pantograph","Golden Idol","Cursed Key","Red Mask","StoneCalendar","Bottled Tornado","PreservedInsect","Ninja Scroll","Pandora\u0027s Box"],"potions_floor_usage":[19,19,19,30,33,41],"damage_taken":[{"damage":1,"enemies":"2 Louse","floor":1,"turns":3},{"damage":0,"enemies":"Small Slimes","floor":4,"turns":4},{"damage":0,"enemies":"Jaw Worm","floor":8,"turns":3},{"damage":28,"enemies":"3 Sentries","floor":11,"turns":8},{"damage":1,"enemies":"Looter","floor":13,"turns":3},{"damage":14,"enemies":"The Guardian","floor":16,"turns":17},{"damage":32,"enemies":"2 Thieves","floor":18,"turns":4},{"damage":25,"enemies":"Masked Bandits","floor":19,"turns":3},{"damage":9,"enemies":"Slavers","floor":23,"turns":6},{"damage":2,"enemies":"Chosen","floor":25,"turns":7},{"damage":17,"enemies":"Snecko","floor":28,"turns":7},{"damage":1,"enemies":"Gremlin Leader","floor":30,"turns":6},{"damage":1,"enemies":"Champ","floor":33,"turns":19},{"damage":24,"enemies":"Orb Walker","floor":35,"turns":4},{"damage":12,"enemies":"3 Darklings","floor":38,"turns":3},{"damage":3,"enemies":"Sphere and 2 Shapes","floor":39,"turns":6},{"damage":12,"enemies":"Giant Head","floor":41,"turns":6}],"seed_played":"-9069362343863189793","potions_obtained":[{"floor":4,"key":"Ancient Potion"},{"floor":16,"key":"Poison Potion"},{"floor":19,"key":"Fruit Juice"},{"floor":23,"key":"Explosive Potion"},{"floor":25,"key":"EssenceOfSteel"},{"floor":33,"key":"SteroidPotion"}],"is_trial":false,"path_per_floor":["M","?","?","M","?","R","?","M","T","R","E","?","M","?","R","B",null,"M","?","$","?","$","E","R","M","T","R","M","$","E","T","R","B",null,"M","?","?","M","M","R","E"],"character_chosen":"THE_SILENT","items_purchased":["Footwork+1","StoneCalendar","Well Laid Plans+1"],"campfire_rested":5,"item_purchase_floors":[20,20,29],"current_hp_per_floor":[69,54,21,21,21,21,26,26,26,50,22,22,21,21,43,54,71,39,19,19,19,19,10,22,20,20,20,3,3,2,2,14,38,40,16,16,16,4,1,12,0],"gold":235,"neow_bonus":"TEN_PERCENT_HP_BONUS","is_prod":false,"is_daily":false,"chose_seed":false,"campfire_upgraded":2,"win_rate":0,"timestamp":1559717025,"path_taken":["M","?","?","M","?","R","?","?","T","R","E","?","M","?","R","BOSS","M","?","$","?","$","E","R","M","T","R","M","?","E","?","R","BOSS","M","?","?","M","?","R","E"],"build_version":"2019-01-23","purchased_purges":1,"victory":false,"max_hp_per_floor":[77,77,77,77,77,77,82,82,82,82,82,82,82,76,76,76,76,76,81,81,40,40,40,40,40,40,40,40,40,40,40,40,40,40,40,38,38,38,38,38,38],"card_choices":[{"not_picked":["Prepared","Dagger Throw"],"picked":"Cloak And Dagger","floor":1},{"not_picked":["Terror","Setup"],"picked":"Quick Slash","floor":4},{"not_picked":["Acrobatics","Concentrate"],"picked":"Skewer","floor":8},{"not_picked":["Expertise","Backstab"],"picked":"Caltrops+1","floor":11},{"not_picked":["Catalyst","Dagger Spray"],"picked":"Backflip","floor":13},{"not_picked":["Bullet Time","Venomology"],"picked":"Corpse Explosion","floor":16},{"not_picked":["Accuracy+1","Poisoned Stab","Blade Dance"],"picked":"SKIP","floor":18},{"not_picked":["Deflect+1","Eviscerate+1"],"picked":"Footwork+1","floor":19},{"not_picked":["Underhanded Strike","Heel Hook"],"picked":"PiercingWail","floor":23},{"not_picked":["Quick Slash","Backstab"],"picked":"Caltrops+1","floor":25},{"not_picked":["Heel Hook","Poisoned Stab","Cloak And Dagger"],"picked":"SKIP","floor":28},{"not_picked":["Dagger Spray","Quick Slash"],"picked":"Venomology","floor":30},{"not_picked":["Glass Knife","Grand Finale"],"picked":"Tools of the Trade+1","floor":33},{"not_picked":["Acrobatics","Dodge and Roll+1"],"picked":"PiercingWail+1","floor":35},{"not_picked":["Reflex+1","Acrobatics+1"],"picked":"Crippling Poison","floor":38},{"not_picked":["Bane+1","Poisoned Stab"],"picked":"Acrobatics+1","floor":39}],"player_experience":264572,"relics_obtained":[{"floor":9,"key":"Turnip"},{"floor":11,"key":"Pantograph"},{"floor":19,"key":"Red Mask"},{"floor":23,"key":"Bottled Tornado"},{"floor":26,"key":"PreservedInsect"},{"floor":30,"key":"Ninja Scroll"}],"event_choices":[{"damage_healed":0,"gold_gain":0,"player_choice":"Entered Light","damage_taken":15,"max_hp_gain":0,"max_hp_loss":0,"event_name":"Shining Light","floor":2,"gold_loss":0,"cards_upgraded":["Strike_G","Strike_G"]},{"damage_healed":0,"gold_gain":0,"player_choice":"Success","damage_taken":33,"relics_obtained":["Frozen Egg 2"],"max_hp_gain":0,"max_hp_loss":0,"event_name":"Scrap Ooze","floor":3,"gold_loss":0},{"damage_healed":0,"gold_gain":0,"player_choice":"Ignored","damage_taken":0,"max_hp_gain":0,"max_hp_loss":0,"event_name":"Liars Game","floor":5,"gold_loss":0},{"damage_healed":0,"gold_gain":0,"player_choice":"Donut","damage_taken":0,"max_hp_gain":5,"max_hp_loss":0,"event_name":"Big Fish","floor":7,"gold_loss":0},{"damage_healed":0,"gold_gain":0,"cards_transformed":["Strike_G"],"player_choice":"Change","damage_taken":0,"max_hp_gain":0,"max_hp_loss":0,"event_name":"Living Wall","floor":12,"gold_loss":0,"cards_obtained":["Malaise"]},{"damage_healed":0,"gold_gain":0,"player_choice":"Lose Max HP","damage_taken":0,"relics_obtained":["Golden Idol"],"max_hp_gain":0,"max_hp_loss":6,"event_name":"Golden Idol","floor":14,"gold_loss":0},{"damage_healed":0,"gold_gain":0,"player_choice":"Fought Bandits","damage_taken":0,"max_hp_gain":0,"max_hp_loss":0,"event_name":"Masked Bandits","floor":19,"gold_loss":0},{"damage_healed":0,"gold_gain":0,"player_choice":"Became a Ghost","damage_taken":0,"max_hp_gain":0,"max_hp_loss":41,"event_name":"Ghosts","floor":21,"gold_loss":0,"cards_obtained":["Ghostly","Ghostly","Ghostly","Ghostly","Ghostly"]},{"damage_healed":0,"gold_gain":0,"player_choice":"Max HP","damage_taken":0,"max_hp_gain":0,"max_hp_loss":2,"event_name":"Winding Halls","floor":36,"gold_loss":0},{"damage_healed":0,"gold_gain":0,"player_choice":"Ignored","damage_taken":0,"max_hp_gain":0,"max_hp_loss":0,"event_name":"SecretPortal","floor":37,"gold_loss":0}],"is_beta":false,"boss_relics":[{"not_picked":["Busted Crown","Philosopher\u0027s Stone"],"picked":"Cursed Key"},{"not_picked":["Tiny House","Lizard Tail"],"picked":"Pandora\u0027s Box"}],"items_purged_floors":[29],"is_endless":false,"potions_floor_spawned":[4,16,19,23,25,33,35],"killed_by":"Giant Head","ascension_level":7}