{"gold_per_floor":[118,137,155,155,175,201,201,212,212,222,222,202,221,239,239,342,342,352,366,383,395,395,395,414,414,414,430,345,345,378,397,397,397],"floor_reached":33,"playtime":1510,"items_purged":[],"score":355,"play_id":"999e58a9-c501-4467-b936-68df2b46574b","local_time":"20190610113339","is_ascension_mode":true,"campfire_choices":[{"floor":7,"key":"REST"},{"floor":11,"key":"REST"},{"data":"Noxious Fumes","floor":15,"key":"SMITH"},{"floor":23,"key":"REST"},{"floor":25,"key":"REST"},{"floor":29,"key":"REST"},{"floor":32,"key":"REST"}],"neow_cost":"NONE","seed_source_timestamp":311691365537000,"circlet_count":0,"master_deck":["Defend_G","Defend_G","Defend_G","Defend_G","Defend_G","Strike_G","Strike_G","Strike_G","Strike_G","Strike_G","Survivor+1","Neutralize","Poisoned Stab","Catalyst","Noxious Fumes+1","Flying Knee","All Out Attack","Dash","Poisoned Stab","Backstab","Poisoned Stab","Envenom","Poisoned Stab+1","Dagger Throw+1","Dagger Spray+1","Backstab+1","Backstab+1","Poisoned Stab+1"],"relics":["Ring of the Snake","Gremlin Horn","Anchor","Ancient Tea Set","Velvet Choker","Enchiridion","Bottled Tornado","Pear","Molten Egg 2"],"potions_floor_usage":[5,16,16,21,24,33,33],"damage_taken":[{"damage":5,"enemies":"2 Louse","floor":1,"turns":3},{"damage":1,"enemies":"Small Slimes","floor":2,"turns":3},{"damage":0,"enemies":"Cultist","floor":3,"turns":3},{"damage":4,"enemies":"3 Louse","floor":5,"turns":3},{"damage":15,"enemies":"3 Sentries","floor":6,"turns":7},{"damage":8,"enemies":"Exordium Wildlife","floor":8,"turns":4},{"damage":3,"enemies":"Blue Slaver","floor":10,"turns":3},{"damage":0,"enemies":"Large Slime","floor":13,"turns":5},{"damage":0,"enemies":"Exordium Wildlife","floor":14,"turns":2},{"damage":20,"enemies":"Slime Boss","floor":16,"turns":8},{"damage":7,"enemies":"2 Thieves","floor":18,"turns":4},{"damage":0,"enemies":"Chosen","floor":19,"turns":4},{"damage":10,"enemies":"Snecko","floor":20,"turns":4},{"damage":14,"enemies":"Snake Plant","floor":21,"turns":4},{"damage":20,"enemies":"Centurion and Healer","floor":24,"turns":5},{"damage":6,"enemies":"3 Cultists","floor":27,"turns":4},{"damage":31,"enemies":"Slavers","floor":30,"turns":3},{"damage":25,"enemies":"Shelled Parasite and Fungi","floor":31,"turns":4},{"damage":64,"enemies":"Automaton","floor":33,"turns":8}],"seed_played":"-4807362823432565279","potions_obtained":[{"floor":2,"key":"LiquidBronze"},{"floor":5,"key":"SteroidPotion"},{"floor":6,"key":"SteroidPotion"},{"floor":8,"key":"GhostInAJar"},{"floor":12,"key":"FairyPotion"},{"floor":16,"key":"Dexterity Potion"},{"floor":20,"key":"Ancient Potion"},{"floor":21,"key":"Energy Potion"},{"floor":27,"key":"SpeedPotion"},{"floor":31,"key":"Block Potion"}],"is_trial":false,"path_per_floor":["M","M","M","?","M","E","R","M","T","M","R","?","M","M","R","B",null,"M","M","M","M","?","R","M","R","T","M","?","R","E","M","R","B"],"character_chosen":"THE_SILENT","items_purchased":[],"campfire_rested":6,"item_purchase_floors":[],"current_hp_per_floor":[65,64,64,39,35,20,41,33,33,30,51,51,51,51,51,31,70,63,63,53,39,23,44,24,45,45,39,49,73,42,17,41,0],"gold":397,"neow_bonus":"UPGRADE_CARD","is_prod":false,"is_daily":false,"chose_seed":false,"campfire_upgraded":1,"win_rate":0,"timestamp":1560155619,"path_taken":["M","M","M","?","M","E","R","M","T","M","R","?","?","M","R","BOSS","M","M","M","M","?","R","M","R","T","M","?","R","E","M","R","BOSS"],"build_version":"2019-01-23","purchased_purges":0,"victory":false,"max_hp_per_floor":[70,70,70,70,70,70,70,70,70,70,70,70,70,70,70,70,70,70,70,70,70,70,70,70,70,70,70,80,80,80,80,80,80],"card_choices":[{"not_picked":["Cloak And Dagger","Flying Knee"],"picked":"Poisoned Stab","floor":1},{"not_picked":["Underhanded Strike","Prepared"],"picked":"Catalyst","floor":2},{"not_picked":["Setup","Outmaneuver"],"picked":"Noxious Fumes","floor":3},{"not_picked":["Escape Plan","Sucker Punch"],"picked":"Flying Knee","floor":5},{"not_picked":["Expertise","Concentrate"],"picked":"All Out Attack","floor":6},{"not_picked":["Riddle With Holes","Endless Agony"],"picked":"Dash","floor":8},{"not_picked":["Blur","Slice"],"picked":"Poisoned Stab","floor":10},{"not_picked":["Dagger Throw","Dodge and Roll"],"picked":"Backstab","floor":13},{"not_picked":["Deflect","Masterful Stab"],"picked":"Poisoned Stab","floor":14},{"not_picked":["Grand Finale","Unload"],"picked":"Envenom","floor":16},{"not_picked":["Backflip","All Out Attack"],"picked":"Poisoned Stab+1","floor":18},{"not_picked":["Heel Hook+1","Blur+1","All Out Attack"],"picked":"SKIP","floor":19},{"not_picked":["Underhanded Strike","Accuracy"],"picked":"Dagger Throw+1","floor":20},{"not_picked":["Prepared","Acrobatics+1","Blade Dance"],"picked":"SKIP","floor":21},{"not_picked":["Finisher","Sucker Punch"],"picked":"Dagger Spray+1","floor":24},{"not_picked":["Dodge and Roll","Backflip"],"picked":"Backstab+1","floor":27},{"not_picked":["Footwork","Phantasmal Killer"],"picked":"Backstab+1","floor":30},{"not_picked":["Riddle With Holes+1","Deflect"],"picked":"Poisoned Stab+1","floor":31}],"player_experience":181998,"relics_obtained":[{"floor":6,"key":"Anchor"},{"floor":9,"key":"Ancient Tea Set"},{"floor":22,"key":"Enchiridion"},{"floor":26,"key":"Bottled Tornado"},{"floor":30,"key":"Molten Egg 2"}],"event_choices":[{"damage_healed":0,"gold_gain":0,"player_choice":"Success","damage_taken":25,"relics_obtained":["Gremlin Horn"],"max_hp_gain":0,"max_hp_loss":0,"event_name":"Scrap Ooze","floor":4,"gold_loss":0},{"damage_healed":0,"gold_gain":0,"player_choice":"Bought 1 Potion","damage_taken":0,"max_hp_gain":0,"max_hp_loss":0,"event_name":"The Woman in Blue","floor":12,"gold_loss":0},{"damage_healed":0,"gold_gain":0,"player_choice":"Obtained Book","damage_taken":16,"max_hp_gain":0,"max_hp_loss":0,"event_name":"Cursed Tome","floor":22,"gold_loss":0},{"damage_healed":0,"gold_gain":0,"player_choice":"Obtained Relic","damage_taken":0,"relics_obtained":["Pear"],"max_hp_gain":0,"max_hp_loss":0,"event_name":"Addict","floor":28,"gold_loss":85}],"is_beta":false,"boss_relics":[{"not_picked":["Fusion Hammer","Calling Bell"],"picked":"Velvet Choker"}],"items_purged_floors":[],"is_endless":false,"potions_floor_spawned":[2,5,6,8,16,20,21,27,31],"killed_by":"Automaton","ascension_level":4}