{"gold_per_floor":[115,127,147,322,18,18,36,365,444,464,464,484,501,576,576,576],"floor_reached":16,"playtime":1015,"items_purged":["Doubt"],"score":104,"play_id":"c79822dc-635c-4f03-a79d-bb09863a1efa","local_time":"20180818042500","is_ascension_mode":false,"campfire_choices":[{"data":"Body Slam","floor":6,"key":"SMITH"},{"floor":11,"key":"REST"},{"floor":15,"key":"REST"}],"neow_cost":"NONE","seed_source_timestamp":281007819572775,"circlet_count":0,"master_deck":["Strike_R","Strike_R","Strike_R","Strike_R","Strike_R","Defend_R","Defend_R","Defend_R","Bash","Warcry","Body Slam+1","Intimidate","Entrench","Warcry","Iron Wave","True Grit"],"relics":["Burning Blood","Lantern","Old Coin","Ornamental Fan"],"potions_floor_usage":[16,16,16,16,16,16],"damage_taken":[{"damage":8,"enemies":"Jaw Worm","floor":1,"turns":4},{"damage":10,"enemies":"Small Slimes","floor":2,"turns":3},{"damage":10,"enemies":"Cultist","floor":3,"turns":4},{"damage":32,"enemies":"Gremlin Gang","floor":7,"turns":5},{"damage":32,"enemies":"Gremlin Nob","floor":8,"turns":5},{"damage":7,"enemies":"3 Louse","floor":10,"turns":5},{"damage":0,"enemies":"2 Fungi Beasts","floor":12,"turns":3},{"damage":8,"enemies":"Large Slime","floor":13,"turns":9},{"damage":66,"enemies":"Slime Boss","floor":16,"turns":12}],"seed_played":"390912888102833423","potions_obtained":[{"floor":2,"key":"GamblersBrew"},{"floor":8,"key":"SkillPotion"},{"floor":12,"key":"EntropicBrew"}],"is_trial":false,"path_per_floor":["M","M","M","?","$","R","M","E","T","M","R","M","M","?","R"],"character_chosen":"IRONCLAD","items_purchased":["Entrench","Lantern","Warcry"],"campfire_rested":2,"item_purchase_floors":[5,5,5],"current_hp_per_floor":[78,74,70,70,70,70,44,18,18,17,41,47,45,34,58,0],"gold":576,"neow_bonus":"REMOVE_CARD","is_prod":false,"is_daily":false,"chose_seed":false,"campfire_upgraded":1,"win_rate":0.0,"timestamp":1534555500,"path_taken":["M","M","M","?","$","R","M","E","T","M","R","?","M","?","R","BOSS"],"build_version":"2018-08-16","purchased_purges":1,"victory":false,"max_hp_per_floor":[80,80,80,80,80,80,80,80,80,80,80,80,80,80,80,80],"card_choices":[{"not_picked":["True Grit","Twin Strike"],"picked":"Warcry","floor":1},{"not_picked":["Searing Blow","Clothesline"],"picked":"Body Slam","floor":2},{"not_picked":["Clash","Cleave"],"picked":"Intimidate","floor":3},{"not_picked":["Clash","Twin Strike","Sword Boomerang"],"picked":"SKIP","floor":7},{"not_picked":["Reckless Charge","Anger","Bloodletting"],"picked":"SKIP","floor":8},{"not_picked":["Warcry","Spot Weakness"],"picked":"Iron Wave","floor":10},{"not_picked":["Headbutt","Pommel Strike"],"picked":"True Grit","floor":12},{"not_picked":["Burning Pact","Berserk","Sword Boomerang"],"picked":"SKIP","floor":13}],"player_experience":29797,"relics_obtained":[{"floor":8,"key":"Old Coin"},{"floor":9,"key":"Ornamental Fan"}],"event_choices":[{"event_name":"Liars Game","player_choice":"agreed","floor":4,"damage_taken":0},{"event_name":"World of Goop","player_choice":"Gather Gold","floor":14,"damage_taken":0}],"is_beta":false,"boss_relics":[],"items_purged_floors":[5],"is_endless":false,"potions_floor_spawned":[2,8,12],"killed_by":"Slime Boss","ascension_level":0}