{"gold_per_floor":[111,128,128,78,95,127,127,127,153,153,179,179,190,202,202,202],"floor_reached":16,"playtime":714,"items_purged":[],"score":105,"play_id":"7abc5ae0-ff74-4227-981d-4ebc1d4d0cfa","local_time":"20180824114340","is_ascension_mode":true,"campfire_choices":[{"floor":7,"key":"REST"},{"floor":15,"key":"REST"}],"neow_cost":"","seed_source_timestamp":1306237226235,"circlet_count":0,"master_deck":["Defend_G","Defend_G","Defend_G","Defend_G","Strike_G+1","Strike_G","Strike_G","Strike_G+1","Survivor","Neutralize+1","Outmaneuver","Catalyst","Dagger Throw","PiercingWail","Crippling Poison"],"relics":["Ring of the Snake","Boot","Regal Pillow","Odd Mushroom","CultistMask"],"potions_floor_usage":[6,6,16,16],"damage_taken":[{"damage":0,"enemies":"Cultist","floor":1,"turns":4},{"damage":0,"enemies":"Jaw Worm","floor":2,"turns":4},{"damage":2,"enemies":"Small Slimes","floor":5,"turns":6},{"damage":44,"enemies":"Lagavulin","floor":6,"turns":13},{"damage":19,"enemies":"The Mushroom Lair","floor":11,"turns":6},{"damage":2,"enemies":"Looter","floor":13,"turns":3},{"damage":0,"enemies":"Blue Slaver","floor":14,"turns":5},{"damage":39,"enemies":"Hexaghost","floor":16,"turns":16}],"seed_played":"567063349789727636","potions_obtained":[{"floor":1,"key":"Fire Potion"},{"floor":2,"key":"Block Potion"},{"floor":6,"key":"Block Potion"},{"floor":14,"key":"Ancient Potion"}],"is_trial":false,"path_per_floor":["M","M","?","?","M","E","R","?","T","?","?","?","M","M","R"],"character_chosen":"THE_SILENT","items_purchased":[],"campfire_rested":2,"item_purchase_floors":[],"current_hp_per_floor":[70,70,63,63,61,17,38,38,38,24,5,5,3,3,39,0],"gold":202,"neow_bonus":"","is_prod":false,"is_daily":false,"chose_seed":false,"campfire_upgraded":0,"win_rate":0,"timestamp":1535100220,"path_taken":["M","M","?","?","?","E","R","?","T","?","?","?","?","M","R","BOSS"],"build_version":"2018-08-23v2","purchased_purges":0,"victory":false,"max_hp_per_floor":[70,70,70,70,70,70,70,70,70,70,70,70,70,70,70,70],"card_choices":[{"not_picked":["Predator","Backflip","Footwork"],"picked":"SKIP","floor":1},{"not_picked":["Eviscerate","Expertise"],"picked":"Outmaneuver","floor":2},{"not_picked":["Acrobatics","Deflect","All Out Attack"],"picked":"SKIP","floor":5},{"not_picked":["Dagger Spray","Tactician"],"picked":"Catalyst","floor":6},{"not_picked":["Finisher","Caltrops"],"picked":"Dagger Throw","floor":11},{"not_picked":["Dodge and Roll","Slice"],"picked":"PiercingWail","floor":13},{"not_picked":["After Image","Slice"],"picked":"Crippling Poison","floor":14}],"player_experience":79359,"relics_obtained":[{"floor":6,"key":"Boot"},{"floor":9,"key":"Regal Pillow"},{"floor":11,"key":"Odd Mushroom"}],"event_choices":[{"event_name":"Golden Wing","player_choice":"Card Removal","floor":3,"damage_taken":0},{"event_name":"The Cleric","player_choice":"Card Removal","floor":4,"damage_taken":0},{"event_name":"Living Wall","player_choice":"Grow","floor":8,"damage_taken":0},{"event_name":"Shining Light","player_choice":"Entered Light","floor":10,"damage_taken":0},{"event_name":"Mushrooms","player_choice":"Fought Mushrooms","floor":11,"damage_taken":0},{"event_name":"FaceTrader","player_choice":"Trade","floor":12,"damage_taken":0}],"is_beta":false,"boss_relics":[],"items_purged_floors":[],"is_endless":false,"potions_floor_spawned":[1,2,6,14],"killed_by":"Hexaghost","ascension_level":1}