{"gold_per_floor":[109,127,141,159,175,210,210,210,210,224,224,224,254,273,273,368,368,380,303,319,329,342,376,388,413,413,196,212,227,247,247,247,346,346,357,357,0,14,33,66,66,66],"floor_reached":42,"playtime":4405,"items_purged":["Strike_R"],"score":511,"play_id":"c50f8f07-1b73-41ae-b94a-393dd5f60f46","local_time":"20180817114323","is_ascension_mode":false,"campfire_choices":[{"data":"Body Slam","floor":8,"key":"SMITH"},{"floor":11,"key":"REST"},{"data":"Body Slam","floor":15,"key":"SMITH"},{"data":"Mind Blast","floor":32,"key":"SMITH"},{"floor":41,"key":"REST"}],"neow_cost":"NONE","seed_source_timestamp":217510952960620,"circlet_count":0,"master_deck":["Strike_R","Strike_R","Strike_R","Defend_R","Defend_R","Bash","Fiend Fire","Shrug It Off","Warcry","Warcry","Body Slam+1","Shrug It Off","Blood for Blood","Body Slam+1","Armaments","Disarm","Juggernaut+1","Cleave","Impervious+1","True Grit+1","J.A.X.+1","Feel No Pain+1","Spot Weakness+1","Infernal Blade+1","Body Slam","Combust+1","Intimidate+1","Mind Blast+1","True Grit+1","Disarm+1","Iron Wave","Second Wind+1","Impervious+1","Uppercut","Flame Barrier+1","Armaments+1","Feel No Pain+1"],"relics":["Black Blood","Charon\u0027s Ashes","Frozen Egg 2","Toxic Egg 2","Gremlin Horn","Self Forming Clay","Orichalcum","Kunai","Runic Cube","Red Mask","Shuriken"],"potions_floor_usage":[6,16,33,33,33,40],"damage_taken":[{"damage":1,"enemies":"Cultist","floor":1,"turns":3},{"damage":2,"enemies":"Small Slimes","floor":2,"turns":3},{"damage":5,"enemies":"Jaw Worm","floor":3,"turns":5},{"damage":7,"enemies":"Blue Slaver","floor":4,"turns":2},{"damage":6,"enemies":"Exordium Wildlife","floor":5,"turns":5},{"damage":54,"enemies":"Lagavulin","floor":6,"turns":13},{"damage":0,"enemies":"Large Slime","floor":10,"turns":5},{"damage":15,"enemies":"3 Sentries","floor":13,"turns":5},{"damage":4,"enemies":"Blue Slaver","floor":14,"turns":3},{"damage":16,"enemies":"Slime Boss","floor":16,"turns":7},{"damage":6,"enemies":"Shell Parasite","floor":18,"turns":9},{"damage":3,"enemies":"Chosen","floor":20,"turns":3},{"damage":16,"enemies":"Snake Plant","floor":21,"turns":4},{"damage":5,"enemies":"Cultist and Chosen","floor":22,"turns":4},{"damage":15,"enemies":"Book of Stabbing","floor":23,"turns":3},{"damage":13,"enemies":"Snecko","floor":24,"turns":5},{"damage":13,"enemies":"Slavers","floor":25,"turns":3},{"damage":0,"enemies":"Snake Plant","floor":28,"turns":4},{"damage":6,"enemies":"Centurion and Healer","floor":29,"turns":4},{"damage":19,"enemies":"Snecko","floor":30,"turns":7},{"damage":25,"enemies":"Collector","floor":33,"turns":5},{"damage":12,"enemies":"3 Shapes","floor":35,"turns":3},{"damage":30,"enemies":"3 Darklings","floor":38,"turns":4},{"damage":15,"enemies":"Spire Growth","floor":39,"turns":4},{"damage":46,"enemies":"Giant Head","floor":40,"turns":9},{"damage":53,"enemies":"Transient","floor":42,"turns":4}],"seed_played":"-2481293098943478055","potions_obtained":[{"floor":1,"key":"Poison Potion"},{"floor":10,"key":"Ancient Potion"},{"floor":13,"key":"Swift Potion"},{"floor":14,"key":"SkillPotion"},{"floor":16,"key":"FearPotion"},{"floor":23,"key":"LiquidBronze"},{"floor":33,"key":"BloodPotion"}],"is_trial":false,"path_per_floor":["M","M","M","M","M","E","?","R","T","M","R","?","E","M","R","B",null,"M","?","M","M","M","E","M","E","T","$","M","M","M","?","R","B",null,"M","?","?","M","M","E","R"],"character_chosen":"IRONCLAD","items_purchased":["Mind Blast","True Grit+1"],"campfire_rested":2,"item_purchase_floors":[27,27],"current_hp_per_floor":[80,80,80,79,79,31,31,31,31,37,61,61,52,54,54,44,80,80,80,80,74,79,74,71,68,68,68,78,80,71,71,71,56,80,78,78,78,58,53,25,49,0],"gold":66,"neow_bonus":"ONE_RANDOM_RARE_CARD","is_prod":false,"is_daily":false,"chose_seed":false,"campfire_upgraded":3,"win_rate":0.0,"timestamp":1534495403,"path_taken":["M","M","?","M","M","E","?","R","T","M","R","?","E","M","R","BOSS","M","?","?","?","M","E","M","E","T","$","M","?","M","?","R","BOSS","M","?","?","M","M","E","R","M"],"build_version":"2018-08-16","purchased_purges":1,"victory":false,"max_hp_per_floor":[80,80,80,80,80,80,80,80,80,80,80,80,80,80,80,80,80,80,80,80,80,80,80,80,80,80,80,80,80,80,80,80,80,80,80,80,80,80,80,80,80,80],"card_choices":[{"not_picked":["Twin Strike","Perfected Strike"],"picked":"Shrug It Off","floor":1},{"not_picked":["Reckless Charge","Heavy Blade"],"picked":"Warcry","floor":2},{"not_picked":["Headbutt","Flame Barrier"],"picked":"Warcry","floor":3},{"not_picked":["Shrug It Off","Combust"],"picked":"Body Slam","floor":4},{"not_picked":["Perfected Strike","Twin Strike"],"picked":"Shrug It Off","floor":5},{"not_picked":["Body Slam","Headbutt"],"picked":"Blood for Blood","floor":6},{"not_picked":["Infernal Blade","Pummel"],"picked":"Armaments","floor":10},{"not_picked":["Clash","Burning Pact"],"picked":"Juggernaut+1","floor":13},{"not_picked":["Sword Boomerang","Anger"],"picked":"Cleave","floor":14},{"not_picked":["Offering+1","Limit Break+1"],"picked":"Impervious+1","floor":16},{"not_picked":["Uppercut","Heavy Blade"],"picked":"True Grit+1","floor":18},{"not_picked":["Perfected Strike","Headbutt"],"picked":"Feel No Pain+1","floor":20},{"not_picked":["Hemokinesis","Uppercut"],"picked":"Spot Weakness+1","floor":21},{"not_picked":["Perfected Strike","Body Slam"],"picked":"Infernal Blade+1","floor":22},{"not_picked":["Cleave","Dropkick"],"picked":"Body Slam","floor":23},{"not_picked":["Rampage","Headbutt"],"picked":"Combust+1","floor":24},{"not_picked":["Clash+1","Twin Strike"],"picked":"Intimidate+1","floor":25},{"not_picked":["Blood for Blood","Sever Soul"],"picked":"Disarm+1","floor":28},{"not_picked":["Sword Boomerang+1","Clash"],"picked":"Iron Wave","floor":29},{"not_picked":["Dropkick","Rampage"],"picked":"Second Wind+1","floor":30},{"not_picked":["Double Tap+1","Limit Break+1"],"picked":"Impervious+1","floor":33},{"not_picked":["Clothesline","Anger"],"picked":"Uppercut","floor":35},{"not_picked":["Clothesline","Heavy Blade"],"picked":"Flame Barrier+1","floor":38},{"not_picked":["Anger","Clothesline"],"picked":"Armaments+1","floor":39},{"not_picked":["Whirlwind","Armaments+1"],"picked":"Feel No Pain+1","floor":40}],"player_experience":8541,"relics_obtained":[{"floor":6,"key":"Charon\u0027s Ashes"},{"floor":9,"key":"Frozen Egg 2"},{"floor":13,"key":"Toxic Egg 2"},{"floor":23,"key":"Gremlin Horn"},{"floor":25,"key":"Self Forming Clay"},{"floor":26,"key":"Orichalcum"},{"floor":40,"key":"Shuriken"}],"event_choices":[{"event_name":"Transmorgrifier","player_choice":"Transform","floor":7,"damage_taken":0},{"event_name":"Living Wall","player_choice":"Change","floor":12,"damage_taken":0},{"event_name":"Drug Dealer","player_choice":"Got JAXXED","floor":19,"damage_taken":0},{"event_name":"The Mausoleum","player_choice":"Yes","floor":31,"damage_taken":0},{"event_name":"Falling","player_choice":"Removed Attack","floor":36,"damage_taken":0},{"event_name":"Tomb of Lord Red Mask","player_choice":"Paid","floor":37,"damage_taken":0}],"is_beta":false,"boss_relics":[{"not_picked":["Calling Bell","Ectoplasm"],"picked":"Black Blood"},{"not_picked":["Cursed Key","Philosopher\u0027s Stone"],"picked":"Runic Cube"}],"items_purged_floors":[27],"is_endless":false,"potions_floor_spawned":[1,10,13,14,16,20,21,22,23,33],"killed_by":"Transient","ascension_level":0}