{"gold_per_floor":[112,132,132,132,145,179,179,190,190,190,39,39,53,0,0,79,79,95,95,15],"floor_reached":20,"playtime":1131,"items_purged":["Strike_B"],"score":334,"play_id":"9f8a8e4b-65f6-46b3-a4b2-168ba212fd67","local_time":"20190611084355","is_ascension_mode":true,"campfire_choices":[{"data":"Hologram","floor":7,"key":"SMITH"},{"data":"Rip and Tear","floor":12,"key":"SMITH"},{"floor":15,"key":"REST"}],"neow_cost":"NONE","seed_source_timestamp":1896086378250644,"circlet_count":0,"master_deck":["AscendersBane","Strike_B","Strike_B","Defend_B","Defend_B","Defend_B","Defend_B","Zap+1","Dualcast","Conserve Battery","Hologram+1","Loop","Rip and Tear+1","Genetic Algorithm","Defragment","Defragment","Biased Cognition","Steam"],"relics":["Cracked Core","Bottled Flame","Singing Bowl","Spirit Poop","Runic Pyramid"],"potions_floor_usage":[16,18,20],"damage_taken":[{"damage":7,"enemies":"Small Slimes","floor":1,"turns":3},{"damage":0,"enemies":"2 Louse","floor":2,"turns":2},{"damage":0,"enemies":"Cultist","floor":5,"turns":4},{"damage":34,"enemies":"Lagavulin","floor":6,"turns":7},{"damage":0,"enemies":"Exordium Wildlife","floor":8,"turns":3},{"damage":9,"enemies":"Red Slaver","floor":13,"turns":2},{"damage":22,"enemies":"Slime Boss","floor":16,"turns":9},{"damage":29,"enemies":"Shell Parasite","floor":18,"turns":5},{"damage":11,"enemies":"2 Thieves","floor":20,"turns":2}],"seed_played":"-1517065544031890612","potions_obtained":[{"floor":6,"key":"Poison Potion"},{"floor":13,"key":"Explosive Potion"},{"floor":16,"key":"SpeedPotion"},{"floor":18,"key":"FearPotion"}],"is_trial":false,"path_per_floor":["M","M","?","?","M","E","R","M","T","?","$","R","M","$","R","B",null,"M","?","M"],"character_chosen":"DEFECT","items_purchased":["Defragment","SkillPotion"],"campfire_rested":1,"item_purchase_floors":[11,14],"current_hp_per_floor":[57,57,57,57,57,23,23,23,23,23,23,23,16,16,37,15,59,30,9,0],"gold":15,"neow_bonus":"UPGRADE_CARD","is_prod":false,"is_daily":false,"chose_seed":false,"campfire_upgraded":2,"win_rate":0,"timestamp":1560257035,"path_taken":["M","M","?","?","?","E","R","M","T","?","$","R","?","?","R","BOSS","M","?","M"],"build_version":"2019-01-23","purchased_purges":1,"victory":false,"max_hp_per_floor":[71,71,71,71,71,71,71,71,71,71,71,71,73,73,73,73,73,73,73,73],"card_choices":[{"not_picked":["Steam","Consume"],"picked":"Conserve Battery","floor":1},{"not_picked":["Turbo","Recycle"],"picked":"Hologram","floor":2},{"not_picked":["Meteor Strike","Sweeping Beam"],"picked":"Rip and Tear","floor":5},{"not_picked":["Sweeping Beam","Fusion"],"picked":"Genetic Algorithm","floor":6},{"not_picked":["Go for the Eyes","Compile Driver"],"picked":"Defragment","floor":8},{"not_picked":["Go for the Eyes","Turbo","Static Discharge"],"picked":"Singing Bowl","floor":13},{"not_picked":["Meteor Strike","Amplify"],"picked":"Biased Cognition","floor":16},{"not_picked":["Melter","Turbo"],"picked":"Steam","floor":18}],"player_experience":793268,"relics_obtained":[{"floor":6,"key":"Bottled Flame"},{"floor":9,"key":"Singing Bowl"}],"event_choices":[{"damage_healed":0,"gold_gain":0,"cards_transformed":["Strike_B"],"player_choice":"Change","damage_taken":0,"max_hp_gain":0,"max_hp_loss":0,"event_name":"Living Wall","floor":3,"gold_loss":0,"cards_obtained":["Loop"]},{"damage_healed":0,"gold_gain":0,"player_choice":"Cursed","damage_taken":0,"max_hp_gain":0,"max_hp_loss":0,"event_name":"Wheel of Change","floor":4,"gold_loss":0,"cards_obtained":["Decay"]},{"cards_removed":["Decay"],"damage_healed":0,"gold_gain":0,"player_choice":"Offered Curse","damage_taken":0,"relics_obtained":["Spirit Poop"],"max_hp_gain":0,"max_hp_loss":0,"event_name":"Bonfire Elementals","floor":10,"gold_loss":0},{"damage_healed":0,"gold_gain":0,"player_choice":"Obtained Book","damage_taken":21,"max_hp_gain":0,"max_hp_loss":0,"event_name":"Cursed Tome","floor":19,"gold_loss":0}],"is_beta":false,"boss_relics":[{"not_picked":["Black Star","Tiny House"],"picked":"Runic Pyramid"}],"items_purged_floors":[11],"is_endless":false,"potions_floor_spawned":[6,13,16,18],"killed_by":"2 Thieves","ascension_level":19}