{"gold_per_floor":[118,131,206,225,225,225,243,193,193,193,210,230,230,240,240,341,341,352,452,452,452,300,300,316,341,641,641,661,123,139,149,149,249,249,268,281,281],"floor_reached":37,"playtime":2327,"items_purged":["Strike_B","Strike_B"],"score":408,"play_id":"508123a8-450f-4efa-8356-56b962a68aa1","local_time":"20180826151828","is_ascension_mode":false,"campfire_choices":[{"data":"White Noise","floor":6,"key":"SMITH"},{"data":"Conserve Battery","floor":10,"key":"SMITH"},{"data":"Dualcast","floor":13,"key":"SMITH"},{"floor":15,"key":"REST"},{"floor":23,"key":"REST"},{"floor":27,"key":"REST"},{"floor":32,"key":"REST"}],"neow_cost":"NONE","seed_source_timestamp":8219069731595,"circlet_count":0,"master_deck":["Strike_B","Strike_B","Defend_B","Defend_B+1","Defend_B+1","Zap+1","Dualcast+1","White Noise+1","Conserve Battery+1","Gash","Gash","Electrodynamics+1","Aggregate+1","Doom and Gloom","Gash","Melter","Loop","Streamline+1","Biased Cognition+1","Capacitor+1","Steam Power+1","Storm+1","Gash","Aggregate+1","Steam+1","Buffer+1","Rebound+1","Gash+1"],"relics":["Cracked Core","Darkstone Periapt","Orrery","Gambling Chip","Frozen Egg 2","Unceasing Top","Old Coin","War Paint","Thread and Needle","Velvet Choker"],"potions_floor_usage":[16,16,25,37,37],"damage_taken":[{"damage":0,"enemies":"2 Louse","floor":1,"turns":3},{"damage":1,"enemies":"Jaw Worm","floor":2,"turns":3},{"damage":0,"enemies":"Cultist","floor":4,"turns":3},{"damage":0,"enemies":"Blue Slaver","floor":7,"turns":4},{"damage":0,"enemies":"Large Slime","floor":11,"turns":6},{"damage":0,"enemies":"3 Louse","floor":12,"turns":3},{"damage":6,"enemies":"Gremlin Gang","floor":14,"turns":4},{"damage":44,"enemies":"The Guardian","floor":16,"turns":11},{"damage":20,"enemies":"2 Thieves","floor":18,"turns":3},{"damage":18,"enemies":"Colosseum Slavers","floor":19,"turns":3},{"damage":34,"enemies":"Colosseum Nobs","floor":19,"turns":5},{"damage":10,"enemies":"Chosen","floor":24,"turns":4},{"damage":20,"enemies":"Gremlin Leader","floor":25,"turns":6},{"damage":0,"enemies":"3 Cultists","floor":28,"turns":2},{"damage":11,"enemies":"Snecko","floor":30,"turns":3},{"damage":11,"enemies":"Snake Plant","floor":31,"turns":3},{"damage":37,"enemies":"Collector","floor":33,"turns":6},{"damage":27,"enemies":"3 Shapes","floor":35,"turns":3},{"damage":30,"enemies":"Flame Bruiser 1 Orb","floor":36,"turns":4},{"damage":29,"enemies":"3 Darklings","floor":37,"turns":3}],"seed_played":"-8911588123982967821","potions_obtained":[{"floor":1,"key":"PowerPotion"},{"floor":11,"key":"AttackPotion"},{"floor":24,"key":"Dexterity Potion"},{"floor":25,"key":"FearPotion"},{"floor":33,"key":"LiquidBronze"},{"floor":36,"key":"Strength Potion"}],"is_trial":false,"path_per_floor":["M","M","?","M","?","R","M","?","T","R","M","M","R","M","R","B",null,"M","?","?","?","$","R","M","E","T","R","M","$","M","M","R","B",null,"M","M"],"character_chosen":"DEFECT","items_purchased":["Capacitor+1","War Paint","Thread and Needle"],"campfire_rested":4,"item_purchase_floors":[22,29,29],"current_hp_per_floor":[82,81,70,70,54,54,54,54,54,54,54,61,61,55,79,35,82,62,10,37,37,37,61,51,31,31,55,55,55,44,33,57,20,82,55,25,0],"gold":281,"neow_bonus":"TEN_PERCENT_HP_BONUS","is_prod":false,"is_daily":false,"chose_seed":false,"campfire_upgraded":3,"win_rate":0.0,"timestamp":1535285908,"path_taken":["M","M","?","M","?","R","?","?","T","R","M","M","R","M","R","BOSS","M","?","?","?","$","R","M","E","T","R","M","$","M","?","R","BOSS","M","M","M"],"build_version":"2018-08-23v2","purchased_purges":2,"victory":false,"max_hp_per_floor":[82,82,82,82,82,82,82,82,82,82,82,82,82,82,82,82,82,82,82,82,82,82,82,82,82,82,82,82,82,82,82,82,82,82,82,82,82],"card_choices":[{"not_picked":["Barrage","Double Energy"],"picked":"White Noise","floor":1},{"not_picked":["Gash","Compile Driver"],"picked":"Conserve Battery","floor":2},{"not_picked":["Gash","Sweeping Beam","Go for the Eyes"],"picked":"SKIP","floor":4},{"not_picked":["Stack","Steam"],"picked":"Gash","floor":7},{"not_picked":["Cold Snap","Genetic Algorithm","Rebound"],"picked":"SKIP","floor":11},{"not_picked":["Rip and Tear","Defragment","Cold Snap"],"picked":"SKIP","floor":12},{"not_picked":["Sweeping Beam","Reinforced Body"],"picked":"Gash","floor":14},{"not_picked":["Fission","Seek"],"picked":"Electrodynamics","floor":16},{"not_picked":["Go for the Eyes","Skim"],"picked":"Aggregate","floor":17},{"not_picked":["Rip and Tear","Go for the Eyes"],"picked":"Doom and Gloom","floor":17},{"not_picked":["Skim","Loop"],"picked":"Gash","floor":17},{"not_picked":["Hologram","Beam Cell"],"picked":"Melter","floor":17},{"not_picked":["Chill","Sweeping Beam"],"picked":"Loop","floor":17},{"not_picked":["Redo","Compile Driver"],"picked":"Streamline+1","floor":18},{"not_picked":["Coolheaded","Barrage"],"picked":"Biased Cognition","floor":19},{"not_picked":["Barrage","Beam Cell"],"picked":"Steam Power+1","floor":24},{"not_picked":["Streamline+1","Undo"],"picked":"Storm+1","floor":25},{"not_picked":["Reprogram","Coolheaded"],"picked":"Gash","floor":28},{"not_picked":["Stack+1","Scrape"],"picked":"Aggregate+1","floor":30},{"not_picked":["Streamline","Compile Driver"],"picked":"Steam+1","floor":31},{"not_picked":["Multi-Cast","Seek"],"picked":"Buffer+1","floor":33},{"not_picked":["Compile Driver","Heatsinks+1"],"picked":"Rebound+1","floor":35},{"not_picked":["Reprogram+1","Doom and Gloom"],"picked":"Gash+1","floor":36}],"player_experience":94520,"relics_obtained":[{"floor":9,"key":"Darkstone Periapt"},{"floor":19,"key":"Gambling Chip"},{"floor":19,"key":"Frozen Egg 2"},{"floor":25,"key":"Unceasing Top"},{"floor":26,"key":"Old Coin"}],"event_choices":[{"event_name":"World of Goop","player_choice":"Gather Gold","floor":3,"damage_taken":0},{"event_name":"Shining Light","player_choice":"Entered Light","floor":5,"damage_taken":0},{"event_name":"The Cleric","player_choice":"Card Removal","floor":8,"damage_taken":0},{"event_name":"Colosseum","player_choice":"Fight","floor":19,"damage_taken":0},{"event_name":"Colosseum","player_choice":"Fought Nobs","floor":19,"damage_taken":0},{"event_name":"The Library","player_choice":"Heal","floor":20,"damage_taken":0},{"event_name":"Accursed Blacksmith","player_choice":"Forge","floor":21,"damage_taken":0}],"is_beta":false,"boss_relics":[{"not_picked":["Astrolabe","Fusion Hammer"],"picked":"Orrery"},{"not_picked":["Busted Crown","White Beast Statue"],"picked":"Velvet Choker"}],"items_purged_floors":[22,29],"is_endless":false,"potions_floor_spawned":[1,11,19,24,25,33,36],"killed_by":"3 Darklings","ascension_level":0}