{"gold_per_floor":[116,146,166,166,179,193,208,208,235,197,197],"floor_reached":11,"playtime":419,"items_purged":[],"score":88,"play_id":"3e21486b-0feb-4c32-95e1-016a7b43d10b","local_time":"20190606182805","is_ascension_mode":true,"campfire_choices":[],"neow_cost":"NONE","seed_source_timestamp":338363676959500,"circlet_count":0,"master_deck":["Strike_R","Strike_R","Strike_R","Strike_R","Defend_R","Defend_R","Defend_R","Defend_R","Bash","True Grit","Injury","Armaments","Ghostly Armor"],"relics":["Burning Blood","Tiny Chest","Golden Idol","Bag of Marbles"],"potions_floor_usage":[6],"damage_taken":[{"damage":8,"enemies":"2 Louse","floor":1,"turns":4},{"damage":9,"enemies":"Small Slimes","floor":3,"turns":4},{"damage":8,"enemies":"Jaw Worm","floor":5,"turns":6},{"damage":45,"enemies":"Gremlin Gang","floor":6,"turns":10},{"damage":4,"enemies":"2 Fungi Beasts","floor":7,"turns":5},{"damage":15,"enemies":"3 Sentries","floor":11,"turns":6}],"seed_played":"-2332273141322717878","potions_obtained":[{"floor":1,"key":"FearPotion"},{"floor":3,"key":"Energy Potion"},{"floor":7,"key":"FearPotion"}],"is_trial":false,"path_per_floor":["M","?","M","?","M","M","M","?","T","?","E"],"character_chosen":"IRONCLAD","items_purchased":[],"campfire_rested":0,"item_purchase_floors":[],"current_hp_per_floor":[78,66,63,63,61,22,24,17,17,17,2],"gold":197,"neow_bonus":"TEN_PERCENT_HP_BONUS","is_prod":false,"is_daily":false,"chose_seed":false,"campfire_upgraded":0,"win_rate":0,"timestamp":1559834885,"path_taken":["M","?","M","?","M","M","M","?","T","?","E"],"build_version":"2019-01-23","purchased_purges":0,"victory":false,"max_hp_per_floor":[88,88,88,88,88,88,88,88,88,88,88],"card_choices":[{"not_picked":["Dropkick","Sever Soul"],"picked":"True Grit","floor":1},{"not_picked":["Sword Boomerang","Anger","Dual Wield"],"picked":"SKIP","floor":3},{"not_picked":["Dual Wield","Wild Strike","Searing Blow"],"picked":"SKIP","floor":5},{"not_picked":["Pommel Strike","Sword Boomerang"],"picked":"Armaments","floor":6},{"not_picked":["Metallicize","Cleave"],"picked":"Ghostly Armor","floor":7}],"player_experience":169198,"relics_obtained":[{"floor":9,"key":"Bag of Marbles"}],"event_choices":[{"damage_healed":0,"gold_gain":0,"player_choice":"Success","damage_taken":12,"relics_obtained":["Tiny Chest"],"max_hp_gain":0,"max_hp_loss":0,"event_name":"Scrap Ooze","floor":2,"gold_loss":0},{"damage_healed":0,"gold_gain":0,"player_choice":"Take Wound","damage_taken":0,"relics_obtained":["Golden Idol"],"max_hp_gain":0,"max_hp_loss":0,"event_name":"Golden Idol","floor":4,"gold_loss":0,"cards_obtained":["Injury"]},{"cards_removed":["Strike_R"],"damage_healed":0,"gold_gain":0,"player_choice":"Card Removal","damage_taken":7,"max_hp_gain":0,"max_hp_loss":0,"event_name":"Golden Wing","floor":8,"gold_loss":0},{"damage_healed":0,"gold_gain":0,"player_choice":"Left Gold","damage_taken":0,"max_hp_gain":0,"max_hp_loss":0,"event_name":"World of Goop","floor":10,"gold_loss":38}],"is_beta":false,"boss_relics":[],"items_purged_floors":[],"is_endless":false,"potions_floor_spawned":[1,3,7],"killed_by":"3 Sentries","ascension_level":7}