{"gold_per_floor":[17,17,17,17,30,30,44,60,139,171,202,214,226,250,262,370,382,405,507,519],"floor_reached":20,"playtime":576,"items_purged":[],"score":235,"play_id":"8b6b1cb3-0016-4ed1-8431-5e26a05859eb","local_time":"20190610102824","is_ascension_mode":true,"campfire_choices":[{"data":"Cleave","floor":6,"key":"SMITH"},{"data":"Demon Form","floor":12,"key":"SMITH"},{"data":"Shrug It Off","floor":15,"key":"SMITH"}],"neow_cost":"NO_GOLD","seed_source_timestamp":308710360652600,"circlet_count":0,"master_deck":["Strike_R","Strike_R","Strike_R","Defend_R","Defend_R","Defend_R","Bash+1","Cleave+1","Infernal Blade","Demon Form+1","Shrug It Off+1","Reaper"],"relics":["Burning Blood","Bottled Flame","MawBank","Black Star"],"potions_floor_usage":[16,18,20],"damage_taken":[{"damage":9,"enemies":"Jaw Worm","floor":1,"turns":4},{"damage":1,"enemies":"Cultist","floor":5,"turns":3},{"damage":7,"enemies":"Small Slimes","floor":7,"turns":3},{"damage":7,"enemies":"Gremlin Gang","floor":8,"turns":3},{"damage":13,"enemies":"Gremlin Nob","floor":10,"turns":3},{"damage":14,"enemies":"3 Louse","floor":11,"turns":2},{"damage":17,"enemies":"Looter","floor":14,"turns":3},{"damage":43,"enemies":"The Guardian","floor":16,"turns":10},{"damage":29,"enemies":"Spheric Guardian","floor":18,"turns":7},{"damage":36,"enemies":"3 Byrds","floor":20,"turns":3}],"seed_played":"2336824719019493340","potions_obtained":[{"floor":1,"key":"Ancient Potion"},{"floor":5,"key":"Weak Potion"},{"floor":16,"key":"Block Potion"},{"floor":18,"key":"Poison Potion"}],"is_trial":false,"path_per_floor":["M","?","$","?","M","R","M","M","T","E","M","R","?","M","R","B",null,"M","?","M"],"character_chosen":"IRONCLAD","items_purchased":[],"campfire_rested":0,"item_purchase_floors":[],"current_hp_per_floor":[69,69,69,62,67,67,66,65,65,58,50,50,80,69,69,32,68,45,29,0],"gold":519,"neow_bonus":"REMOVE_TWO","is_prod":false,"is_daily":false,"chose_seed":false,"campfire_upgraded":3,"win_rate":0,"timestamp":1560151704,"path_taken":["M","?","?","?","M","R","M","M","T","E","?","R","?","?","R","BOSS","M","?","?"],"build_version":"2019-01-23","purchased_purges":0,"victory":false,"max_hp_per_floor":[80,80,80,80,80,80,80,80,80,80,80,80,80,80,80,80,80,80,80,80],"card_choices":[{"not_picked":["Rampage","Perfected Strike"],"picked":"Cleave","floor":1},{"not_picked":["Rampage","Wild Strike","Intimidate"],"picked":"SKIP","floor":5},{"not_picked":["Headbutt","Sword Boomerang","Flex"],"picked":"SKIP","floor":7},{"not_picked":["Anger","Searing Blow"],"picked":"Infernal Blade","floor":8},{"not_picked":["Havoc","Clothesline"],"picked":"Demon Form","floor":10},{"not_picked":["Cleave","Havoc"],"picked":"Metallicize","floor":11},{"not_picked":["Body Slam","Clash"],"picked":"Shrug It Off","floor":14},{"not_picked":["Exhume","Berserk"],"picked":"Reaper","floor":16},{"not_picked":["Reckless Charge","Twin Strike","Cleave"],"picked":"SKIP","floor":18}],"player_experience":179144,"relics_obtained":[{"floor":9,"key":"Bottled Flame"},{"floor":10,"key":"MawBank"}],"event_choices":[{"damage_healed":0,"gold_gain":0,"player_choice":"Upgraded","damage_taken":0,"max_hp_gain":0,"max_hp_loss":0,"event_name":"Upgrade Shrine","floor":2,"gold_loss":0,"cards_upgraded":["Bash"]},{"cards_removed":["Strike_R"],"damage_healed":0,"gold_gain":0,"player_choice":"Card Removal","damage_taken":7,"max_hp_gain":0,"max_hp_loss":0,"event_name":"Golden Wing","floor":4,"gold_loss":0},{"cards_removed":["Metallicize"],"damage_healed":30,"gold_gain":0,"player_choice":"Offered Uncommon","damage_taken":0,"max_hp_gain":0,"max_hp_loss":0,"event_name":"Bonfire Elementals","floor":13,"gold_loss":0},{"damage_healed":0,"gold_gain":90,"player_choice":"GOLD ","damage_taken":16,"max_hp_gain":0,"max_hp_loss":0,"event_name":"Knowing Skull","floor":19,"potions_obtained":[],"gold_loss":0,"cards_obtained":[]}],"is_beta":false,"boss_relics":[{"not_picked":["Tiny House","Orrery"],"picked":"Black Star"}],"items_purged_floors":[],"is_endless":false,"potions_floor_spawned":[1,5,16,18],"killed_by":"3 Byrds","ascension_level":7}