{"gold_per_floor":[118,133,147,147,159,159,194,194,194,220,220,230,230,240,240,345,345,361,391,88,98,111,111,128,78,159,159,190,203,203,203,203,203],"floor_reached":33,"playtime":1534,"items_purged":["Clash","Sword Boomerang"],"score":319,"play_id":"303deba3-c584-4094-933f-f6e847f707e4","local_time":"20180829021808","is_ascension_mode":true,"campfire_choices":[{"data":"Shockwave","floor":6,"key":"SMITH"},{"data":"Iron Wave","floor":8,"key":"SMITH"},{"data":"Body Slam","floor":11,"key":"SMITH"},{"floor":15,"key":"REST"},{"floor":23,"key":"REST"},{"floor":27,"key":"REST"},{"floor":30,"key":"REST"},{"data":"Uppercut","floor":32,"key":"SMITH"}],"neow_cost":"NONE","seed_source_timestamp":221392335372295,"circlet_count":0,"master_deck":["Bash","Perfected Strike","Whirlwind+1","Shockwave+1","Ghostly Armor","Iron Wave+1","Body Slam+1","Uppercut+1","Impervious","Carnage","Infernal Blade","Spot Weakness","Warcry","Headbutt","Heavy Blade","Disarm+1","Flex+1"],"relics":["Burning Blood","Smiling Mask","Matryoshka","Dead Branch","Pandora\u0027s Box","Tiny Chest","Paper Frog","Lantern","Toxic Egg 2","Bag of Preparation"],"potions_floor_usage":[16,22,29,33,33],"damage_taken":[{"damage":7,"enemies":"2 Louse","floor":1,"turns":4},{"damage":10,"enemies":"Small Slimes","floor":2,"turns":3},{"damage":1,"enemies":"Cultist","floor":3,"turns":3},{"damage":0,"enemies":"3 Louse","floor":5,"turns":1},{"damage":18,"enemies":"Gremlin Nob","floor":7,"turns":5},{"damage":28,"enemies":"3 Sentries","floor":10,"turns":8},{"damage":0,"enemies":"Lots of Slimes","floor":12,"turns":1},{"damage":21,"enemies":"Large Slime","floor":14,"turns":5},{"damage":38,"enemies":"The Guardian","floor":16,"turns":15},{"damage":14,"enemies":"3 Byrds","floor":18,"turns":5},{"damage":34,"enemies":"Shell Parasite","floor":21,"turns":4},{"damage":18,"enemies":"Snecko","floor":22,"turns":5},{"damage":5,"enemies":"Chosen and Byrds","floor":24,"turns":6},{"damage":41,"enemies":"Slavers","floor":28,"turns":4},{"damage":12,"enemies":"Sentry and Sphere","floor":29,"turns":5},{"damage":73,"enemies":"Collector","floor":33,"turns":8}],"seed_played":"7930242242841967089","potions_obtained":[{"floor":3,"key":"GamblersBrew"},{"floor":12,"key":"BloodPotion"},{"floor":14,"key":"Swift Potion"},{"floor":22,"key":"Poison Potion"},{"floor":29,"key":"Explosive Potion"}],"is_trial":false,"path_per_floor":["M","M","M","?","M","R","E","R","T","E","R","M","?","M","R","B",null,"M","?","$","M","M","R","M","$","T","R","E","M","R","?","R"],"character_chosen":"IRONCLAD","items_purchased":["Paper Frog"],"campfire_rested":4,"item_purchase_floors":[20],"current_hp_per_floor":[79,75,80,80,80,80,68,68,68,46,46,52,52,37,61,29,80,72,72,72,44,32,56,57,57,57,80,45,39,63,63,63,0],"gold":203,"neow_bonus":"REMOVE_CARD","is_prod":false,"is_daily":false,"chose_seed":false,"campfire_upgraded":4,"win_rate":0,"timestamp":1535498288,"path_taken":["M","M","M","?","M","R","E","R","T","E","R","?","?","M","R","BOSS","M","?","$","M","?","R","M","$","T","R","E","M","R","?","R","BOSS"],"build_version":"2018-08-23v2","purchased_purges":2,"victory":false,"max_hp_per_floor":[80,80,80,80,80,80,80,80,80,80,80,80,80,80,80,80,80,80,80,80,80,80,80,80,80,80,80,80,80,80,80,80,80],"card_choices":[{"not_picked":["Body Slam","Sword Boomerang"],"picked":"Perfected Strike","floor":1},{"not_picked":["Pommel Strike","Twin Strike"],"picked":"Whirlwind","floor":2},{"not_picked":["Sentinel","Battle Trance"],"picked":"Shockwave","floor":3},{"not_picked":["Wild Strike","Sword Boomerang"],"picked":"Ghostly Armor","floor":5},{"not_picked":["Infernal Blade","Sword Boomerang"],"picked":"Iron Wave","floor":7},{"not_picked":["Iron Wave","Twin Strike"],"picked":"Body Slam","floor":10},{"not_picked":["Pommel Strike","Wild Strike","Anger"],"picked":"SKIP","floor":12},{"not_picked":["Warcry","Clothesline"],"picked":"Uppercut","floor":14},{"not_picked":["Dark Embrace","Exhume"],"picked":"Impervious","floor":16},{"not_picked":["Headbutt","Uppercut","Havoc"],"picked":"SKIP","floor":18},{"not_picked":["Bloodletting","Rupture+1","Cleave"],"picked":"SKIP","floor":21},{"not_picked":["Wild Strike+1","Twin Strike"],"picked":"Heavy Blade","floor":22},{"not_picked":["Feel No Pain","Anger+1","Perfected Strike"],"picked":"SKIP","floor":24},{"not_picked":["Fire Breathing","Seeing Red+1"],"picked":"Disarm+1","floor":28},{"not_picked":["Twin Strike","True Grit+1"],"picked":"Flex+1","floor":29}],"player_experience":126125,"relics_obtained":[{"floor":7,"key":"Smiling Mask"},{"floor":9,"key":"Matryoshka"},{"floor":10,"key":"Dead Branch"},{"floor":26,"key":"Lantern"},{"floor":26,"key":"Toxic Egg 2"},{"floor":28,"key":"Bag of Preparation"}],"event_choices":[{"event_name":"Living Wall","player_choice":"Grow","floor":4,"damage_taken":0},{"event_name":"Purifier","player_choice":"One Purge","floor":13,"damage_taken":0},{"event_name":"The Mausoleum","player_choice":"Yes","floor":19,"damage_taken":0},{"event_name":"Ghosts","player_choice":"Ignored","floor":31,"damage_taken":0}],"is_beta":false,"boss_relics":[{"not_picked":["Snecko Eye","Black Blood"],"picked":"Pandora\u0027s Box"}],"items_purged_floors":[20,25],"is_endless":false,"potions_floor_spawned":[3,12,14,22,29],"killed_by":"Collector","ascension_level":3}