{"gold_per_floor":[215,230,243,256,12,12,40,40,40,40,51,64,64,75,75,171,171,187,187,204,219,233,233,233,266,266,266,286,286],"floor_reached":29,"playtime":1172,"items_purged":[],"score":274,"play_id":"6c7f1f72-3cf8-463e-9516-14500202c491","local_time":"20180828115842","is_ascension_mode":true,"campfire_choices":[{"data":"Sunder","floor":6,"key":"SMITH"},{"floor":10,"key":"REST"},{"floor":13,"key":"REST"},{"data":"Static Discharge","floor":15,"key":"SMITH"},{"floor":24,"key":"REST"},{"floor":27,"key":"REST"}],"neow_cost":"NONE","seed_source_timestamp":170189626928830,"circlet_count":0,"master_deck":["Strike_B","Strike_B","Strike_B","Defend_B","Defend_B","Defend_B","Zap","Dualcast","Static Discharge+1","Sweeping Beam","Sunder+1","Buffer","Conserve Battery","Streamline+1","Ball Lightning+1","Meteor Strike+1","Tempest+1","Static Discharge+1","Ball Lightning+1","Conserve Battery","Scrape+1","Electrodynamics","Redo"],"relics":["Cracked Core","Molten Egg 2","Darkstone Periapt","StoneCalendar","Inserter","Turnip","Regal Pillow"],"potions_floor_usage":[7,12,18,21,21,22],"damage_taken":[{"damage":2,"enemies":"Jaw Worm","floor":1,"turns":3},{"damage":1,"enemies":"Cultist","floor":2,"turns":4},{"damage":2,"enemies":"2 Louse","floor":3,"turns":2},{"damage":9,"enemies":"Red Slaver","floor":4,"turns":4},{"damage":22,"enemies":"3 Sentries","floor":7,"turns":5},{"damage":12,"enemies":"2 Fungi Beasts","floor":11,"turns":3},{"damage":22,"enemies":"Exordium Thugs","floor":12,"turns":3},{"damage":4,"enemies":"Looter","floor":14,"turns":2},{"damage":20,"enemies":"The Guardian","floor":16,"turns":7},{"damage":28,"enemies":"Shell Parasite","floor":18,"turns":5},{"damage":5,"enemies":"Chosen","floor":20,"turns":4},{"damage":22,"enemies":"Centurion and Healer","floor":21,"turns":6},{"damage":16,"enemies":"3 Cultists","floor":22,"turns":3},{"damage":22,"enemies":"Book of Stabbing","floor":25,"turns":4},{"damage":19,"enemies":"Cultist and Chosen","floor":28,"turns":3},{"damage":36,"enemies":"Snecko","floor":29,"turns":3}],"seed_played":"-6089655048289789050","potions_obtained":[{"floor":1,"key":"Regen Potion"},{"floor":3,"key":"Swift Potion"},{"floor":12,"key":"Strength Potion"},{"floor":16,"key":"EssenceOfSteel"},{"floor":18,"key":"Poison Potion"},{"floor":21,"key":"Strength Potion"}],"is_trial":false,"path_per_floor":["M","M","M","M","$","R","E","?","T","R","M","M","R","M","R","B",null,"M","?","M","M","M","?","R","E","T","R","M"],"character_chosen":"DEFECT","items_purchased":["Molten Egg 2"],"campfire_rested":4,"item_purchase_floors":[5],"current_hp_per_floor":[73,72,70,61,61,61,39,39,39,61,49,36,58,54,54,34,75,47,47,42,20,4,4,26,4,4,41,22,0],"gold":286,"neow_bonus":"HUNDRED_GOLD","is_prod":false,"is_daily":false,"chose_seed":false,"campfire_upgraded":2,"win_rate":0,"timestamp":1535446722,"path_taken":["M","M","M","M","$","R","E","?","T","R","M","M","R","M","R","BOSS","M","?","M","M","M","?","R","E","T","R","M","?"],"build_version":"2018-08-23v2","purchased_purges":0,"victory":false,"max_hp_per_floor":[75,75,75,75,75,75,75,75,75,75,75,75,75,75,75,75,75,75,75,75,75,75,75,75,75,75,75,75,75],"card_choices":[{"not_picked":["Redo","Auto Shields"],"picked":"Static Discharge","floor":1},{"not_picked":["Reinforced Body","Compile Driver"],"picked":"Sweeping Beam","floor":2},{"not_picked":["Rebound","Fusion","Stack"],"picked":"SKIP","floor":3},{"not_picked":["Compile Driver","Gash"],"picked":"Sunder","floor":4},{"not_picked":["Cold Snap+1","Reprogram"],"picked":"Buffer","floor":7},{"not_picked":["Beam Cell+1","Hello World"],"picked":"Conserve Battery","floor":11},{"not_picked":["Recycle","Gash+1"],"picked":"Streamline+1","floor":12},{"not_picked":["Hologram","Barrage+1"],"picked":"Ball Lightning+1","floor":14},{"not_picked":["Biased Cognition","Hyperbeam+1"],"picked":"Meteor Strike+1","floor":16},{"not_picked":["Cold Snap+1","Beam Cell+1"],"picked":"Tempest+1","floor":18},{"not_picked":["Go for the Eyes+1","Streamline+1","Gash+1"],"picked":"SKIP","floor":20},{"not_picked":["Aggregate","Chaos+1"],"picked":"Ball Lightning+1","floor":21},{"not_picked":["Streamline+1","Double Energy"],"picked":"Conserve Battery","floor":22},{"not_picked":["Self Repair","Leap+1"],"picked":"Electrodynamics","floor":25},{"not_picked":["Streamline+1","Sweeping Beam+1"],"picked":"Redo","floor":28}],"player_experience":109470,"relics_obtained":[{"floor":7,"key":"Darkstone Periapt"},{"floor":9,"key":"StoneCalendar"},{"floor":25,"key":"Turnip"},{"floor":26,"key":"Regal Pillow"}],"event_choices":[{"event_name":"Purifier","player_choice":"One Purge","floor":8,"damage_taken":0},{"event_name":"Duplicator","player_choice":"One dupe","floor":19,"damage_taken":0},{"event_name":"Transmorgrifier","player_choice":"Transform","floor":23,"damage_taken":0}],"is_beta":false,"boss_relics":[{"not_picked":["Astrolabe","Sozu"],"picked":"Inserter"}],"items_purged_floors":[],"is_endless":false,"potions_floor_spawned":[1,3,12,16,18,21],"killed_by":"Snecko","ascension_level":2}