{"gold_per_floor":[116,116,116,140,159,177,208,208,231,231,245,258,278,291,291,421,421,441,456,456,477,477,518,531,531,556,59,74,74,74,93,93,93],"floor_reached":33,"playtime":2346,"items_purged":["Defend_R"],"score":323,"play_id":"c4ab2513-7dda-4891-b0a6-f6091b309a72","local_time":"20180818013847","is_ascension_mode":false,"campfire_choices":[{"data":"Reaper","floor":10,"key":"SMITH"},{"data":"Impervious","floor":15,"key":"SMITH"},{"data":"Juggernaut","floor":25,"key":"SMITH"},{"data":"Rage","floor":29,"key":"SMITH"},{"floor":32,"key":"REST"}],"neow_cost":"","seed_source_timestamp":269702625183100,"circlet_count":0,"master_deck":["Strike_R","Strike_R","Strike_R","Strike_R","Strike_R","Defend_R","Defend_R","Defend_R","Bash","Clothesline","Injury","Anger","Entrench","Thunderclap","Reaper+1","True Grit","Corruption","Thunderclap","Impervious+1","Juggernaut+1","Warcry","Disarm","Shrug It Off","Rage+1","Warcry","Sever Soul+1","Metallicize+1","Dark Shackles","Blind","Trip","Flash of Steel","Swift Strike","Headbutt","Ghostly","Ghostly","Ghostly","Ghostly","Ghostly","Rupture+1","Rage+1","Brutality","Shrug It Off+1","Secret Technique+1","Deep Breath+1","Hemokinesis","Offering+1"],"relics":["Burning Blood","Golden Idol","Charon\u0027s Ashes","Self Forming Clay","Bag of Marbles","Orrery","Toxic Egg 2","Vajra"],"potions_floor_usage":[7,16,16,16,33],"damage_taken":[{"damage":1,"enemies":"Cultist","floor":1,"turns":3},{"damage":3,"enemies":"Jaw Worm","floor":4,"turns":5},{"damage":5,"enemies":"2 Louse","floor":5,"turns":2},{"damage":19,"enemies":"2 Fungi Beasts","floor":6,"turns":5},{"damage":26,"enemies":"3 Sentries","floor":7,"turns":5},{"damage":6,"enemies":"Exordium Wildlife","floor":11,"turns":2},{"damage":6,"enemies":"3 Louse","floor":12,"turns":2},{"damage":7,"enemies":"Blue Slaver","floor":13,"turns":3},{"damage":13,"enemies":"Red Slaver","floor":14,"turns":2},{"damage":48,"enemies":"Slime Boss","floor":16,"turns":9},{"damage":12,"enemies":"Spheric Guardian","floor":18,"turns":6},{"damage":18,"enemies":"3 Byrds","floor":19,"turns":3},{"damage":19,"enemies":"Snake Plant","floor":21,"turns":5},{"damage":8,"enemies":"Book of Stabbing","floor":23,"turns":8},{"damage":4,"enemies":"Cultist and Chosen","floor":24,"turns":7},{"damage":19,"enemies":"Snecko","floor":28,"turns":8},{"damage":17,"enemies":"Snake Plant","floor":31,"turns":4},{"damage":39,"enemies":"Automaton","floor":33,"turns":8}],"seed_played":"-4187107065729510725","potions_obtained":[{"floor":1,"key":"FearPotion"},{"floor":5,"key":"PowerPotion"},{"floor":6,"key":"SkillPotion"},{"floor":11,"key":"SteroidPotion"},{"floor":13,"key":"PowerPotion"},{"floor":24,"key":"Dexterity Potion"},{"floor":28,"key":"Energy Potion"}],"is_trial":false,"path_per_floor":["M","?","?","M","M","M","E","T","T","R","M","M","M","M","R","B",null,"M","M","?","M","?","E","M","R","T","$","M","R","?","M","R"],"character_chosen":"IRONCLAD","items_purchased":["Brutality","Shrug It Off+1","Secret Technique+1","Deep Breath+1"],"campfire_rested":1,"item_purchase_floors":[27,27,27,27],"current_hp_per_floor":[80,80,85,85,85,72,52,52,52,52,63,73,77,70,70,38,85,79,75,27,14,14,19,27,27,27,27,20,20,20,9,21,0],"gold":93,"neow_bonus":"","is_prod":false,"is_daily":false,"chose_seed":false,"campfire_upgraded":4,"win_rate":0.0,"timestamp":1534545527,"path_taken":["M","?","?","M","M","M","E","?","T","R","M","M","M","M","R","BOSS","M","M","?","M","?","E","M","R","T","$","M","R","?","M","R","BOSS"],"build_version":"2018-08-16","purchased_purges":1,"victory":false,"max_hp_per_floor":[80,80,85,85,85,85,85,85,85,85,85,85,85,85,85,85,85,85,85,85,85,42,42,42,42,42,42,42,42,42,42,42,42],"card_choices":[{"not_picked":["Inflame","Perfected Strike"],"picked":"Clothesline","floor":1},{"not_picked":["Flex","Thunderclap"],"picked":"Anger","floor":4},{"not_picked":["Sword Boomerang","True Grit"],"picked":"Entrench","floor":5},{"not_picked":["Heavy Blade","Headbutt"],"picked":"Thunderclap","floor":6},{"not_picked":["Metallicize","Sword Boomerang"],"picked":"Reaper","floor":7},{"not_picked":["Pommel Strike","Sword Boomerang"],"picked":"True Grit","floor":11},{"not_picked":["Cleave","Clash"],"picked":"Corruption","floor":12},{"not_picked":["Whirlwind","Clothesline"],"picked":"Thunderclap","floor":13},{"not_picked":["Shockwave","Headbutt"],"picked":"Impervious","floor":14},{"not_picked":["Brutality","Limit Break"],"picked":"Juggernaut","floor":16},{"not_picked":["Pommel Strike","Thunderclap"],"picked":"Warcry","floor":17},{"not_picked":["Combust","Rampage"],"picked":"Disarm","floor":17},{"not_picked":["Pommel Strike","Flex"],"picked":"Shrug It Off","floor":17},{"not_picked":["Thunderclap","Clothesline"],"picked":"Rage","floor":17},{"not_picked":["True Grit","Reckless Charge"],"picked":"Warcry","floor":17},{"not_picked":["Twin Strike","Perfected Strike"],"picked":"Sever Soul+1","floor":18},{"not_picked":["Rage","Perfected Strike"],"picked":"Metallicize+1","floor":19},{"not_picked":["Sword Boomerang","True Grit"],"picked":"Headbutt","floor":21},{"not_picked":["Warcry","Perfected Strike+1"],"picked":"Rupture+1","floor":23},{"not_picked":["Hemokinesis","Thunderclap+1"],"picked":"Rage+1","floor":24},{"not_picked":["Sword Boomerang","Twin Strike"],"picked":"Hemokinesis","floor":28},{"not_picked":["Rupture","Heavy Blade"],"picked":"Offering+1","floor":31}],"player_experience":19383,"relics_obtained":[{"floor":7,"key":"Charon\u0027s Ashes"},{"floor":8,"key":"Self Forming Clay"},{"floor":9,"key":"Bag of Marbles"},{"floor":23,"key":"Toxic Egg 2"},{"floor":26,"key":"Vajra"}],"event_choices":[{"event_name":"Golden Idol","player_choice":"Take Wound","floor":2,"damage_taken":0},{"event_name":"Big Fish","player_choice":"Donut","floor":3,"damage_taken":0},{"event_name":"Knowing Skull","player_choice":"CARD CARD CARD CARD CARD ","floor":20,"damage_taken":0},{"event_name":"Ghosts","player_choice":"Became a Ghost","floor":22,"damage_taken":0},{"event_name":"Beggar","player_choice":"Ignored","floor":30,"damage_taken":0}],"is_beta":false,"boss_relics":[{"not_picked":["Busted Crown","Ectoplasm"],"picked":"Orrery"}],"items_purged_floors":[27],"is_endless":false,"potions_floor_spawned":[1,5,6,11,13,24,28],"killed_by":"Automaton","ascension_level":0}