{"gold_per_floor":[113,131,131,156,156,156,156,199,225,260,260,278,294,294,294,413,413,426,606,29,52,77,77],"floor_reached":23,"playtime":965,"items_purged":[],"score":221,"play_id":"2060e00b-c3b8-4eb9-9adf-7a9f396edf1f","local_time":"20180828121639","is_ascension_mode":true,"campfire_choices":[{"data":"Electrodynamics","floor":6,"key":"SMITH"},{"floor":15,"key":"REST"}],"neow_cost":"TEN_PERCENT_HP_LOSS","seed_source_timestamp":171473934398878,"circlet_count":0,"master_deck":["Strike_B","Strike_B","Strike_B","Defend_B","Defend_B","Defend_B","Defend_B","Zap","Dualcast","Conserve Battery+1","Redo+1","Capacitor","Ball Lightning","Electrodynamics+1","BootSequence","Amplify+1","Chaos+1","White Noise+1","Double Energy+1","Static Discharge","Turbo+1","Redo+1","Rebound+1"],"relics":["Cracked Core","Prayer Wheel","Golden Idol","Bag of Preparation","Strawberry","Pear","Toxic Egg 2","Philosopher\u0027s Stone","Oddly Smooth Stone","Gremlin Horn"],"potions_floor_usage":[8,8],"damage_taken":[{"damage":0,"enemies":"2 Louse","floor":1,"turns":3},{"damage":0,"enemies":"Small Slimes","floor":2,"turns":3},{"damage":4,"enemies":"Jaw Worm","floor":4,"turns":4},{"damage":15,"enemies":"Gremlin Nob","floor":8,"turns":4},{"damage":13,"enemies":"3 Sentries","floor":10,"turns":3},{"damage":3,"enemies":"Blue Slaver","floor":12,"turns":3},{"damage":15,"enemies":"Lots of Slimes","floor":13,"turns":2},{"damage":32,"enemies":"The Guardian","floor":16,"turns":10},{"damage":6,"enemies":"2 Thieves","floor":18,"turns":2},{"damage":7,"enemies":"Spheric Guardian","floor":21,"turns":3},{"damage":26,"enemies":"Snake Plant","floor":22,"turns":3},{"damage":30,"enemies":"Slavers","floor":23,"turns":2}],"seed_played":"8288500336403977062","potions_obtained":[{"floor":2,"key":"Block Potion"},{"floor":4,"key":"AttackPotion"},{"floor":16,"key":"GamblersBrew"},{"floor":21,"key":"SpeedPotion"}],"is_trial":false,"path_per_floor":["M","M","?","M","?","R","?","E","T","E","?","M","M","T","R","B",null,"M","?","$","M","M"],"character_chosen":"DEFECT","items_purchased":["Double Energy+1","Static Discharge","Turbo+1","Oddly Smooth Stone","Gremlin Horn"],"campfire_rested":1,"item_purchase_floors":[20,20,20,20,20],"current_hp_per_floor":[68,68,51,47,47,47,47,32,39,36,36,33,18,18,43,11,85,79,55,55,48,22,0],"gold":77,"neow_bonus":"ONE_RARE_RELIC","is_prod":false,"is_daily":false,"chose_seed":false,"campfire_upgraded":1,"win_rate":0,"timestamp":1535447799,"path_taken":["M","M","?","M","?","R","?","E","T","E","?","?","?","?","R","BOSS","M","?","$","M","M","E"],"build_version":"2018-08-23v2","purchased_purges":0,"victory":false,"max_hp_per_floor":[68,68,68,68,68,68,68,68,75,85,85,85,85,85,85,85,85,85,85,85,85,85,85],"card_choices":[{"not_picked":["Barrage","Redo"],"picked":"Conserve Battery","floor":1},{"not_picked":["Beam Cell","Hologram"],"picked":"Redo","floor":1},{"not_picked":["Rip and Tear","Cold Snap"],"picked":"Capacitor","floor":2},{"not_picked":["Sweeping Beam","Stack"],"picked":"Ball Lightning","floor":2},{"not_picked":["Scrape","Barrage"],"picked":"Electrodynamics","floor":4},{"not_picked":["Conserve Battery","Chaos","Stack"],"picked":"SKIP","floor":4},{"not_picked":["Streamline","Tempest","Coolheaded"],"picked":"SKIP","floor":8},{"not_picked":["Blizzard","Heatsinks","Gash"],"picked":"SKIP","floor":10},{"not_picked":["Conserve Battery","Redo","Coolheaded"],"picked":"SKIP","floor":12},{"not_picked":["Darkness","Blizzard","Conserve Battery"],"picked":"SKIP","floor":12},{"not_picked":["Gash","Melter"],"picked":"BootSequence","floor":13},{"not_picked":["Rip and Tear","Compile Driver","Auto Shields"],"picked":"SKIP","floor":13},{"not_picked":["Reboot+1","Electrodynamics"],"picked":"Amplify+1","floor":16},{"not_picked":["Sweeping Beam","Hologram+1"],"picked":"Chaos+1","floor":18},{"not_picked":["Barrage","Sweeping Beam+1"],"picked":"White Noise+1","floor":18},{"not_picked":["Barrage","Turbo+1"],"picked":"Redo+1","floor":21},{"not_picked":["Heatsinks","Streamline","Darkness+1"],"picked":"SKIP","floor":21},{"not_picked":["Heatsinks","Compile Driver"],"picked":"Rebound+1","floor":22},{"not_picked":["Rip and Tear","Glacier+1","Barrage"],"picked":"SKIP","floor":22}],"player_experience":110642,"relics_obtained":[{"floor":8,"key":"Bag of Preparation"},{"floor":9,"key":"Strawberry"},{"floor":10,"key":"Pear"},{"floor":14,"key":"Toxic Egg 2"}],"event_choices":[{"event_name":"Golden Idol","player_choice":"Take Damage","floor":3,"damage_taken":0},{"event_name":"Purifier","player_choice":"One Purge","floor":5,"damage_taken":0},{"event_name":"Living Wall","player_choice":"Grow","floor":7,"damage_taken":0},{"event_name":"Upgrade Shrine","player_choice":"Upgraded","floor":11,"damage_taken":0},{"event_name":"Knowing Skull","player_choice":"GOLD GOLD ","floor":19,"damage_taken":0}],"is_beta":false,"boss_relics":[{"not_picked":["Snecko Eye","Runic Pyramid"],"picked":"Philosopher\u0027s Stone"}],"items_purged_floors":[],"is_endless":false,"potions_floor_spawned":[2,4,16,21],"killed_by":"Slavers","ascension_level":2}