{"gold_per_floor":[140,140,315,20,44,44,9,9,9,52,52,6,24,44,44,175,175,191,191,191,214,227,227,227,227,227,258,258],"floor_reached":28,"playtime":1409,"items_purged":["Doubt"],"score":316,"play_id":"4828365e-4a20-4534-a6ec-e063cb8aa132","local_time":"20190610101826","is_ascension_mode":true,"campfire_choices":[{"data":"Armaments","floor":6,"key":"SMITH"},{"data":"True Grit","floor":8,"key":"SMITH"},{"data":"Entrench","floor":15,"key":"SMITH"},{"floor":23,"key":"REST"},{"floor":25,"key":"REST"}],"neow_cost":"NONE","seed_source_timestamp":0,"circlet_count":0,"master_deck":["Strike_R","Strike_R","Strike_R","Strike_R","Defend_R","Defend_R","Defend_R","Bash","Inflame","Injury","Armaments+1","True Grit+1","Sentinel","Iron Wave","Body Slam","Entrench+1","Impervious","Demon Form","Searing Blow","Feel No Pain+1","Shrug It Off","Pommel Strike+1"],"special_seed":0,"relics":["Burning Blood","Tiny Chest","Golden Idol","Lee\u0027s Waffle","Bottled Tornado","Strawberry","Shuriken","Velvet Choker","Vajra","Meat on the Bone","Ginger"],"potions_floor_usage":[10,16],"damage_taken":[{"damage":4.0,"enemies":"2 Louse","floor":1.0,"turns":3.0},{"damage":10.0,"enemies":"Small Slimes","floor":5.0,"turns":4.0},{"damage":31,"enemies":"3 Sentries","floor":10,"turns":10},{"damage":9,"enemies":"Jaw Worm","floor":13,"turns":3},{"damage":0,"enemies":"Blue Slaver","floor":14,"turns":5},{"damage":57,"enemies":"The Guardian","floor":16,"turns":18},{"damage":28,"enemies":"2 Thieves","floor":18,"turns":5},{"damage":22,"enemies":"Chosen","floor":21,"turns":5},{"damage":10,"enemies":"Snecko","floor":22,"turns":4},{"damage":87,"enemies":"Gremlin Leader","floor":27,"turns":9},{"damage":38,"enemies":"Cultist and Chosen","floor":28,"turns":4}],"seed_played":"2987373453834895336","potions_obtained":[{"floor":1.0,"key":"SkillPotion"},{"floor":14,"key":"Swift Potion"}],"is_trial":false,"path_per_floor":["M","?","?","$","M","R","$","R","T","E","T","$","M","M","R","B",null,"M","?","?","M","M","R","T","R","T","E","M"],"character_chosen":"IRONCLAD","items_purchased":["Armaments","Lee\u0027s Waffle","Sentinel","Iron Wave"],"campfire_rested":2,"item_purchase_floors":[4,4,7,12],"current_hp_per_floor":[74,74,74,87,83,83,83,83,83,65,65,65,62,68,68,17,75,53,53,53,37,33,61,61,89,89,20,0],"gold":258,"neow_bonus":"RANDOM_COMMON_RELIC","is_prod":false,"is_daily":false,"chose_seed":false,"campfire_upgraded":3,"win_rate":0,"timestamp":1560151106,"path_taken":["M","?","?","$","M","R","$","R","T","E","?","?","M","M","R","BOSS","M","?","?","M","M","R","?","R","T","E","M"],"build_version":"2019-01-23","purchased_purges":1,"victory":false,"max_hp_per_floor":[80,80,80,87,87,87,87,87,87,94,94,94,94,94,94,94,94,94,94,94,94,94,94,94,94,94,94,94],"card_choices":[{"not_picked":["Iron Wave","Shrug It Off"],"picked":"Inflame","floor":1.0},{"not_picked":["Headbutt","Body Slam"],"picked":"True Grit","floor":5.0},{"not_picked":["Second Wind","Disarm","Headbutt"],"picked":"SKIP","floor":10},{"not_picked":["Berserk","Bloodletting"],"picked":"Body Slam","floor":13},{"not_picked":["Perfected Strike","Fire Breathing"],"picked":"Entrench","floor":14},{"not_picked":["Double Tap","Limit Break"],"picked":"Impervious","floor":16},{"not_picked":["Clash","Uppercut","Cleave"],"picked":"SKIP","floor":18},{"not_picked":["Pommel Strike","Thunderclap"],"picked":"Feel No Pain+1","floor":21},{"not_picked":["Corruption","Pommel Strike"],"picked":"Shrug It Off","floor":22},{"not_picked":["Dual Wield+1","Wild Strike"],"picked":"Pommel Strike+1","floor":27}],"player_experience":177735,"relics_obtained":[{"floor":9,"key":"Bottled Tornado"},{"floor":10,"key":"Strawberry"},{"floor":11,"key":"Shuriken"},{"floor":24,"key":"Vajra"},{"floor":26,"key":"Meat on the Bone"},{"floor":27,"key":"Ginger"}],"event_choices":[{"damage_healed":0.0,"max_hp_gain":0.0,"max_hp_loss":0.0,"gold_gain":0.0,"event_name":"Golden Idol","player_choice":"Take Wound","floor":2.0,"gold_loss":0.0,"damage_taken":0.0,"relics_obtained":["Golden Idol"],"cards_obtained":["Injury"]},{"damage_healed":0.0,"max_hp_gain":0.0,"max_hp_loss":0.0,"gold_gain":175.0,"event_name":"Liars Game","player_choice":"AGREE","floor":3.0,"gold_loss":0.0,"damage_taken":0.0,"cards_obtained":["Doubt"]},{"damage_healed":0,"gold_gain":0,"player_choice":"Ignored","damage_taken":0,"max_hp_gain":0,"max_hp_loss":0,"event_name":"Ghosts","floor":19,"gold_loss":0},{"damage_healed":0,"gold_gain":0,"cards_transformed":["Strike_R","Defend_R"],"player_choice":"Became Test Subject","damage_taken":0,"max_hp_gain":0,"max_hp_loss":0,"event_name":"Drug Dealer","floor":20,"gold_loss":0,"cards_obtained":["Demon Form","Searing Blow"]}],"is_beta":false,"boss_relics":[{"not_picked":["Pandora\u0027s Box","Coffee Dripper"],"picked":"Velvet Choker"}],"items_purged_floors":[4],"is_endless":false,"potions_floor_spawned":[1,14],"killed_by":"Cultist and Chosen","ascension_level":7}