{"gold_per_floor":[109,34,52,52,70,70,70,70,97,117,131,175,175,210,210,303,303,317,317,332,353,376,376,409,427,427,427,448,448,463,479,479,575,575,600,618,242,242,267,306,322,338,390,390,390,408,119,244,244,244],"floor_reached":51,"playtime":8987,"items_purged":["Doubt"],"score":1119,"play_id":"822a3d5b-c048-4306-a869-3a174556ed03","local_time":"20190605105445","is_ascension_mode":true,"campfire_choices":[{"data":"Hologram","floor":6,"key":"SMITH"},{"data":"Zap","floor":8,"key":"SMITH"},{"floor":15,"key":"REST"},{"floor":23,"key":"REST"},{"data":"Self Repair","floor":27,"key":"SMITH"},{"data":"Reinforced Body","floor":29,"key":"SMITH"},{"floor":32,"key":"REST"},{"data":"Defragment","floor":45,"key":"SMITH"},{"data":"Capacitor","floor":49,"key":"SMITH"}],"neow_cost":"CURSE","seed_source_timestamp":1377603809256261,"circlet_count":0,"master_deck":["AscendersBane","Defend_B","Defend_B","Defend_B","Zap+1","Dualcast","Electrodynamics","Ball Lightning+1","Hologram+1","Undo","Conserve Battery","Ball Lightning","Thunder Strike+1","Self Repair+1","Undo","Reinforced Body+1","Conserve Battery","Double Energy+1","Machine Learning","Defragment+1","Core Surge","Capacitor+1"],"relics":["Cracked Core","Golden Idol","PreservedInsect","Regal Pillow","Ice Cream","Odd Mushroom","Nuclear Battery","Strawberry","Bag of Preparation","Empty Cage","Whetstone","Potion Belt","Prayer Wheel","Oddly Smooth Stone","Pantograph","FossilizedHelix"],"potions_floor_usage":[14,40,41,50,50,50,50],"damage_taken":[{"damage":3,"enemies":"Small Slimes","floor":1,"turns":3},{"damage":7,"enemies":"Jaw Worm","floor":3,"turns":3},{"damage":1,"enemies":"2 Louse","floor":5,"turns":3},{"damage":13,"enemies":"Blue Slaver","floor":10,"turns":2},{"damage":0,"enemies":"3 Louse","floor":11,"turns":1},{"damage":0,"enemies":"3 Sentries","floor":12,"turns":3},{"damage":10,"enemies":"The Mushroom Lair","floor":14,"turns":3},{"damage":21,"enemies":"Slime Boss","floor":16,"turns":7},{"damage":10,"enemies":"Shell Parasite","floor":18,"turns":6},{"damage":17,"enemies":"3 Byrds","floor":20,"turns":3},{"damage":24,"enemies":"Cultist and Chosen","floor":21,"turns":5},{"damage":2,"enemies":"Chosen and Byrds","floor":22,"turns":6},{"damage":13,"enemies":"Slavers","floor":24,"turns":3},{"damage":27,"enemies":"Sentry and Sphere","floor":25,"turns":6},{"damage":8,"enemies":"Shelled Parasite and Fungi","floor":28,"turns":8},{"damage":19,"enemies":"Snake Plant","floor":30,"turns":4},{"damage":1,"enemies":"Centurion and Healer","floor":31,"turns":5},{"damage":22,"enemies":"Automaton","floor":33,"turns":11},{"damage":0,"enemies":"3 Shapes","floor":35,"turns":4},{"damage":4,"enemies":"Orb Walker","floor":36,"turns":5},{"damage":38,"enemies":"Transient","floor":39,"turns":5},{"damage":14,"enemies":"Nemesis","floor":40,"turns":5},{"damage":15,"enemies":"Maw","floor":41,"turns":7},{"damage":8,"enemies":"Jaw Worm Horde","floor":42,"turns":3},{"damage":1,"enemies":"3 Darklings","floor":46,"turns":4},{"damage":5,"enemies":"Mind Bloom Boss Battle","floor":48,"turns":7},{"damage":33,"enemies":"Time Eater","floor":50,"turns":11}],"seed_played":"6829954953388234281","potions_obtained":[{"floor":10,"key":"Explosive Potion"},{"floor":16,"key":"Explosive Potion"},{"floor":20,"key":"Ancient Potion"},{"floor":21,"key":"EssenceOfSteel"},{"floor":25,"key":"Swift Potion"},{"floor":39,"key":"Explosive Potion"},{"floor":40,"key":"Fire Potion"},{"floor":41,"key":"Strength Potion"}],"is_trial":false,"path_per_floor":["M","$","M","?","M","R","?","R","T","M","M","E","T","?","R","B",null,"M","?","M","M","M","R","E","M","T","R","M","R","M","M","R","B",null,"M","M","$","?","M","E","M","M","T","?","R","M","$","?","R","B",null],"character_chosen":"DEFECT","items_purchased":["Whetstone","Potion Belt","GamblersBrew","Capacitor","Pantograph"],"campfire_rested":3,"item_purchase_floors":[37,37,37,47,47],"current_hp_per_floor":[65,65,58,58,57,57,50,50,50,37,37,37,37,27,62,41,62,52,52,42,25,30,65,66,46,46,46,48,48,39,48,76,64,73,76,76,76,76,48,44,39,41,41,41,41,50,50,72,72,39],"gold":244,"neow_bonus":"THREE_RARE_CARDS","is_prod":false,"is_daily":false,"chose_seed":false,"campfire_upgraded":6,"win_rate":0,"timestamp":1559746485,"path_taken":["M","$","M","?","M","R","?","R","T","M","M","E","?","?","R","BOSS","M","?","M","M","M","R","E","M","T","R","M","R","M","M","R","BOSS","M","M","$","?","?","E","M","M","T","?","R","M","$","?","R","BOSS"],"build_version":"2019-01-23","purchased_purges":1,"victory":true,"max_hp_per_floor":[75,75,75,69,69,69,69,69,69,69,69,69,69,69,69,69,69,69,69,69,69,69,69,76,76,76,76,76,76,76,76,76,76,76,76,76,76,76,76,76,76,76,76,72,72,72,72,72,72,72],"card_choices":[{"not_picked":["Thunder Strike","Multi-Cast"],"picked":"Electrodynamics","floor":0},{"not_picked":["Streamline","Aggregate","Doom and Gloom"],"picked":"SKIP","floor":1},{"not_picked":["Streamline","Rebound"],"picked":"Ball Lightning","floor":3},{"not_picked":["Double Energy","Creative AI"],"picked":"Hologram","floor":5},{"not_picked":["Turbo","Go for the Eyes"],"picked":"Undo","floor":10},{"not_picked":["Static Discharge","Turbo"],"picked":"Conserve Battery","floor":11},{"not_picked":["Conserve Battery","Chaos"],"picked":"Ball Lightning","floor":12},{"not_picked":["Meteor Strike","Hyperbeam"],"picked":"Thunder Strike","floor":16},{"not_picked":["Gash","Chaos"],"picked":"Self Repair","floor":18},{"not_picked":["Doom and Gloom","Stack","Turbo"],"picked":"SKIP","floor":20},{"not_picked":["Fusion","Beam Cell","Gash"],"picked":"SKIP","floor":21},{"not_picked":["Reprogram","Scrape","Loop"],"picked":"SKIP","floor":22},{"not_picked":["Undo","Go for the Eyes","Lockon"],"picked":"SKIP","floor":24},{"not_picked":["Conserve Battery","Stack"],"picked":"Reinforced Body","floor":25},{"not_picked":["Blizzard","Turbo"],"picked":"Conserve Battery","floor":28},{"not_picked":["Stack+1","Gash"],"picked":"Double Energy+1","floor":30},{"not_picked":["Compile Driver","Rebound","Barrage"],"picked":"SKIP","floor":31},{"not_picked":["Amplify","Electrodynamics"],"picked":"Machine Learning","floor":33},{"not_picked":["Steam","Fusion","Beam Cell"],"picked":"SKIP","floor":35},{"not_picked":["Compile Driver","Rebound","Chaos"],"picked":"SKIP","floor":36},{"not_picked":["Beam Cell","Undo","Chaos+1"],"picked":"SKIP","floor":39},{"not_picked":["Conserve Battery","Tempest","Steam Power"],"picked":"SKIP","floor":40},{"not_picked":["Steam+1","Scrape"],"picked":"Defragment","floor":41},{"not_picked":["Beam Cell+1","Ball Lightning+1","Hologram"],"picked":"SKIP","floor":41},{"not_picked":["Steam","Darkness"],"picked":"Core Surge","floor":42},{"not_picked":["Reprogram","Recycle","Genetic Algorithm+1"],"picked":"SKIP","floor":42},{"not_picked":["Steam Power","Steam","Barrage"],"picked":"SKIP","floor":46},{"not_picked":["Heatsinks","Streamline","Sweeping Beam+1"],"picked":"SKIP","floor":46}],"player_experience":728918,"relics_obtained":[{"floor":9,"key":"PreservedInsect"},{"floor":12,"key":"Regal Pillow"},{"floor":13,"key":"Ice Cream"},{"floor":14,"key":"Odd Mushroom"},{"floor":24,"key":"Strawberry"},{"floor":26,"key":"Bag of Preparation"},{"floor":40,"key":"Prayer Wheel"},{"floor":43,"key":"Oddly Smooth Stone"},{"floor":48,"key":"FossilizedHelix"}],"event_choices":[{"damage_healed":0,"gold_gain":0,"player_choice":"Lose Max HP","damage_taken":0,"relics_obtained":["Golden Idol"],"max_hp_gain":0,"max_hp_loss":6,"event_name":"Golden Idol","floor":4,"gold_loss":0},{"cards_removed":["Strike_B"],"damage_healed":0,"gold_gain":0,"player_choice":"Card Removal","damage_taken":7,"max_hp_gain":0,"max_hp_loss":0,"event_name":"Golden Wing","floor":7,"gold_loss":0},{"damage_healed":0,"gold_gain":0,"player_choice":"Fought Mushrooms","damage_taken":0,"max_hp_gain":0,"max_hp_loss":0,"event_name":"Mushrooms","floor":14,"gold_loss":0},{"damage_healed":0,"gold_gain":0,"cards_transformed":["Strike_B","Strike_B"],"player_choice":"Became Test Subject","damage_taken":0,"max_hp_gain":0,"max_hp_loss":0,"event_name":"Drug Dealer","floor":19,"gold_loss":0,"cards_obtained":["Undo","Aggregate"]},{"cards_removed":["Defend_B"],"damage_healed":0,"gold_gain":0,"player_choice":"Purged","damage_taken":0,"max_hp_gain":0,"max_hp_loss":0,"event_name":"Purifier","floor":38,"gold_loss":0},{"damage_healed":0,"gold_gain":0,"player_choice":"Max HP","damage_taken":0,"max_hp_gain":0,"max_hp_loss":4,"event_name":"Winding Halls","floor":44,"gold_loss":0},{"damage_healed":0,"gold_gain":0,"player_choice":"Fight","damage_taken":0,"max_hp_gain":0,"max_hp_loss":0,"event_name":"MindBloom","floor":48,"gold_loss":0}],"is_beta":false,"boss_relics":[{"not_picked":["Busted Crown","Lizard Tail"],"picked":"Nuclear Battery"},{"not_picked":["Philosopher\u0027s Stone","Fusion Hammer"],"picked":"Empty Cage"}],"items_purged_floors":[2],"is_endless":false,"potions_floor_spawned":[10,16,20,21,25,35,39,40,41,46],"ascension_level":13}