{"gold_per_floor":[113,67,67,80,80,80,112,112,112,112,123,138,138,151,151,251,251,269,287,306,59,59,59,71,71,71,41,52,52,71,84,84,185,235,235,235,235,235,247,247,258,258,285,285,297,297,315,315],"floor_reached":48,"playtime":1733,"items_purged":["Defend_G"],"score":549,"play_id":"d5b91e6c-177c-41e1-8943-51cb140bda14","local_time":"20180825025332","is_ascension_mode":true,"campfire_choices":[{"data":"Bane","floor":6,"key":"SMITH"},{"data":"Neutralize","floor":8,"key":"SMITH"},{"data":"Noxious Fumes","floor":13,"key":"SMITH"},{"floor":15,"key":"REST"},{"floor":23,"key":"REST"},{"data":"Poisoned Stab","floor":25,"key":"SMITH"},{"floor":32,"key":"REST"},{"floor":40,"key":"DIG"},{"floor":42,"key":"DIG"},{"data":"Bouncing Flask","floor":46,"key":"SMITH"}],"neow_cost":"","seed_source_timestamp":54875617862400,"circlet_count":0,"master_deck":["Defend_G","Defend_G+1","Defend_G","Strike_G+1","Strike_G","Strike_G","Strike_G","Survivor","Neutralize+1","Bane+1","Noxious Fumes+1","Adrenaline+1","Deadly Poison+1","Bane+1","Poisoned Stab+1","Poisoned Stab","Sucker Punch+1","Bouncing Flask+1","Dash","Panacea+1","Apotheosis","Caltrops+1","Writhe","Bouncing Flask+1","Deadly Poison"],"relics":["Ring of the Snake","Meat on the Bone","Oddly Smooth Stone","Orichalcum","White Beast Statue","Whetstone","Darkstone Periapt","Tiny House","Shovel","Mercury Hourglass","Happy Flower","War Paint"],"potions_floor_usage":[7,16,19,24,24,28,28,30,33,33,35,35,45,47,47,48],"damage_taken":[{"damage":1,"enemies":"Cultist","floor":1,"turns":4},{"damage":3,"enemies":"Jaw Worm","floor":4,"turns":5},{"damage":20,"enemies":"Gremlin Nob","floor":7,"turns":4},{"damage":2,"enemies":"2 Louse","floor":11,"turns":2},{"damage":2,"enemies":"Looter","floor":12,"turns":3},{"damage":7,"enemies":"Blue Slaver","floor":14,"turns":3},{"damage":28,"enemies":"Hexaghost","floor":16,"turns":10},{"damage":18,"enemies":"Shell Parasite","floor":18,"turns":6},{"damage":18,"enemies":"Spheric Guardian","floor":19,"turns":5},{"damage":10,"enemies":"Snecko","floor":20,"turns":5},{"damage":12,"enemies":"Snake Plant","floor":24,"turns":3},{"damage":31,"enemies":"Shelled Parasite and Fungi","floor":28,"turns":4},{"damage":15,"enemies":"Sentry and Sphere","floor":30,"turns":4},{"damage":4,"enemies":"Snecko","floor":31,"turns":3},{"damage":59,"enemies":"Champ","floor":33,"turns":10},{"damage":0,"enemies":"Flame Bruiser 1 Orb","floor":35,"turns":2},{"damage":20,"enemies":"Mind Bloom Boss Battle","floor":38,"turns":5},{"damage":18,"enemies":"3 Shapes","floor":39,"turns":4},{"damage":13,"enemies":"Maw","floor":41,"turns":7},{"damage":7,"enemies":"Sphere and 2 Shapes","floor":45,"turns":5},{"damage":54,"enemies":"Flame Bruiser 2 Orb","floor":47,"turns":4},{"damage":20,"enemies":"4 Shapes","floor":48,"turns":1}],"seed_played":"-6429908024758783390","potions_obtained":[{"floor":1,"key":"Fire Potion"},{"floor":14,"key":"EssenceOfSteel"},{"floor":16,"key":"FearPotion"},{"floor":18,"key":"PowerPotion"},{"floor":19,"key":"SneckoOil"},{"floor":20,"key":"Fire Potion"},{"floor":24,"key":"Strength Potion"},{"floor":27,"key":"FairyPotion"},{"floor":27,"key":"Dexterity Potion"},{"floor":28,"key":"SteroidPotion"},{"floor":30,"key":"Strength Potion"},{"floor":31,"key":"SpeedPotion"},{"floor":33,"key":"LiquidBronze"},{"floor":34,"key":"SmokeBomb"},{"floor":38,"key":"Ancient Potion"},{"floor":39,"key":"FearPotion"},{"floor":41,"key":"PowerPotion"},{"floor":45,"key":"Energy Potion"},{"floor":47,"key":"Poison Potion"}],"is_trial":false,"path_per_floor":["M","$","?","M","T","R","E","R","T","?","M","M","R","M","R","B",null,"M","M","M","$","?","R","M","R","T","?","M","?","M","M","R","B",null,"M","?","?","?","M","R","M","R","T","?","M","R","M"],"character_chosen":"THE_SILENT","items_purchased":["Bane","Poisoned Stab","Whetstone"],"campfire_rested":3,"item_purchase_floors":[2,21,21],"current_hp_per_floor":[69,69,74,71,71,71,51,51,51,44,42,40,40,45,67,39,75,57,39,41,41,41,63,51,51,51,51,32,32,29,37,59,19,80,80,80,70,50,44,44,43,43,43,69,62,62,20,0],"gold":315,"neow_bonus":"","is_prod":false,"is_daily":false,"chose_seed":false,"campfire_upgraded":5,"win_rate":0,"timestamp":1535154812,"path_taken":["M","?","?","M","?","R","E","R","T","?","?","M","R","M","R","BOSS","M","M","?","$","?","R","M","R","T","?","?","?","M","M","R","BOSS","M","?","?","?","?","R","M","R","T","?","M","R","M","M"],"build_version":"2018-08-23v2","purchased_purges":1,"victory":false,"max_hp_per_floor":[70,70,75,75,75,75,75,75,75,75,75,75,75,75,75,75,75,75,75,75,75,75,75,75,75,75,75,75,75,75,75,75,75,80,80,80,80,80,80,80,80,80,80,86,86,86,86,86],"card_choices":[{"not_picked":["Heel Hook","Escape Plan","Choke"],"picked":"SKIP","floor":1},{"not_picked":["Outmaneuver","Backstab","Heel Hook"],"picked":"SKIP","floor":4},{"not_picked":["Dagger Spray","Sucker Punch","Calculated Gamble"],"picked":"SKIP","floor":7},{"not_picked":["Quick Slash","Cloak And Dagger","Acrobatics"],"picked":"SKIP","floor":11},{"not_picked":["Die Die Die","Terror"],"picked":"Noxious Fumes","floor":12},{"not_picked":["Backflip","Choke","Slice"],"picked":"SKIP","floor":14},{"not_picked":["Wraith Form v2","Unload"],"picked":"Adrenaline","floor":16},{"not_picked":["Footwork","Blade Dance"],"picked":"Deadly Poison+1","floor":18},{"not_picked":["Accuracy+1","Choke+1"],"picked":"Bane","floor":19},{"not_picked":["Underhanded Strike","Deflect","Accuracy"],"picked":"SKIP","floor":20},{"not_picked":["Deadly Poison","Deflect"],"picked":"Sucker Punch+1","floor":24},{"not_picked":["All Out Attack","Dagger Throw","Cloak And Dagger"],"picked":"SKIP","floor":28},{"not_picked":["Dagger Spray+1","All Out Attack+1"],"picked":"Bouncing Flask","floor":30},{"not_picked":["Blade Dance","PiercingWail"],"picked":"Dash","floor":31},{"not_picked":["Flash of Steel","Panache"],"picked":"Panacea","floor":37},{"not_picked":["Dark Shackles","Bandage Up"],"picked":"Apotheosis","floor":37},{"not_picked":["Distraction","Deflect"],"picked":"Caltrops+1","floor":39},{"not_picked":["Footwork","Endless Agony+1","Sucker Punch"],"picked":"SKIP","floor":41},{"not_picked":["Riddle With Holes+1","Acrobatics"],"picked":"Bouncing Flask+1","floor":45},{"not_picked":["Escape Plan","Dodge and Roll"],"picked":"Deadly Poison","floor":47}],"player_experience":85994,"relics_obtained":[{"floor":5,"key":"Meat on the Bone"},{"floor":7,"key":"Oddly Smooth Stone"},{"floor":9,"key":"Orichalcum"},{"floor":26,"key":"Darkstone Periapt"},{"floor":38,"key":"Shovel"},{"floor":40,"key":"Mercury Hourglass"},{"floor":42,"key":"Happy Flower"},{"floor":43,"key":"War Paint"}],"event_choices":[{"event_name":"Big Fish","player_choice":"Donut","floor":3,"damage_taken":0},{"event_name":"Golden Wing","player_choice":"Card Removal","floor":10,"damage_taken":0},{"event_name":"The Library","player_choice":"Read","floor":22,"damage_taken":0},{"event_name":"The Woman in Blue","player_choice":"Bought 2 Potions","floor":27,"damage_taken":0},{"event_name":"Back to Basics","player_choice":"Elegance","floor":29,"damage_taken":0},{"event_name":"Tomb of Lord Red Mask","player_choice":"Ignored","floor":36,"damage_taken":0},{"event_name":"SensoryStone","player_choice":"Memory 3","floor":37,"damage_taken":0},{"event_name":"MindBloom","player_choice":"Fight","floor":38,"damage_taken":0},{"event_name":"Winding Halls","player_choice":"Writhe","floor":44,"damage_taken":0}],"is_beta":false,"boss_relics":[{"not_picked":["Eternal Feather","Philosopher\u0027s Stone"],"picked":"White Beast Statue"},{"not_picked":["Sozu","Runic Pyramid"],"picked":"Tiny House"}],"items_purged_floors":[21],"is_endless":false,"potions_floor_spawned":[1,14,16,18,19,20,24,28,30,31,33,35,38,39,41,45,47],"killed_by":"4 Shapes","ascension_level":3}