{"gold_per_floor":[211,224,236,252,0,0,18,18,68,80,80,80,91,107,107,208,208,225,225,237,256,181,181,129,129,129,129,139,154,154,166,166,271,271,291,291,309,324,22,22,50,50,50,80,80,114,114,114,114,114],"floor_reached":51,"playtime":2227,"items_purged":[],"score":849,"play_id":"a721bc5b-1d0e-44f3-ad9d-07a72e7282bf","local_time":"20180824160230","is_ascension_mode":true,"campfire_choices":[{"data":"Bane","floor":6,"key":"SMITH"},{"data":"Leg Sweep","floor":8,"key":"SMITH"},{"floor":11,"key":"REST"},{"data":"Poisoned Stab","floor":15,"key":"SMITH"},{"floor":23,"key":"REST"},{"data":"Poisoned Stab","floor":25,"key":"SMITH"},{"data":"Flying Knee","floor":27,"key":"SMITH"},{"data":"Noxious Fumes","floor":30,"key":"SMITH"},{"floor":32,"key":"REST"},{"floor":40,"key":"REST"},{"floor":42,"key":"REST"},{"data":"Madness","floor":45,"key":"SMITH"},{"data":"Deadly Poison","floor":47,"key":"SMITH"},{"floor":49,"key":"REST"}],"neow_cost":"NONE","seed_source_timestamp":15308939867501,"circlet_count":0,"master_deck":["Defend_G+1","Defend_G+1","Defend_G+1","Defend_G+1","Strike_G+1","Strike_G+1","Strike_G+1","Strike_G+1","Neutralize","Flying Knee+1","Leg Sweep+1","Deadly Poison","Bane+1","Noxious Fumes+1","Poisoned Stab+1","Die Die Die","Deadly Poison+1","Noxious Fumes+1","Deadly Poison+1","Poisoned Stab+1","Corpse Explosion+1","Catalyst+1","Madness+1","Madness+1","Dash+1","Bane+1","Deadly Poison+1"],"relics":["Ring of the Snake","Blood Vial","Bronze Scales","Mummified Hand","Empty Cage","Mango","Runic Pyramid","Regal Pillow","Anchor","Orichalcum","War Paint","Dead Branch","Juzu Bracelet"],"potions_floor_usage":[4,21,33,35,38,41,46],"damage_taken":[{"damage":3,"enemies":"Jaw Worm","floor":1,"turns":5},{"damage":2,"enemies":"Cultist","floor":2,"turns":4},{"damage":9,"enemies":"2 Louse","floor":3,"turns":3},{"damage":10,"enemies":"Red Slaver","floor":4,"turns":6},{"damage":12,"enemies":"Exordium Wildlife","floor":7,"turns":5},{"damage":3,"enemies":"Looter","floor":10,"turns":3},{"damage":5,"enemies":"Gremlin Gang","floor":13,"turns":4},{"damage":3,"enemies":"Blue Slaver","floor":14,"turns":3},{"damage":40,"enemies":"Slime Boss","floor":16,"turns":9},{"damage":22,"enemies":"Shell Parasite","floor":18,"turns":4},{"damage":1,"enemies":"Chosen","floor":20,"turns":3},{"damage":18,"enemies":"Centurion and Healer","floor":21,"turns":5},{"damage":8,"enemies":"Snake Plant","floor":28,"turns":3},{"damage":10,"enemies":"Snecko","floor":29,"turns":4},{"damage":6,"enemies":"Sentry and Sphere","floor":31,"turns":4},{"damage":38,"enemies":"Collector","floor":33,"turns":7},{"damage":29,"enemies":"Flame Bruiser 1 Orb","floor":35,"turns":4},{"damage":34,"enemies":"3 Darklings","floor":37,"turns":3},{"damage":6,"enemies":"Sphere and 2 Shapes","floor":38,"turns":5},{"damage":11,"enemies":"Nemesis","floor":41,"turns":5},{"damage":13,"enemies":"2 Orb Walkers","floor":44,"turns":3},{"damage":42,"enemies":"Giant Head","floor":46,"turns":8},{"damage":50,"enemies":"Donu and Deca","floor":50,"turns":5}],"seed_played":"8662973941817277986","potions_obtained":[{"floor":1,"key":"FairyPotion"},{"floor":2,"key":"SpeedPotion"},{"floor":7,"key":"Ancient Potion"},{"floor":20,"key":"PowerPotion"},{"floor":28,"key":"SpeedPotion"},{"floor":33,"key":"Weak Potion"},{"floor":37,"key":"Energy Potion"},{"floor":41,"key":"Regen Potion"}],"is_trial":false,"path_per_floor":["M","M","M","M","$","R","M","R","T","M","R","?","M","M","R","B",null,"M","?","M","M","?","R","$","R","T","R","M","M","R","M","R","B",null,"M","?","M","M","$","R","E","R","T","E","R","E","R","?","R","B"],"character_chosen":"THE_SILENT","items_purchased":["Deadly Poison","Bane","Blood Vial","Poisoned Stab","Regal Pillow","Anchor"],"campfire_rested":6,"item_purchase_floors":[5,5,5,24,39,39],"current_hp_per_floor":[67,65,56,46,46,46,36,36,36,35,56,56,53,52,52,14,70,48,48,49,33,33,54,54,54,68,68,62,54,54,50,75,39,84,55,44,12,8,8,48,39,79,79,68,68,40,40,40,80,32],"gold":114,"neow_bonus":"HUNDRED_GOLD","is_prod":false,"is_daily":false,"chose_seed":false,"campfire_upgraded":8,"win_rate":0,"timestamp":1535115750,"path_taken":["M","M","M","M","$","R","M","R","T","M","R","?","M","?","R","BOSS","M","?","M","M","?","R","$","R","T","R","M","M","R","M","R","BOSS","M","?","M","M","$","R","E","R","T","E","R","E","R","?","R","BOSS"],"build_version":"2018-08-23v2","purchased_purges":0,"victory":true,"max_hp_per_floor":[70,70,70,70,70,70,70,70,70,70,70,70,70,70,70,70,70,70,70,70,70,70,70,70,70,84,84,84,84,84,84,84,84,84,84,84,84,84,84,84,84,84,84,84,84,84,84,84,84,84],"card_choices":[{"not_picked":["Tactician","Blur","All Out Attack"],"picked":"SKIP","floor":1},{"not_picked":["Endless Agony","Quick Slash"],"picked":"Flying Knee","floor":2},{"not_picked":["Quick Slash","Finisher","Sucker Punch"],"picked":"SKIP","floor":3},{"not_picked":["Dagger Throw","Blade Dance"],"picked":"Leg Sweep","floor":4},{"not_picked":["Prepared","Underhanded Strike","Blade Dance"],"picked":"SKIP","floor":7},{"not_picked":["Eviscerate","Escape Plan"],"picked":"Noxious Fumes","floor":10},{"not_picked":["Dagger Throw","Outmaneuver"],"picked":"Poisoned Stab","floor":13},{"not_picked":["Quick Slash","Endless Agony","Expertise"],"picked":"SKIP","floor":14},{"not_picked":["A Thousand Cuts","Wraith Form v2"],"picked":"Die Die Die","floor":16},{"not_picked":["Expertise","Blur"],"picked":"Deadly Poison","floor":18},{"not_picked":["Heel Hook","Endless Agony"],"picked":"Noxious Fumes+1","floor":20},{"not_picked":["Footwork","Heel Hook+1"],"picked":"Deadly Poison+1","floor":21},{"not_picked":["Choke","Flying Knee","Distraction"],"picked":"SKIP","floor":28},{"not_picked":["Dagger Spray","Dagger Throw","Underhanded Strike"],"picked":"SKIP","floor":29},{"not_picked":["Backflip","Caltrops","Outmaneuver"],"picked":"SKIP","floor":31},{"not_picked":["Burst","Doppelganger"],"picked":"Corpse Explosion","floor":33},{"not_picked":["Slice","Well Laid Plans+1"],"picked":"Catalyst+1","floor":35},{"not_picked":["Cloak And Dagger","Well Laid Plans+1","Expertise+1"],"picked":"SKIP","floor":37},{"not_picked":["Bane","Deadly Poison"],"picked":"Dash+1","floor":38},{"not_picked":["Eviscerate+1","Escape Plan"],"picked":"Bane+1","floor":41},{"not_picked":["Flechettes","Unload","Accuracy"],"picked":"SKIP","floor":44},{"not_picked":["Dagger Spray+1","Quick Slash+1"],"picked":"Deadly Poison+1","floor":46}],"player_experience":82151,"relics_obtained":[{"floor":9,"key":"Bronze Scales"},{"floor":12,"key":"Mummified Hand"},{"floor":26,"key":"Mango"},{"floor":41,"key":"Orichalcum"},{"floor":43,"key":"War Paint"},{"floor":44,"key":"Dead Branch"},{"floor":46,"key":"Juzu Bracelet"}],"event_choices":[{"event_name":"Wheel of Change","player_choice":"Relic","floor":12,"damage_taken":0},{"event_name":"Back to Basics","player_choice":"Simplicity","floor":19,"damage_taken":0},{"event_name":"Beggar","player_choice":"Gave Gold","floor":22,"damage_taken":0},{"event_name":"Winding Halls","player_choice":"Embrace Madness","floor":36,"damage_taken":0},{"event_name":"The Moai Head","player_choice":"Ignored","floor":48,"damage_taken":0}],"is_beta":false,"boss_relics":[{"not_picked":["Calling Bell","Coffee Dripper"],"picked":"Empty Cage"},{"not_picked":["Snecko Eye","Sozu"],"picked":"Runic Pyramid"}],"items_purged_floors":[],"is_endless":false,"potions_floor_spawned":[1,2,7,20,28,33,37,41],"ascension_level":2}