{"gold_per_floor":[111,111,24,37,54,54,68,83,83,83,146,146,165,179,179,276,276,287,305,322,322,340,340,352,352,352,362,376,98,98,114,114,214,214,229,240,260,1259,1269,1269,1281,734,734,750,750,761,772,261,261,261],"floor_reached":50,"playtime":2279,"items_purged":["Strike_G","Strike_G","Strike_G"],"score":571,"play_id":"9172347f-1ea6-4254-9f93-c3a745bd4f4c","local_time":"20180825122059","is_ascension_mode":false,"campfire_choices":[{"data":"Envenom","floor":6,"key":"SMITH"},{"data":"Catalyst","floor":10,"key":"SMITH"},{"floor":12,"key":"REST"},{"floor":15,"key":"REST"},{"floor":23,"key":"REST"},{"floor":25,"key":"REST"},{"floor":30,"key":"REST"},{"data":"Bane","floor":32,"key":"SMITH"},{"floor":40,"key":"REST"},{"floor":45,"key":"REST"},{"floor":49,"key":"REST"}],"neow_cost":"NONE","seed_source_timestamp":88376441430796,"circlet_count":0,"master_deck":["Defend_G","Defend_G","Defend_G","Defend_G","Strike_G","Strike_G","Survivor","Neutralize","Deadly Poison","Envenom+1","Catalyst+1","Bane","Poisoned Stab","Noxious Fumes","Distraction+1","Prepared+1","Crippling Poison+1","Noxious Fumes+1","Deadly Poison+1","PiercingWail+1","Bane+1","Dodge and Roll+1","Corpse Explosion+1","Outmaneuver+1","Deadly Poison+1","Noxious Fumes+1","Blur+1","Terror+1","Poisoned Stab+1","Deflect+1","Dash+1","Bane+1","Poisoned Stab+1","Noxious Fumes+1","Poisoned Stab+1","Catalyst+1","Bouncing Flask+1","Leg Sweep+1","Mayhem+1"],"relics":["Ring of the Serpent","NeowsBlessing","Matryoshka","Toxic Egg 2","Prayer Wheel","Pantograph","Omamori","Frozen Egg 2","HandDrill","Fusion Hammer","Gremlin Horn","Strawberry","The Courier","Bag of Marbles","Orichalcum"],"potions_floor_usage":[7,14,16,16,19,27,27,28,33,35,36,37,39,47,50],"damage_taken":[{"damage":0,"enemies":"2 Louse","floor":1,"turns":1},{"damage":0,"enemies":"Cultist","floor":4,"turns":1},{"damage":0,"enemies":"Jaw Worm","floor":5,"turns":1},{"damage":7,"enemies":"3 Louse","floor":7,"turns":4},{"damage":26,"enemies":"Large Slime","floor":8,"turns":6},{"damage":30,"enemies":"Gremlin Nob","floor":11,"turns":4},{"damage":2,"enemies":"Blue Slaver","floor":13,"turns":3},{"damage":0,"enemies":"2 Fungi Beasts","floor":14,"turns":2},{"damage":11,"enemies":"The Guardian","floor":16,"turns":6},{"damage":0,"enemies":"Chosen","floor":18,"turns":4},{"damage":20,"enemies":"2 Thieves","floor":19,"turns":4},{"damage":0,"enemies":"Snake Plant","floor":20,"turns":4},{"damage":15,"enemies":"Cultist and Chosen","floor":22,"turns":6},{"damage":20,"enemies":"Centurion and Healer","floor":24,"turns":5},{"damage":18,"enemies":"Snake Plant","floor":27,"turns":4},{"damage":18,"enemies":"Sentry and Sphere","floor":28,"turns":5},{"damage":0,"enemies":"3 Cultists","floor":31,"turns":2},{"damage":30,"enemies":"Collector","floor":33,"turns":5},{"damage":26,"enemies":"Flame Bruiser 1 Orb","floor":35,"turns":5},{"damage":0,"enemies":"3 Shapes","floor":36,"turns":3},{"damage":20,"enemies":"Maw","floor":37,"turns":5},{"damage":1,"enemies":"Sphere and 2 Shapes","floor":39,"turns":4},{"damage":0,"enemies":"3 Darklings","floor":41,"turns":3},{"damage":42,"enemies":"Spire Growth","floor":44,"turns":3},{"damage":0,"enemies":"Transient","floor":46,"turns":5},{"damage":2,"enemies":"3 Darklings","floor":47,"turns":2},{"damage":78,"enemies":"Awakened One","floor":50,"turns":9}],"seed_played":"-129526684120083925","potions_obtained":[{"floor":5,"key":"AttackPotion"},{"floor":11,"key":"AttackPotion"},{"floor":13,"key":"FearPotion"},{"floor":14,"key":"Explosive Potion"},{"floor":16,"key":"Dexterity Potion"},{"floor":18,"key":"Poison Potion"},{"floor":22,"key":"Block Potion"},{"floor":31,"key":"EssenceOfSteel"},{"floor":33,"key":"FearPotion"},{"floor":35,"key":"Dexterity Potion"},{"floor":36,"key":"SneckoOil"},{"floor":37,"key":"SteroidPotion"},{"floor":46,"key":"SpeedPotion"}],"is_trial":false,"path_per_floor":["M","?","?","M","M","R","M","M","T","R","?","R","M","M","R","B",null,"M","M","M","?","M","R","M","R","T","M","M","$","R","M","R","B",null,"M","M","M","?","M","R","M","$","T","M","R","M","M","$","R"],"character_chosen":"THE_SILENT","items_purchased":["HandDrill","Gremlin Horn","Strawberry","Energy Potion","Bag of Marbles","Orichalcum","Mayhem+1"],"campfire_rested":8,"item_purchase_floors":[29,42,42,42,48,48,48],"current_hp_per_floor":[70,70,70,70,70,70,63,37,37,37,7,28,26,26,47,59,70,70,50,50,50,35,56,36,57,57,51,33,33,54,54,54,40,70,44,44,24,24,23,44,44,51,51,9,32,32,30,30,53,0],"gold":261,"neow_bonus":"THREE_ENEMY_KILL","is_prod":false,"is_daily":false,"chose_seed":false,"campfire_upgraded":3,"win_rate":0,"timestamp":1535188859,"path_taken":["M","?","?","M","M","R","M","M","T","R","?","R","M","M","R","BOSS","M","M","?","?","?","R","M","R","T","M","M","$","R","M","R","BOSS","M","M","M","?","M","R","M","$","T","?","R","M","M","?","R","BOSS"],"build_version":"2018-08-23v2","purchased_purges":3,"victory":false,"max_hp_per_floor":[70,70,70,70,70,70,70,70,70,70,70,70,70,70,70,70,70,70,70,70,70,70,70,70,70,70,70,70,70,70,70,70,70,70,70,70,70,70,70,70,70,77,77,77,77,77,77,77,77,77],"card_choices":[{"not_picked":["Masterful Stab","Underhanded Strike"],"picked":"Deadly Poison","floor":1},{"not_picked":["Acrobatics","Sucker Punch"],"picked":"Envenom","floor":4},{"not_picked":["Poisoned Stab","Eviscerate"],"picked":"Catalyst","floor":5},{"not_picked":["Skewer","Underhanded Strike"],"picked":"Bane","floor":7},{"not_picked":["Accuracy","Backflip","Blur"],"picked":"SKIP","floor":8},{"not_picked":["Sucker Punch","Infinite Blades"],"picked":"Poisoned Stab","floor":13},{"not_picked":["Blade Dance+1","Calculated Gamble+1"],"picked":"Noxious Fumes","floor":13},{"not_picked":["Poisoned Stab","Endless Agony"],"picked":"Distraction+1","floor":14},{"not_picked":["Cloak And Dagger+1","Acrobatics+1"],"picked":"Prepared+1","floor":14},{"not_picked":["Underhanded Strike","Dodge and Roll+1"],"picked":"Crippling Poison+1","floor":18},{"not_picked":["Blade Dance+1","PiercingWail+1"],"picked":"Noxious Fumes+1","floor":18},{"not_picked":["Predator+1","Outmaneuver+1"],"picked":"Deadly Poison+1","floor":19},{"not_picked":["Quick Slash","Choke"],"picked":"PiercingWail+1","floor":19},{"not_picked":["Slice","Dagger Throw"],"picked":"Bane","floor":20},{"not_picked":["Endless Agony","Blade Dance+1","Masterful Stab"],"picked":"SKIP","floor":20},{"not_picked":["Skewer","Riddle With Holes"],"picked":"Dodge and Roll+1","floor":22},{"not_picked":["Choke","Flying Knee","Prepared+1"],"picked":"SKIP","floor":22},{"not_picked":["Dodge and Roll+1","Bane"],"picked":"Corpse Explosion+1","floor":24},{"not_picked":["Heel Hook+1","Flying Knee+1","Finisher"],"picked":"SKIP","floor":24},{"not_picked":["Masterful Stab","Slice"],"picked":"Outmaneuver+1","floor":27},{"not_picked":["Heel Hook","Infinite Blades+1","Bane"],"picked":"SKIP","floor":27},{"not_picked":["Well Laid Plans+1","Acrobatics+1"],"picked":"Deadly Poison+1","floor":28},{"not_picked":["Prepared+1","Backstab","Outmaneuver+1"],"picked":"SKIP","floor":28},{"not_picked":["Quick Slash","Underhanded Strike"],"picked":"Noxious Fumes+1","floor":31},{"not_picked":["Backflip+1","All Out Attack"],"picked":"Blur+1","floor":31},{"not_picked":["Underhanded Strike+1","Finisher"],"picked":"Terror+1","floor":35},{"not_picked":["Backstab","Tactician+1"],"picked":"Poisoned Stab+1","floor":35},{"not_picked":["Dagger Throw+1","Underhanded Strike"],"picked":"Deflect+1","floor":36},{"not_picked":["Outmaneuver+1","PiercingWail+1"],"picked":"Dash+1","floor":36},{"not_picked":["Sucker Punch","Dash"],"picked":"Bane+1","floor":37},{"not_picked":["Bane","Dodge and Roll+1","Sucker Punch+1"],"picked":"SKIP","floor":37},{"not_picked":["Prepared+1","Underhanded Strike"],"picked":"Poisoned Stab+1","floor":39},{"not_picked":["PiercingWail+1","All Out Attack+1"],"picked":"Noxious Fumes+1","floor":39},{"not_picked":["After Image+1","Choke+1"],"picked":"Poisoned Stab+1","floor":41},{"not_picked":["Underhanded Strike","Riddle With Holes","Dagger Spray+1"],"picked":"SKIP","floor":41},{"not_picked":["PiercingWail+1","Accuracy+1"],"picked":"Catalyst+1","floor":44},{"not_picked":["Predator","Dagger Spray+1"],"picked":"Bouncing Flask+1","floor":44},{"not_picked":["Finisher","Heel Hook+1","Acrobatics+1"],"picked":"SKIP","floor":46},{"not_picked":["Flying Knee+1","Reflex+1","Noxious Fumes+1"],"picked":"SKIP","floor":46},{"not_picked":["Deflect+1","Dagger Spray+1"],"picked":"Leg Sweep+1","floor":47},{"not_picked":["Dagger Throw","Acrobatics+1","Underhanded Strike+1"],"picked":"SKIP","floor":47}],"player_experience":91070,"relics_obtained":[{"floor":9,"key":"Toxic Egg 2"},{"floor":9,"key":"Prayer Wheel"},{"floor":11,"key":"Pantograph"},{"floor":26,"key":"Omamori"},{"floor":26,"key":"Frozen Egg 2"},{"floor":43,"key":"The Courier"}],"event_choices":[{"event_name":"Living Wall","player_choice":"Forget","floor":2,"damage_taken":0},{"event_name":"WeMeetAgain","player_choice":"Gold","floor":3,"damage_taken":0},{"event_name":"Dead Adventurer","player_choice":"Searched \u00272\u0027 times","floor":11,"damage_taken":0},{"event_name":"Match and Keep!","player_choice":"0 cards matched","floor":21,"damage_taken":0},{"event_name":"MindBloom","player_choice":"Gold","floor":38,"damage_taken":0}],"is_beta":false,"boss_relics":[{"not_picked":["White Beast Statue","Runic Pyramid"],"picked":"Ring of the Serpent"},{"not_picked":["Philosopher\u0027s Stone","Runic Dome"],"picked":"Fusion Hammer"}],"items_purged_floors":[29,42,48],"is_endless":false,"potions_floor_spawned":[5,11,13,14,16,18,22,31,33,35,36,37,46],"killed_by":"Awakened One","ascension_level":0}