{"gold_per_floor":[119,44,63,113,125,159,159,159,159,184,176],"floor_reached":11,"playtime":568,"items_purged":["Strike_B"],"score":139,"play_id":"a2e7290a-9b5b-4a59-9481-5d89f5cd48f1","local_time":"20190610115625","is_ascension_mode":true,"campfire_choices":[{"floor":8,"key":"REST"}],"neow_cost":"NONE","seed_source_timestamp":1821793192047442,"circlet_count":0,"master_deck":["AscendersBane","Strike_B","Strike_B","Strike_B","Defend_B","Defend_B","Defend_B","Defend_B","Zap","Dualcast","Chaos","Defragment","Cold Snap","Steam","Chill"],"relics":["Cracked Core","NeowsBlessing","The Courier","Smiling Mask","MawBank"],"potions_floor_usage":[6,6],"damage_taken":[{"damage":0,"enemies":"Small Slimes","floor":1,"turns":1},{"damage":0,"enemies":"Cultist","floor":3,"turns":1},{"damage":0,"enemies":"Jaw Worm","floor":5,"turns":1},{"damage":19,"enemies":"3 Sentries","floor":6,"turns":7},{"damage":16,"enemies":"Blue Slaver","floor":10,"turns":4},{"damage":14,"enemies":"Exordium Thugs","floor":11,"turns":1}],"seed_played":"688261377092895031","potions_obtained":[{"floor":1,"key":"AttackPotion"},{"floor":5,"key":"Explosive Potion"},{"floor":10,"key":"Dexterity Potion"}],"is_trial":false,"path_per_floor":["M","$","M","?","M","E","?","R","T","M","M"],"character_chosen":"DEFECT","items_purchased":[],"campfire_rested":1,"item_purchase_floors":[],"current_hp_per_floor":[64,64,64,57,57,38,3,24,24,8,0],"gold":176,"neow_bonus":"THREE_ENEMY_KILL","is_prod":false,"is_daily":false,"chose_seed":false,"campfire_upgraded":0,"win_rate":0,"timestamp":1560182185,"path_taken":["M","$","M","?","?","E","?","R","T","M","M"],"build_version":"2019-01-23","purchased_purges":1,"victory":false,"max_hp_per_floor":[71,71,71,71,71,71,71,71,71,71,71],"card_choices":[{"not_picked":["Storm","Streamline"],"picked":"Chaos","floor":1},{"not_picked":["Lockon","Redo"],"picked":"Defragment","floor":3},{"not_picked":["Compile Driver","Consume"],"picked":"Cold Snap","floor":5},{"not_picked":["Chaos","Reboot"],"picked":"Steam","floor":6},{"not_picked":["Cold Snap","Redo"],"picked":"Chill","floor":10}],"player_experience":782427,"relics_obtained":[{"floor":6,"key":"The Courier"},{"floor":9,"key":"MawBank"}],"event_choices":[{"damage_healed":0,"gold_gain":50,"player_choice":"Touch","damage_taken":7,"max_hp_gain":0,"max_hp_loss":0,"event_name":"FaceTrader","floor":4,"gold_loss":0},{"damage_healed":0,"gold_gain":0,"player_choice":"Success","damage_taken":35,"relics_obtained":["Smiling Mask"],"max_hp_gain":0,"max_hp_loss":0,"event_name":"Scrap Ooze","floor":7,"gold_loss":0}],"is_beta":false,"boss_relics":[],"items_purged_floors":[2],"is_endless":false,"potions_floor_spawned":[1,5,10],"killed_by":"Exordium Thugs","ascension_level":18}