{"gold_per_floor":[112,112,131,32,32,32,67,67,67,81,91,105,160,160,160,160],"floor_reached":16,"playtime":688,"items_purged":["Strike_G"],"score":135,"play_id":"4765b196-dd51-4bca-9c76-4e8e39b6ecf2","local_time":"20190606080825","is_ascension_mode":true,"campfire_choices":[{"data":"Neutralize","floor":6.0,"key":"SMITH"},{"floor":8.0,"key":"REST"},{"data":"1","floor":15,"key":"LIFT"}],"neow_cost":"NONE","seed_source_timestamp":37869567641900,"circlet_count":0,"master_deck":["Defend_G","Defend_G","Defend_G","Defend_G","Defend_G","Strike_G","Strike_G","Strike_G","Strike_G","Survivor","Neutralize+1","Blade Dance","Backflip","Dagger Spray","Deflect","Endless Agony","Deadly Poison","PiercingWail"],"special_seed":0,"relics":["Ring of the Snake","Strawberry","Bag of Preparation","Art of War","Girya","Golden Idol"],"potions_floor_usage":[13],"damage_taken":[{"damage":6.0,"enemies":"Jaw Worm","floor":1.0,"turns":7.0},{"damage":0.0,"enemies":"Cultist","floor":3.0,"turns":4.0},{"damage":52.0,"enemies":"Gremlin Nob","floor":7.0,"turns":6.0},{"damage":2.0,"enemies":"2 Louse","floor":10.0,"turns":4.0},{"damage":6.0,"enemies":"Blue Slaver","floor":11.0,"turns":4.0},{"damage":1,"enemies":"Large Slime","floor":12,"turns":7},{"damage":26,"enemies":"Gremlin Nob","floor":13,"turns":4},{"damage":10,"enemies":"Hexaghost","floor":16,"turns":7}],"seed_played":"580578585301901486","potions_obtained":[{"floor":3.0,"key":"LiquidBronze"},{"floor":7.0,"key":"Fire Potion"},{"floor":12,"key":"Energy Potion"}],"is_trial":false,"path_per_floor":["M","?","M","$","?","R","E","R","T","M","M","M","?","?","R","B"],"character_chosen":"THE_SILENT","items_purchased":["Backflip"],"campfire_rested":1,"item_purchase_floors":[4],"current_hp_per_floor":[64,71,71,71,71,71,19,44,44,42,36,35,9,9,9,0],"gold":160,"neow_bonus":"TEN_PERCENT_HP_BONUS","is_prod":false,"is_daily":false,"chose_seed":false,"campfire_upgraded":1,"win_rate":0,"timestamp":1559788705,"path_taken":["M","?","?","$","?","R","E","R","T","M","M","M","?","?","R","BOSS"],"build_version":"2019-01-23","purchased_purges":1,"victory":false,"max_hp_per_floor":[77,84,84,84,84,84,84,84,84,84,84,84,84,78,78,78],"card_choices":[{"not_picked":["Deadly Poison","Flying Knee"],"picked":"PiercingWail","floor":1.0},{"not_picked":["Tactician","Underhanded Strike"],"picked":"Blade Dance","floor":3.0},{"not_picked":["Poisoned Stab","Underhanded Strike"],"picked":"Dagger Spray","floor":7.0},{"not_picked":["Bouncing Flask","Predator"],"picked":"Deflect","floor":10.0},{"not_picked":["Night Terror","Dagger Spray"],"picked":"Endless Agony","floor":11},{"not_picked":["Choke","Riddle With Holes"],"picked":"Deadly Poison","floor":12},{"not_picked":["Dagger Throw","Endless Agony"],"picked":"PiercingWail","floor":13}],"player_experience":270466,"relics_obtained":[{"floor":7.0,"key":"Bag of Preparation"},{"floor":9.0,"key":"Art of War"}],"event_choices":[{"cards_removed":["PiercingWail"],"damage_healed":0.0,"max_hp_gain":0.0,"max_hp_loss":0.0,"gold_gain":0.0,"event_name":"WeMeetAgain","player_choice":"Gave Card","floor":2.0,"gold_loss":0.0,"damage_taken":0.0,"relics_obtained":["Strawberry"]},{"damage_healed":0.0,"max_hp_gain":0.0,"max_hp_loss":0.0,"gold_gain":0.0,"event_name":"Liars Game","player_choice":"Ignored","floor":5.0,"gold_loss":0.0,"damage_taken":0.0},{"damage_healed":0,"gold_gain":30,"player_choice":"Searched \u00273\u0027 times","damage_taken":0,"relics_obtained":["Girya"],"max_hp_gain":0,"max_hp_loss":0,"event_name":"Dead Adventurer","floor":13,"gold_loss":0},{"damage_healed":0,"gold_gain":0,"player_choice":"Lose Max HP","damage_taken":0,"relics_obtained":["Golden Idol"],"max_hp_gain":0,"max_hp_loss":6,"event_name":"Golden Idol","floor":14,"gold_loss":0}],"is_beta":false,"boss_relics":[],"items_purged_floors":[4],"is_endless":false,"potions_floor_spawned":[3,7,12],"killed_by":"Hexaghost","ascension_level":7}