{"gold_per_floor":[110,121,136,151,171,171,199,199,224,257,268,268,285,385,385,482,482,500,500,58,158,169,169,185,195,221,221,254,254,254,280,280,378,378,394,394,72,72,92,123,123,142,168,168,187,0,0,15,15,15],"floor_reached":51,"playtime":4330,"items_purged":["Strike_G+1"],"score":763,"play_id":"32d3c638-b6ce-48fc-8053-2a636fad35ee","local_time":"20190611222940","is_ascension_mode":true,"campfire_choices":[{"data":"Neutralize","floor":6,"key":"SMITH"},{"data":"Skewer","floor":8,"key":"SMITH"},{"data":"Caltrops","floor":12,"key":"SMITH"},{"data":"Deadly Poison","floor":15,"key":"SMITH"},{"data":"Footwork","floor":23,"key":"SMITH"},{"data":"Catalyst","floor":27,"key":"SMITH"},{"data":"Adrenaline","floor":29,"key":"SMITH"},{"data":"Blade Dance","floor":32,"key":"SMITH"},{"data":"Noxious Fumes","floor":41,"key":"SMITH"},{"data":"Caltrops","floor":47,"key":"SMITH"},{"data":"Leg Sweep","floor":49,"key":"SMITH"}],"neow_cost":"NONE","seed_source_timestamp":2321776220198600,"circlet_count":0,"master_deck":["Defend_G+1","Defend_G+1","Defend_G+1","Defend_G+1","Survivor","Neutralize+1","Terror","Leg Sweep+1","Caltrops+1","Deadly Poison+1","Skewer+1","Poisoned Stab","PiercingWail","Adrenaline+1","Infinite Blades+1","Dagger Spray+1","Prepared+1","Acrobatics+1","Footwork+1","Infinite Blades+1","Blade Dance+1","Deadly Poison+1","Catalyst+1","After Image+1","Crippling Poison+1","Cloak And Dagger","Dodge and Roll+1","Caltrops+1","Cloak And Dagger+1","Noxious Fumes+1","Clumsy","Calculated Gamble+1"],"relics":["Cursed Key","Omamori","Juzu Bracelet","Centennial Puzzle","Astrolabe","Thread and Needle","StoneCalendar","Dodecahedron","Lantern","Potion Belt","MutagenicStrength","Question Card","Orrery","Ninja Scroll","Happy Flower","Bag of Preparation","Red Mask"],"potions_floor_usage":[10,13,16,21,33,33,40,50,50,50,50],"damage_taken":[{"damage":1,"enemies":"2 Louse","floor":1,"turns":3},{"damage":0,"enemies":"Cultist","floor":2,"turns":3},{"damage":0,"enemies":"Small Slimes","floor":3,"turns":4},{"damage":10,"enemies":"2 Fungi Beasts","floor":4,"turns":4},{"damage":1,"enemies":"Blue Slaver","floor":5,"turns":4},{"damage":17,"enemies":"3 Sentries","floor":7,"turns":11},{"damage":8,"enemies":"Lagavulin","floor":10,"turns":7},{"damage":6,"enemies":"Lots of Slimes","floor":11,"turns":4},{"damage":5,"enemies":"Gremlin Gang","floor":13,"turns":3},{"damage":11,"enemies":"The Guardian","floor":16,"turns":8},{"damage":6,"enemies":"Spheric Guardian","floor":18,"turns":4},{"damage":2,"enemies":"Colosseum Slavers","floor":21,"turns":4},{"damage":0,"enemies":"Colosseum Nobs","floor":21,"turns":5},{"damage":0,"enemies":"Chosen","floor":22,"turns":3},{"damage":0,"enemies":"Centurion and Healer","floor":24,"turns":6},{"damage":0,"enemies":"Snake Plant","floor":25,"turns":4},{"damage":3,"enemies":"Gremlin Leader","floor":28,"turns":4},{"damage":6,"enemies":"Book of Stabbing","floor":31,"turns":5},{"damage":24,"enemies":"Collector","floor":33,"turns":6},{"damage":0,"enemies":"Orb Walker","floor":35,"turns":4},{"damage":0,"enemies":"3 Shapes","floor":39,"turns":6},{"damage":0,"enemies":"Giant Head","floor":40,"turns":7},{"damage":0,"enemies":"Maw","floor":42,"turns":6},{"damage":0,"enemies":"4 Shapes","floor":45,"turns":5},{"damage":0,"enemies":"Writhing Mass","floor":48,"turns":3},{"damage":35,"enemies":"Awakened One","floor":50,"turns":12}],"seed_played":"-208005935895124994","potions_obtained":[{"floor":3,"key":"Strength Potion"},{"floor":4,"key":"PowerPotion"},{"floor":5,"key":"Energy Potion"},{"floor":10,"key":"SteroidPotion"},{"floor":13,"key":"Poison Potion"},{"floor":18,"key":"Poison Potion"},{"floor":21,"key":"EssenceOfSteel"},{"floor":28,"key":"GamblersBrew"},{"floor":35,"key":"Poison Potion"},{"floor":39,"key":"Energy Potion"},{"floor":48,"key":"Block Potion"}],"is_trial":false,"path_per_floor":["M","M","M","M","M","R","E","R","T","E","M","R","M","?","R","B",null,"M","?","$","?","M","R","M","M","T","R","E","R","?","E","R","B",null,"M","?","$","?","M","E","R","M","T","?","M","?","R","M","R","B",null],"character_chosen":"THE_SILENT","items_purchased":["Footwork","Thread and Needle","Noxious Fumes","Ninja Scroll"],"campfire_rested":0,"item_purchase_floors":[20,20,37,37],"current_hp_per_floor":[69,69,69,59,58,58,41,41,41,33,27,27,22,22,22,11,70,64,64,64,62,62,62,62,62,62,62,59,59,59,53,53,29,70,70,70,70,70,70,70,70,70,70,70,70,70,70,70,70,35],"gold":15,"neow_bonus":"BOSS_RELIC","is_prod":false,"is_daily":false,"chose_seed":false,"campfire_upgraded":11,"win_rate":0,"timestamp":1560306580,"path_taken":["M","M","M","M","M","R","E","R","T","E","M","R","M","?","R","BOSS","M","?","$","?","M","R","M","M","T","R","E","R","?","E","R","BOSS","M","?","$","?","M","E","R","M","T","?","M","?","R","M","R","BOSS"],"build_version":"2019-01-23","purchased_purges":1,"victory":true,"max_hp_per_floor":[70,70,70,70,70,70,70,70,70,70,70,70,70,70,70,70,70,70,70,70,70,70,70,70,70,70,70,70,70,70,70,70,70,70,70,70,70,70,70,70,70,70,70,70,70,70,70,70,70,70],"card_choices":[{"not_picked":["Outmaneuver","Concentrate"],"picked":"Terror","floor":1},{"not_picked":["Setup","Dagger Throw"],"picked":"Leg Sweep","floor":2},{"not_picked":["Quick Slash","Accuracy"],"picked":"Caltrops","floor":3},{"not_picked":["Bane","Terror"],"picked":"Deadly Poison","floor":4},{"not_picked":["Prepared","Outmaneuver"],"picked":"Skewer","floor":5},{"not_picked":["Riddle With Holes","Outmaneuver","Calculated Gamble"],"picked":"SKIP","floor":7},{"not_picked":["Cloak And Dagger","Acrobatics"],"picked":"Poisoned Stab","floor":10},{"not_picked":["Acrobatics","Predator","Setup"],"picked":"SKIP","floor":11},{"not_picked":["Prepared","Slice"],"picked":"PiercingWail","floor":13},{"not_picked":["Die Die Die","Storm of Steel"],"picked":"Adrenaline","floor":16},{"not_picked":["Bane","Blade Dance"],"picked":"Acrobatics+1","floor":18},{"not_picked":["Endless Agony","Poisoned Stab"],"picked":"Infinite Blades+1","floor":21},{"not_picked":["Masterful Stab","Eviscerate"],"picked":"Blade Dance","floor":22},{"not_picked":["Finisher","Outmaneuver+1"],"picked":"Deadly Poison+1","floor":24},{"not_picked":["Calculated Gamble","Acrobatics"],"picked":"Catalyst","floor":25},{"not_picked":["Quick Slash","Dagger Spray","Reflex+1"],"picked":"SKIP","floor":28},{"not_picked":["Choke","All Out Attack+1","Flying Knee"],"picked":"SKIP","floor":31},{"not_picked":["Die Die Die","Unload","Grand Finale"],"picked":"After Image","floor":33},{"not_picked":["Deflect","Dagger Spray","Outmaneuver"],"picked":"Crippling Poison+1","floor":34},{"not_picked":["Expertise","Poisoned Stab","Crippling Poison"],"picked":"Cloak And Dagger","floor":34},{"not_picked":["Underhanded Strike+1","Poisoned Stab+1","Endless Agony"],"picked":"Dodge and Roll+1","floor":34},{"not_picked":["Deflect","Dagger Throw","Endless Agony"],"picked":"Caltrops","floor":34},{"not_picked":["Dagger Spray","Slice","Backflip"],"picked":"Cloak And Dagger+1","floor":35},{"not_picked":["Tactician","PiercingWail","Dagger Spray+1","Cloak And Dagger"],"picked":"SKIP","floor":39},{"not_picked":["Distraction+1","Concentrate+1","Riddle With Holes+1","After Image"],"picked":"SKIP","floor":40},{"not_picked":["Leg Sweep","Bane","Dagger Spray+1","Flying Knee+1"],"picked":"SKIP","floor":42},{"not_picked":["Eviscerate+1","PiercingWail+1","Flechettes"],"picked":"Calculated Gamble+1","floor":45},{"not_picked":["Choke","Blade Dance","Bane","Expertise"],"picked":"SKIP","floor":48}],"player_experience":1285423,"relics_obtained":[{"floor":7,"key":"Omamori"},{"floor":9,"key":"Juzu Bracelet"},{"floor":10,"key":"Centennial Puzzle"},{"floor":21,"key":"StoneCalendar"},{"floor":21,"key":"Dodecahedron"},{"floor":26,"key":"Lantern"},{"floor":28,"key":"Potion Belt"},{"floor":31,"key":"Question Card"},{"floor":40,"key":"Happy Flower"},{"floor":43,"key":"Bag of Preparation"}],"event_choices":[{"damage_healed":0,"gold_gain":100,"player_choice":"Pray","damage_taken":0,"max_hp_gain":0,"max_hp_loss":0,"event_name":"Golden Shrine","floor":14,"gold_loss":0},{"damage_healed":0,"gold_gain":0,"player_choice":"Simplicity","damage_taken":0,"max_hp_gain":0,"max_hp_loss":0,"event_name":"Back to Basics","floor":19,"gold_loss":0,"cards_upgraded":["Defend_G","Defend_G","Defend_G","Defend_G","Defend_G","Strike_G","Strike_G"]},{"damage_healed":0,"gold_gain":0,"player_choice":"Fight","damage_taken":0,"max_hp_gain":0,"max_hp_loss":0,"event_name":"Colosseum","floor":21,"gold_loss":0},{"damage_healed":0,"gold_gain":0,"player_choice":"Fought Nobs","damage_taken":0,"max_hp_gain":0,"max_hp_loss":0,"event_name":"Colosseum","floor":21,"gold_loss":0},{"damage_healed":0,"gold_gain":0,"player_choice":"Inject Mutagens","damage_taken":0,"relics_obtained":["MutagenicStrength"],"max_hp_gain":0,"max_hp_loss":0,"event_name":"Drug Dealer","floor":30,"gold_loss":0},{"damage_healed":0,"gold_gain":0,"player_choice":"Upgraded","damage_taken":0,"max_hp_gain":0,"max_hp_loss":0,"event_name":"Upgrade Shrine","floor":36,"gold_loss":0,"cards_upgraded":["After Image"]},{"cards_removed":["Strike_G"],"damage_healed":0,"gold_gain":0,"player_choice":"Offered Basic","damage_taken":0,"max_hp_gain":0,"max_hp_loss":0,"event_name":"Bonfire Elementals","floor":38,"gold_loss":0},{"cards_removed":["Defend_G"],"damage_healed":0,"gold_gain":0,"player_choice":"Removed Skill","damage_taken":0,"max_hp_gain":0,"max_hp_loss":0,"event_name":"Falling","floor":44,"gold_loss":0},{"damage_healed":0,"gold_gain":0,"player_choice":"Paid","damage_taken":0,"relics_obtained":["Red Mask"],"max_hp_gain":0,"max_hp_loss":0,"event_name":"Tomb of Lord Red Mask","floor":46,"gold_loss":187}],"is_beta":false,"boss_relics":[{"not_picked":["Black Star","Runic Pyramid"],"picked":"Astrolabe"},{"not_picked":["Coffee Dripper","White Beast Statue"],"picked":"Orrery"}],"items_purged_floors":[20],"is_endless":false,"potions_floor_spawned":[3,4,5,10,13,18,21,28,35,39,48],"ascension_level":1}