{"gold_per_floor":[117,67,87,104,120,120,146,146,200,219,219,229,247,275,275,373,373,393,393,404,156,175,175,190,190,270,270,270,285,285,301,301,404,404,421,437,164,164,164,164,164,164,187,207,226,241,1,14,14,14],"floor_reached":51,"playtime":2172,"items_purged":["Defend_R","Strike_R","Strike_R"],"score":898,"play_id":"80f90d12-c58d-4ef7-bde6-8201bd4c73ec","local_time":"20180911165459","is_ascension_mode":true,"campfire_choices":[{"data":"Uppercut","floor":6,"key":"SMITH"},{"data":"Shrug It Off","floor":8,"key":"SMITH"},{"data":"Shrug It Off","floor":11,"key":"SMITH"},{"floor":15,"key":"REST"},{"floor":23,"key":"REST"},{"data":"Demon Form","floor":27,"key":"SMITH"},{"data":"True Grit","floor":30,"key":"SMITH"},{"floor":32,"key":"REST"},{"data":"Limit Break","floor":40,"key":"SMITH"},{"data":"Heavy Blade","floor":42,"key":"SMITH"},{"floor":49,"key":"REST"}],"neow_cost":"CURSE","seed_source_timestamp":19389056751629,"circlet_count":0,"master_deck":["Strike_R","Strike_R","Strike_R","Defend_R","Defend_R","Bash","Uppercut+1","Shrug It Off+1","Iron Wave","Shrug It Off+1","Demon Form+1","Body Slam+1","Heavy Blade+1","Uppercut","True Grit+1","Limit Break+1","Writhe"],"relics":["Black Blood","Pantograph","Bag of Preparation","Anchor","Membership Card","Mercury Hourglass","Singing Bowl","Busted Crown","Paper Frog","PrismaticShard","Omamori","Oddly Smooth Stone","Toy Ornithopter"],"potions_floor_usage":[13,16,16,18,22,31,46,50,50],"damage_taken":[{"damage":5,"enemies":"2 Louse","floor":1,"turns":4},{"damage":6,"enemies":"Jaw Worm","floor":3,"turns":3},{"damage":7,"enemies":"Small Slimes","floor":4,"turns":4},{"damage":14,"enemies":"Gremlin Gang","floor":5,"turns":5},{"damage":25,"enemies":"Lagavulin","floor":7,"turns":8},{"damage":2,"enemies":"Blue Slaver","floor":10,"turns":4},{"damage":17,"enemies":"Exordium Wildlife","floor":12,"turns":4},{"damage":4,"enemies":"2 Fungi Beasts","floor":13,"turns":4},{"damage":34,"enemies":"3 Sentries","floor":14,"turns":11},{"damage":72,"enemies":"Slime Boss","floor":16,"turns":15},{"damage":22,"enemies":"Shell Parasite","floor":18,"turns":6},{"damage":19,"enemies":"Spheric Guardian","floor":20,"turns":4},{"damage":36,"enemies":"Centurion and Healer","floor":22,"turns":6},{"damage":6,"enemies":"Snecko","floor":24,"turns":4},{"damage":7,"enemies":"Cultist and Chosen","floor":29,"turns":5},{"damage":44,"enemies":"3 Cultists","floor":31,"turns":5},{"damage":67,"enemies":"Automaton","floor":33,"turns":10},{"damage":34,"enemies":"3 Darklings","floor":35,"turns":6},{"damage":0,"enemies":"Orb Walker","floor":36,"turns":3},{"damage":36,"enemies":"Transient","floor":44,"turns":5},{"damage":16,"enemies":"Maw","floor":45,"turns":7},{"damage":2,"enemies":"4 Shapes","floor":46,"turns":6},{"damage":28,"enemies":"3 Darklings","floor":48,"turns":12},{"damage":74,"enemies":"Donu and Deca","floor":50,"turns":8}],"seed_played":"6884812047202163728","potions_obtained":[{"floor":1,"key":"Ancient Potion"},{"floor":3,"key":"Swift Potion"},{"floor":5,"key":"Block Potion"},{"floor":12,"key":"Dexterity Potion"},{"floor":14,"key":"BloodPotion"},{"floor":16,"key":"PowerPotion"},{"floor":18,"key":"Regen Potion"},{"floor":31,"key":"BloodPotion"},{"floor":36,"key":"SpeedPotion"},{"floor":44,"key":"Explosive Potion"},{"floor":46,"key":"PowerPotion"}],"is_trial":false,"path_per_floor":["M","?","M","M","M","R","E","R","T","M","R","M","M","E","R","B",null,"M","?","M","$","M","R","M","T","T","R","?","M","R","M","R","B",null,"M","M","$","?","?","R","?","R","T","M","M","M","$","M","R","B"],"character_chosen":"IRONCLAD","items_purchased":["Membership Card","Uppercut","Paper Frog","PrismaticShard","Oddly Smooth Stone","Toy Ornithopter"],"campfire_rested":4,"item_purchase_floors":[21,21,37,37,47,47],"current_hp_per_floor":[96,96,96,95,87,87,68,68,68,72,72,61,63,35,63,22,78,66,66,57,57,40,68,72,72,72,72,72,77,77,54,84,43,86,64,76,76,102,102,102,102,102,102,78,74,84,84,68,101,55],"gold":14,"neow_bonus":"TWENTY_PERCENT_HP_BONUS","is_prod":false,"is_daily":false,"chose_seed":false,"campfire_upgraded":7,"win_rate":0,"timestamp":1536674099,"path_taken":["M","?","?","?","M","R","E","R","T","M","R","M","M","E","R","BOSS","M","?","M","$","M","R","M","?","T","R","?","M","R","M","R","BOSS","M","?","$","?","?","R","?","R","T","?","M","M","$","M","R","BOSS"],"build_version":"2018-09-06","purchased_purges":3,"victory":true,"max_hp_per_floor":[96,96,96,96,96,96,96,96,96,96,96,96,96,96,96,96,96,96,96,96,96,96,96,96,96,96,96,96,98,98,100,100,100,100,102,104,104,104,104,104,104,104,104,106,108,110,110,112,112,112],"card_choices":[{"not_picked":["Evolve","Rage"],"picked":"Uppercut","floor":1},{"not_picked":["Burning Pact","Warcry"],"picked":"Shrug It Off","floor":3},{"not_picked":["Wild Strike","Havoc"],"picked":"Iron Wave","floor":4},{"not_picked":["Power Through","Iron Wave"],"picked":"Shrug It Off","floor":5},{"not_picked":["Thunderclap","Carnage","Blood for Blood"],"picked":"SKIP","floor":7},{"not_picked":["Clothesline","Perfected Strike","Iron Wave"],"picked":"SKIP","floor":10},{"not_picked":["Twin Strike","Clash"],"picked":"Flex","floor":12},{"not_picked":["Clash","Sever Soul","Pommel Strike"],"picked":"SKIP","floor":13},{"not_picked":["Battle Trance","Searing Blow","Power Through"],"picked":"SKIP","floor":14},{"not_picked":["Offering","Feed"],"picked":"Demon Form","floor":16},{"not_picked":["Sentinel+1","Perfected Strike"],"picked":"Body Slam+1","floor":18},{"not_picked":["Whirlwind","Intimidate+1"],"picked":"Heavy Blade","floor":20},{"not_picked":["Twin Strike","Shrug It Off","Warcry"],"picked":"SKIP","floor":22},{"not_picked":["Juggernaut","Sever Soul","Perfected Strike"],"picked":"SKIP","floor":24},{"not_picked":["Shrug It Off+1","Anger+1","Sword Boomerang"],"picked":"Singing Bowl","floor":29},{"not_picked":["Shrug It Off","Wild Strike","Bludgeon"],"picked":"Singing Bowl","floor":31},{"not_picked":["Impervious","Demon Form"],"picked":"Limit Break","floor":33},{"not_picked":["Iron Wave"],"picked":"Singing Bowl","floor":35},{"not_picked":["Warcry+1"],"picked":"Singing Bowl","floor":36},{"not_picked":["Steam"],"picked":"Singing Bowl","floor":44},{"not_picked":["Blade Dance+1"],"picked":"Singing Bowl","floor":45},{"not_picked":["Anger"],"picked":"Singing Bowl","floor":46},{"not_picked":["Searing Blow"],"picked":"Singing Bowl","floor":48}],"player_experience":154839,"relics_obtained":[{"floor":7,"key":"Pantograph"},{"floor":9,"key":"Bag of Preparation"},{"floor":14,"key":"Anchor"},{"floor":25,"key":"Mercury Hourglass"},{"floor":26,"key":"Singing Bowl"},{"floor":43,"key":"Omamori"}],"event_choices":[{"event_name":"The Cleric","player_choice":"Card Removal","floor":2,"damage_taken":0},{"event_name":"Back to Basics","player_choice":"Elegance","floor":19,"damage_taken":0},{"event_name":"The Library","player_choice":"Read","floor":28,"damage_taken":0},{"event_name":"Winding Halls","player_choice":"Writhe","floor":38,"damage_taken":0},{"event_name":"Tomb of Lord Red Mask","player_choice":"Ignored","floor":39,"damage_taken":0},{"event_name":"Falling","player_choice":"Removed Skill","floor":41,"damage_taken":0}],"is_beta":false,"boss_relics":[{"not_picked":["Lizard Tail","Philosopher\u0027s Stone"],"picked":"Black Blood"},{"not_picked":["Fusion Hammer","Sozu"],"picked":"Busted Crown"}],"items_purged_floors":[21,37,47],"is_endless":false,"potions_floor_spawned":[1,3,5,12,14,16,18,31,36,44,46],"ascension_level":5}