{"gold_per_floor":[212,232,232,244,263,263,274,274,274,285,285,350,362,67,67,168,168,184,184,184,204,223,258,258,34,34,34,34,48,76,90,90,195,195,215,235,253,265,74,74,99,99,99,125,125,139,151,151,151,151],"floor_reached":51,"playtime":25071,"items_purged":["Defend_R"],"score":741,"play_id":"8a542131-7ce3-4a9b-b3dc-4e2ea372a77d","local_time":"20180819014533","is_ascension_mode":false,"campfire_choices":[{"data":"Armaments","floor":6,"key":"SMITH"},{"data":"Flame Barrier","floor":8,"key":"SMITH"},{"data":"Uppercut","floor":11,"key":"SMITH"},{"data":"Whirlwind","floor":15,"key":"SMITH"},{"data":"Demon Form","floor":24,"key":"SMITH"},{"data":"Evolve","floor":28,"key":"SMITH"},{"data":"Disarm","floor":32,"key":"SMITH"},{"data":"Shrug It Off","floor":40,"key":"SMITH"},{"data":"Iron Wave","floor":42,"key":"SMITH"},{"data":"Bite","floor":49,"key":"SMITH"}],"neow_cost":"NONE","seed_source_timestamp":333606233161849,"circlet_count":0,"master_deck":["Defend_R+1","Defend_R+1","Bash","Uppercut+1","Cleave","Reaper","Flame Barrier+1","Armaments+1","Pommel Strike","Iron Wave+1","Whirlwind+1","Shrug It Off+1","Demon Form+1","RitualDagger","True Grit","Pommel Strike","Disarm+1","Evolve+1","Bite+1","Bite","Bite","Bite","Bite","Body Slam+1","Body Slam","Iron Wave+1","Heavy Blade+1","Entrench+1","Cleave+1","Shrug It Off+1","Shockwave+1"],"relics":["Burning Blood","War Paint","Happy Flower","Pantograph","Velvet Choker","Meat on the Bone","Prayer Wheel","Mummified Hand","Letter Opener","Busted Crown","Lee\u0027s Waffle","Kunai","Paper Frog","Bottled Tornado","Charon\u0027s Ashes"],"potions_floor_usage":[12,16,16,33,37,37,44],"damage_taken":[{"damage":9,"enemies":"Jaw Worm","floor":1,"turns":5},{"damage":1,"enemies":"Cultist","floor":2,"turns":4},{"damage":0,"enemies":"Small Slimes","floor":4,"turns":3},{"damage":10,"enemies":"Looter","floor":5,"turns":3},{"damage":33,"enemies":"Exordium Thugs","floor":7,"turns":5},{"damage":5,"enemies":"Lots of Slimes","floor":10,"turns":3},{"damage":30,"enemies":"Lagavulin Event","floor":12,"turns":7},{"damage":0,"enemies":"3 Louse","floor":13,"turns":3},{"damage":30,"enemies":"Hexaghost","floor":16,"turns":8},{"damage":1,"enemies":"Chosen","floor":18,"turns":4},{"damage":20,"enemies":"2 Thieves","floor":21,"turns":3},{"damage":18,"enemies":"Snake Plant","floor":22,"turns":5},{"damage":11,"enemies":"Book of Stabbing","floor":23,"turns":4},{"damage":14,"enemies":"Centurion and Healer","floor":29,"turns":5},{"damage":54,"enemies":"Gremlin Leader","floor":30,"turns":5},{"damage":8,"enemies":"Chosen and Byrds","floor":31,"turns":4},{"damage":64,"enemies":"Collector","floor":33,"turns":9},{"damage":48,"enemies":"3 Darklings","floor":35,"turns":5},{"damage":39,"enemies":"Flame Bruiser 1 Orb","floor":36,"turns":4},{"damage":40,"enemies":"Sphere and 2 Shapes","floor":37,"turns":5},{"damage":32,"enemies":"Maw","floor":38,"turns":7},{"damage":34,"enemies":"Giant Head","floor":41,"turns":8},{"damage":37,"enemies":"Nemesis","floor":44,"turns":7},{"damage":41,"enemies":"Transient","floor":46,"turns":5},{"damage":22,"enemies":"4 Shapes","floor":47,"turns":3},{"damage":0,"floor":48,"turns":4},{"damage":27,"enemies":"Time Eater","floor":50,"turns":6}],"seed_played":"3793264410344763072","potions_obtained":[{"floor":5,"key":"SteroidPotion"},{"floor":12,"key":"Energy Potion"},{"floor":12,"key":"Fruit Juice"},{"floor":13,"key":"Dexterity Potion"},{"floor":16,"key":"EssenceOfSteel"},{"floor":22,"key":"EssenceOfSteel"},{"floor":23,"key":"BloodPotion"},{"floor":30,"key":"Fire Potion"},{"floor":41,"key":"PowerPotion"},{"floor":44,"key":"SkillPotion"},{"floor":46,"key":"BloodPotion"}],"is_trial":false,"path_per_floor":["M","M","?","M","M","R","M","R","T","M","R","?","M","$","R","B",null,"M","?","?","M","M","E","R","$","T","?","R","M","E","M","R","B",null,"M","M","M","M","$","R","E","R","T","E","$","M","M","?","R","B"],"character_chosen":"IRONCLAD","items_purchased":["Pantograph","Shrug It Off","Disarm","Evolve","Lee\u0027s Waffle"],"campfire_rested":0,"item_purchase_floors":[14,14,25,25,39],"current_hp_per_floor":[77,80,80,80,76,76,55,55,55,56,56,37,55,55,55,56,85,85,79,79,65,55,50,50,50,50,50,50,54,22,39,39,30,59,34,37,25,44,66,66,45,45,45,42,42,27,46,66,66,50],"gold":151,"neow_bonus":"HUNDRED_GOLD","is_prod":false,"is_daily":false,"chose_seed":false,"campfire_upgraded":10,"win_rate":0,"timestamp":1534632333,"path_taken":["M","M","?","M","M","R","M","R","T","M","R","?","M","$","R","BOSS","M","?","?","M","M","E","R","$","T","?","R","M","E","M","R","BOSS","M","M","M","M","$","R","E","R","T","E","$","M","M","?","R","BOSS"],"build_version":"2018-08-16","purchased_purges":1,"victory":true,"max_hp_per_floor":[80,80,80,80,80,80,80,80,80,80,80,85,85,85,85,85,85,85,85,85,85,85,85,85,85,85,59,59,59,59,59,59,59,59,59,59,59,59,66,66,66,66,66,66,66,66,66,66,66,66],"card_choices":[{"not_picked":["Havoc","Anger"],"picked":"Uppercut","floor":1},{"not_picked":["Sword Boomerang","Infernal Blade"],"picked":"Cleave","floor":2},{"not_picked":["Feel No Pain","Iron Wave"],"picked":"Flame Barrier","floor":4},{"not_picked":["Uppercut","Hemokinesis"],"picked":"Armaments","floor":5},{"not_picked":["Bloodletting","Perfected Strike"],"picked":"Pommel Strike","floor":7},{"not_picked":["Clash","Clothesline","Twin Strike"],"picked":"SKIP","floor":10},{"not_picked":["Searing Blow","Twin Strike"],"picked":"Iron Wave","floor":12},{"not_picked":["Twin Strike","Battle Trance"],"picked":"Whirlwind","floor":13},{"not_picked":["Feed","Brutality"],"picked":"Demon Form","floor":16},{"not_picked":["Clash+1","Armaments","Searing Blow"],"picked":"SKIP","floor":18},{"not_picked":["Fire Breathing","Wild Strike+1"],"picked":"True Grit","floor":21},{"not_picked":["Twin Strike","Anger"],"picked":"Pommel Strike","floor":22},{"not_picked":["Clash","Dropkick","Perfected Strike"],"picked":"SKIP","floor":23},{"not_picked":["Rage","Feel No Pain","Warcry"],"picked":"SKIP","floor":29},{"not_picked":["Pommel Strike","Armaments+1","Whirlwind"],"picked":"SKIP","floor":29},{"not_picked":["True Grit+1","Demon Form"],"picked":"Body Slam+1","floor":30},{"not_picked":["Power Through","Disarm+1"],"picked":"Body Slam","floor":31},{"not_picked":["Body Slam","Twin Strike","Iron Wave"],"picked":"SKIP","floor":31},{"not_picked":["Sword Boomerang"],"picked":"SKIP","floor":35},{"not_picked":["Clothesline"],"picked":"SKIP","floor":35},{"not_picked":[],"picked":"Iron Wave+1","floor":36},{"not_picked":["Sword Boomerang"],"picked":"SKIP","floor":36},{"not_picked":[],"picked":"Heavy Blade+1","floor":37},{"not_picked":["Fiend Fire"],"picked":"SKIP","floor":37},{"not_picked":["Headbutt"],"picked":"SKIP","floor":38},{"not_picked":["Sword Boomerang"],"picked":"SKIP","floor":38},{"not_picked":["Second Wind+1"],"picked":"SKIP","floor":41},{"not_picked":["Hemokinesis+1"],"picked":"SKIP","floor":44},{"not_picked":[],"picked":"Entrench+1","floor":46},{"not_picked":[],"picked":"Cleave+1","floor":46},{"not_picked":[],"picked":"Shrug It Off+1","floor":47},{"not_picked":["Thunderclap"],"picked":"SKIP","floor":47},{"not_picked":[],"picked":"Shockwave+1","floor":48}],"player_experience":38894,"relics_obtained":[{"floor":9,"key":"War Paint"},{"floor":23,"key":"Prayer Wheel"},{"floor":26,"key":"Mummified Hand"},{"floor":30,"key":"Letter Opener"},{"floor":41,"key":"Kunai"},{"floor":43,"key":"Paper Frog"},{"floor":44,"key":"Bottled Tornado"},{"floor":48,"key":"Charon\u0027s Ashes"}],"event_choices":[{"event_name":"Transmorgrifier","player_choice":"Transform","floor":3,"damage_taken":0},{"event_name":"Dead Adventurer","player_choice":"Searched \u00273\u0027 times","floor":12,"damage_taken":0},{"event_name":"Nest","player_choice":"Joined the Cult","floor":19,"damage_taken":0},{"event_name":"WeMeetAgain","player_choice":"Potion","floor":20,"damage_taken":0},{"event_name":"Vampires","player_choice":"Became a vampire","floor":27,"damage_taken":0},{"event_name":"MindBloom","player_choice":"Fight","floor":48,"damage_taken":0}],"is_beta":false,"boss_relics":[{"not_picked":["Runic Cube","White Beast Statue"],"picked":"Velvet Choker"},{"not_picked":["Tiny House","Astrolabe"],"picked":"Busted Crown"}],"items_purged_floors":[25],"is_endless":false,"potions_floor_spawned":[5,12,12,13,16,22,23,30,31,41,44,46],"ascension_level":0}