{"gold_per_floor":[110,120,130,143,156,185,9,9],"floor_reached":8,"playtime":689,"items_purged":[],"score":60,"play_id":"b074b0b1-a33e-4439-bfb7-f39d0def34de","local_time":"20180818005920","is_ascension_mode":false,"campfire_choices":[],"neow_cost":"CURSE","seed_source_timestamp":268992315257949,"circlet_count":0,"master_deck":["Strike_R","Strike_R","Strike_R","Strike_R","Strike_R","Defend_R","Defend_R","Defend_R","Defend_R","Bash","Writhe","Demon Form","Dropkick","Flame Barrier","Body Slam","True Grit","Flex","Body Slam","Apotheosis"],"relics":["Burning Blood","Juzu Bracelet"],"potions_floor_usage":[6,6],"damage_taken":[{"damage":4,"enemies":"Cultist","floor":1,"turns":4},{"damage":0,"enemies":"Small Slimes","floor":2,"turns":3},{"damage":0,"enemies":"2 Louse","floor":3,"turns":3},{"damage":22,"enemies":"Exordium Wildlife","floor":4,"turns":5},{"damage":16,"enemies":"Red Slaver","floor":5,"turns":3},{"damage":44,"enemies":"3 Sentries","floor":6,"turns":10},{"damage":28,"enemies":"Gremlin Gang","floor":8,"turns":5}],"seed_played":"8649910619895326919","potions_obtained":[{"floor":1,"key":"BloodPotion"},{"floor":2,"key":"Weak Potion"},{"floor":4,"key":"LiquidBronze"},{"floor":6,"key":"Poison Potion"}],"is_trial":false,"path_per_floor":["M","M","M","M","M","E","$"],"character_chosen":"IRONCLAD","items_purchased":["Apotheosis"],"campfire_rested":0,"item_purchase_floors":[7],"current_hp_per_floor":[80,80,80,64,54,24,24,0],"gold":9,"neow_bonus":"THREE_RARE_CARDS","is_prod":false,"is_daily":false,"chose_seed":false,"campfire_upgraded":0,"win_rate":0.0,"timestamp":1534543160,"path_taken":["M","M","M","M","M","E","$","M"],"build_version":"2018-08-16","purchased_purges":0,"victory":false,"max_hp_per_floor":[80,80,80,80,80,80,80,80],"card_choices":[{"not_picked":["Fiend Fire","Limit Break"],"picked":"Demon Form","floor":0},{"not_picked":["Combust","Twin Strike"],"picked":"Dropkick","floor":1},{"not_picked":["Metallicize","Perfected Strike"],"picked":"Flame Barrier","floor":2},{"not_picked":["Heavy Blade","Iron Wave"],"picked":"Body Slam","floor":3},{"not_picked":["Combust","Clothesline"],"picked":"True Grit","floor":4},{"not_picked":["True Grit","Clash"],"picked":"Flex","floor":5},{"not_picked":["Sword Boomerang","Blood for Blood"],"picked":"Body Slam","floor":6}],"player_experience":18694,"relics_obtained":[{"floor":6,"key":"Juzu Bracelet"}],"event_choices":[],"is_beta":false,"boss_relics":[],"items_purged_floors":[],"is_endless":false,"potions_floor_spawned":[1,2,4,6],"killed_by":"Gremlin Gang","ascension_level":0}