{"gold_per_floor":[109,109,126,142,142,142,168,186,186,186,186,213,223,223,223,223],"floor_reached":16,"playtime":510,"items_purged":[],"score":143,"play_id":"bf053aaa-9230-4b4a-9aa5-c86cde400172","local_time":"20180911170449","is_ascension_mode":true,"campfire_choices":[{"data":"Iron Wave","floor":6,"key":"SMITH"},{"data":"Immolate","floor":10,"key":"SMITH"},{"floor":15,"key":"REST"}],"neow_cost":"NONE","seed_source_timestamp":21705140809589,"circlet_count":0,"master_deck":["Strike_R","Strike_R","Strike_R","Strike_R","Strike_R","Defend_R+1","Defend_R","Defend_R+1","Defend_R","Bash","Iron Wave+1","Shrug It Off+1","Immolate+1","Body Slam","Double Tap","Whirlwind"],"relics":["Burning Blood","Pen Nib","Question Card","War Paint","Letter Opener","Boot","Dead Branch"],"potions_floor_usage":[8,16],"damage_taken":[{"damage":6,"enemies":"Cultist","floor":1,"turns":3},{"damage":8,"enemies":"2 Louse","floor":3,"turns":2},{"damage":0,"enemies":"Small Slimes","floor":4,"turns":3},{"damage":38,"enemies":"Gremlin Nob","floor":7,"turns":5},{"damage":13,"enemies":"Exordium Thugs","floor":8,"turns":4},{"damage":32,"enemies":"Lagavulin","floor":12,"turns":7},{"damage":11,"enemies":"Looter","floor":13,"turns":2},{"damage":48,"enemies":"Hexaghost","floor":16,"turns":10}],"seed_played":"-7142121959852095946","potions_obtained":[{"floor":7,"key":"Regen Potion"},{"floor":12,"key":"Block Potion"}],"is_trial":false,"path_per_floor":["M","T","M","M","?","R","E","M","T","R","?","E","M","T","R"],"character_chosen":"IRONCLAD","items_purchased":[],"campfire_rested":1,"item_purchase_floors":[],"current_hp_per_floor":[72,72,70,76,76,76,44,49,49,49,49,23,18,18,42,0],"gold":223,"neow_bonus":"RANDOM_COMMON_RELIC","is_prod":false,"is_daily":false,"chose_seed":false,"campfire_upgraded":2,"win_rate":0,"timestamp":1536674689,"path_taken":["M","?","?","M","?","R","E","M","T","R","?","E","M","?","R","BOSS"],"build_version":"2018-09-06","purchased_purges":0,"victory":false,"max_hp_per_floor":[80,80,80,80,80,80,80,80,80,80,80,80,80,80,80,80],"card_choices":[{"not_picked":["Wild Strike","Flex"],"picked":"Iron Wave","floor":1},{"not_picked":["Perfected Strike","Thunderclap","Burning Pact","Rupture"],"picked":"SKIP","floor":3},{"not_picked":["Shockwave","Armaments","Sword Boomerang"],"picked":"Shrug It Off","floor":4},{"not_picked":["Headbutt","Iron Wave","Sword Boomerang"],"picked":"Immolate","floor":7},{"not_picked":["Sever Soul","Perfected Strike","Rupture"],"picked":"Body Slam","floor":8},{"not_picked":["Shrug It Off","Warcry","Sentinel"],"picked":"Whirlwind","floor":12},{"not_picked":["Cleave","Perfected Strike","Havoc","Feed"],"picked":"SKIP","floor":13}],"player_experience":157011,"relics_obtained":[{"floor":2,"key":"Question Card"},{"floor":7,"key":"War Paint"},{"floor":9,"key":"Letter Opener"},{"floor":12,"key":"Boot"},{"floor":14,"key":"Dead Branch"}],"event_choices":[{"event_name":"Accursed Blacksmith","player_choice":"Forge","floor":5,"damage_taken":0},{"event_name":"Match and Keep!","player_choice":"1 cards matched","floor":11,"damage_taken":0}],"is_beta":false,"boss_relics":[],"items_purged_floors":[],"is_endless":false,"potions_floor_spawned":[7,12],"killed_by":"Hexaghost","ascension_level":6}