{"gold_per_floor":[109,127,145,163,177,177,193,193,193,204,222,232,260,271,271,373,373,384,401,415,415,63,89,99,99,99,99,109,443,457,474,474,474],"floor_reached":33,"playtime":2371,"items_purged":["Strike_R"],"score":299,"play_id":"ada2e4a6-107a-4823-8af0-c5dec7c8be46","local_time":"20180818021850","is_ascension_mode":false,"campfire_choices":[{"data":"Feel No Pain","floor":6,"key":"SMITH"},{"data":"Iron Wave","floor":8,"key":"SMITH"},{"data":"Body Slam","floor":15,"key":"SMITH"},{"data":"Armaments","floor":25,"key":"SMITH"},{"floor":27,"key":"REST"},{"floor":32,"key":"REST"}],"neow_cost":"NONE","seed_source_timestamp":272079452207500,"circlet_count":0,"master_deck":["Strike_R","Strike_R","Strike_R","Strike_R","Defend_R","Defend_R","Defend_R","Defend_R","Bash+1","Feel No Pain+1","Thunderclap","Heavy Blade","Bludgeon+1","Anger","Iron Wave+1","Warcry","Armaments","Rage","Body Slam+1","Reaper","Juggernaut","Intimidate","Dropkick","Clothesline+1","Panache","Dramatic Entrance","True Grit","Armaments+1","Dropkick","Cleave","Pommel Strike","Perfected Strike"],"relics":["Burning Blood","Gremlin Horn","Happy Flower","Busted Crown","Whetstone","Nunchaku","Old Coin"],"potions_floor_usage":[4,13,13,13,16,24,30,31,33],"damage_taken":[{"damage":1,"enemies":"Cultist","floor":1,"turns":3},{"damage":0,"enemies":"2 Louse","floor":2,"turns":2},{"damage":7,"enemies":"Small Slimes","floor":3,"turns":3},{"damage":19,"enemies":"Gremlin Gang","floor":4,"turns":5},{"damage":8,"enemies":"2 Fungi Beasts","floor":5,"turns":3},{"damage":10,"enemies":"3 Louse","floor":7,"turns":3},{"damage":0,"enemies":"Exordium Thugs","floor":10,"turns":4},{"damage":9,"enemies":"Blue Slaver","floor":11,"turns":3},{"damage":3,"enemies":"Gremlin Gang","floor":12,"turns":4},{"damage":18,"enemies":"Gremlin Nob","floor":13,"turns":4},{"damage":2,"enemies":"Exordium Thugs","floor":14,"turns":3},{"damage":68,"enemies":"The Guardian","floor":16,"turns":9},{"damage":13,"enemies":"Spheric Guardian","floor":18,"turns":4},{"damage":9,"enemies":"Chosen","floor":19,"turns":5},{"damage":13,"enemies":"Snake Plant","floor":20,"turns":4},{"damage":53,"enemies":"Slavers","floor":23,"turns":6},{"damage":0,"enemies":"Centurion and Healer","floor":24,"turns":6},{"damage":7,"enemies":"Cultist and Chosen","floor":28,"turns":8},{"damage":34,"enemies":"Book of Stabbing","floor":29,"turns":5},{"damage":18,"enemies":"3 Cultists","floor":30,"turns":4},{"damage":21,"enemies":"Snecko","floor":31,"turns":5},{"damage":57,"enemies":"Collector","floor":33,"turns":7}],"seed_played":"7085850297801289412","potions_obtained":[{"floor":1,"key":"SkillPotion"},{"floor":4,"key":"SkillPotion"},{"floor":10,"key":"EntropicBrew"},{"floor":23,"key":"EssenceOfSteel"},{"floor":24,"key":"EssenceOfSteel"},{"floor":29,"key":"Regen Potion"}],"is_trial":false,"path_per_floor":["M","M","M","M","M","R","M","R","T","M","M","M","E","M","R","B",null,"M","M","M","?","$","E","M","R","T","R","M","E","M","M","R"],"character_chosen":"IRONCLAD","items_purchased":["Panache","Dramatic Entrance"],"campfire_rested":2,"item_purchase_floors":[22,22],"current_hp_per_floor":[80,80,79,66,64,64,60,60,60,66,63,66,62,66,66,13,80,73,72,65,49,49,14,32,32,32,56,58,30,35,20,44,0],"gold":474,"neow_bonus":"UPGRADE_CARD","is_prod":false,"is_daily":false,"chose_seed":false,"campfire_upgraded":4,"win_rate":0.0,"timestamp":1534547930,"path_taken":["M","M","M","M","M","R","M","R","T","M","M","M","E","M","R","BOSS","M","M","M","?","?","E","M","R","T","R","M","E","M","M","R","BOSS"],"build_version":"2018-08-16","purchased_purges":1,"victory":false,"max_hp_per_floor":[80,80,80,80,80,80,80,80,80,80,80,80,80,80,80,80,80,80,80,80,80,80,80,80,80,80,80,80,80,80,80,80,80],"card_choices":[{"not_picked":["Clothesline","Flex"],"picked":"Feel No Pain","floor":1},{"not_picked":["Perfected Strike","Flex"],"picked":"Thunderclap","floor":2},{"not_picked":["Perfected Strike","Pommel Strike"],"picked":"Heavy Blade","floor":3},{"not_picked":["Reckless Charge","Twin Strike"],"picked":"Bludgeon","floor":4},{"not_picked":["Thunderclap","Combust"],"picked":"Anger","floor":5},{"not_picked":["Carnage","Entrench"],"picked":"Iron Wave","floor":7},{"not_picked":["Inflame","Searing Blow"],"picked":"Warcry","floor":10},{"not_picked":["Dropkick","Combust"],"picked":"Armaments","floor":11},{"not_picked":["Dual Wield","Heavy Blade"],"picked":"Rage","floor":12},{"not_picked":["Iron Wave","Warcry"],"picked":"Body Slam","floor":13},{"not_picked":["Twin Strike","Shrug It Off"],"picked":"Reaper","floor":14},{"not_picked":["Bludgeon","Brutality"],"picked":"Juggernaut","floor":16},{"not_picked":[],"picked":"Intimidate","floor":18},{"not_picked":[],"picked":"Dropkick","floor":19},{"not_picked":[],"picked":"Clothesline","floor":20},{"not_picked":[],"picked":"True Grit","floor":23},{"not_picked":[],"picked":"Armaments","floor":24},{"not_picked":[],"picked":"Dropkick","floor":28},{"not_picked":[],"picked":"Cleave","floor":29},{"not_picked":[],"picked":"Pommel Strike","floor":30},{"not_picked":[],"picked":"Perfected Strike","floor":31}],"player_experience":21729,"relics_obtained":[{"floor":9,"key":"Gremlin Horn"},{"floor":13,"key":"Happy Flower"},{"floor":23,"key":"Whetstone"},{"floor":26,"key":"Nunchaku"},{"floor":29,"key":"Old Coin"}],"event_choices":[{"event_name":"Cursed Tome","player_choice":"Obtained Book","floor":21,"damage_taken":0}],"is_beta":false,"boss_relics":[{"not_picked":["Eternal Feather","Black Blood"],"picked":"Busted Crown"}],"items_purged_floors":[22],"is_endless":false,"potions_floor_spawned":[1,4,10,23,24,29],"killed_by":"Collector","ascension_level":0}