{"gold_per_floor":[110,110,110,128,148,148,173,185,185,210,210,4,14,14,14,86,86,105,20,70,20,35,35,0,29,29,43,43,43],"floor_reached":29,"playtime":1357,"items_purged":["Strike_B"],"score":511,"play_id":"675e6294-158f-475b-8f88-5ab9e50c8c29","local_time":"20190607125255","is_ascension_mode":true,"campfire_choices":[{"data":"Sunder","floor":6,"key":"SMITH"},{"data":"Hologram","floor":11,"key":"SMITH"},{"floor":15,"key":"REST"},{"data":"Defragment","floor":23,"key":"SMITH"}],"neow_cost":"NONE","seed_source_timestamp":1565193380913118,"circlet_count":0,"master_deck":["AscendersBane","Strike_B","Strike_B","Defend_B","Defend_B","Defend_B","Defend_B","Zap","Dualcast","Leap","Chill","Sunder+1","Defragment+1","Chill","Hologram+1","Cold Snap","Blizzard","Creative AI","Leap+1","Glacier","Consume+1"],"relics":["Cracked Core","Dream Catcher","Centennial Puzzle","The Courier","Turnip","Membership Card","Sozu","Smiling Mask","Toxic Egg 2","Ornamental Fan"],"potions_floor_usage":[16,18,25],"damage_taken":[{"damage":5,"enemies":"Small Slimes","floor":1,"turns":3},{"damage":0,"enemies":"Jaw Worm","floor":4,"turns":4},{"damage":1,"enemies":"Cultist","floor":5,"turns":4},{"damage":0,"enemies":"3 Sentries","floor":7,"turns":7},{"damage":5,"enemies":"Large Slime","floor":8,"turns":6},{"damage":21,"enemies":"Gremlin Nob","floor":10,"turns":4},{"damage":0,"enemies":"Exordium Wildlife","floor":13,"turns":6},{"damage":29,"enemies":"Slime Boss","floor":16,"turns":10},{"damage":8,"enemies":"3 Byrds","floor":18,"turns":3},{"damage":17,"enemies":"Chosen","floor":22,"turns":6},{"damage":17,"enemies":"Gremlin Leader","floor":25,"turns":11},{"damage":8,"enemies":"Snake Plant","floor":27,"turns":6},{"damage":2,"enemies":"Centurion and Healer","floor":29,"turns":1}],"seed_played":"-3134154413062386539","potions_obtained":[{"floor":7,"key":"EssenceOfSteel"},{"floor":10,"key":"Explosive Potion"},{"floor":16,"key":"FocusPotion"}],"is_trial":false,"path_per_floor":["M","?","?","M","M","R","E","M","T","E","R","$","M","$","R","B",null,"M","?","?","$","M","R","$","E","T","M","?","M"],"character_chosen":"DEFECT","items_purchased":["Membership Card","Cold Snap","Glacier"],"campfire_rested":1,"item_purchase_floors":[12,12,24],"current_hp_per_floor":[59,52,52,52,51,51,51,46,46,25,25,25,25,25,46,17,58,50,50,43,43,26,26,26,9,9,1,1,0],"gold":43,"neow_bonus":"RANDOM_COMMON_RELIC","is_prod":false,"is_daily":false,"chose_seed":false,"campfire_upgraded":3,"win_rate":0,"timestamp":1559926375,"path_taken":["M","?","?","M","M","R","E","M","T","E","R","$","M","?","R","BOSS","M","?","?","$","M","R","$","E","T","?","?","M"],"build_version":"2019-01-23","purchased_purges":1,"victory":false,"max_hp_per_floor":[71,71,71,71,71,71,71,71,71,71,71,71,71,71,71,71,71,71,71,71,71,71,71,71,71,71,71,71,71],"card_choices":[{"not_picked":["Streamline","Compile Driver"],"picked":"Leap","floor":1},{"not_picked":["Barrage","Rebound"],"picked":"Chill","floor":4},{"not_picked":["Coolheaded","Streamline"],"picked":"Sunder","floor":5},{"not_picked":["Coolheaded","Compile Driver"],"picked":"Defragment","floor":7},{"not_picked":["Lockon","Heatsinks"],"picked":"Chill","floor":8},{"not_picked":["Hello World","Rebound"],"picked":"Hologram","floor":10},{"not_picked":["Hello World","Heatsinks","Turbo"],"picked":"SKIP","floor":13},{"not_picked":["Undo","Reboot"],"picked":"Blizzard","floor":15},{"not_picked":["Reboot","Meteor Strike"],"picked":"Creative AI","floor":16},{"not_picked":["Sweeping Beam","Compile Driver","Go for the Eyes"],"picked":"SKIP","floor":18},{"not_picked":["Beam Cell","Skim+1"],"picked":"Leap+1","floor":22},{"not_picked":["Rainbow","Core Surge"],"picked":"Consume","floor":25},{"not_picked":["Reprogram+1","Sunder","Ball Lightning"],"picked":"SKIP","floor":27}],"player_experience":763476,"relics_obtained":[{"floor":7,"key":"Centennial Puzzle"},{"floor":9,"key":"The Courier"},{"floor":10,"key":"Turnip"},{"floor":25,"key":"Toxic Egg 2"},{"floor":26,"key":"Ornamental Fan"}],"event_choices":[{"cards_removed":["Strike_B"],"damage_healed":0,"gold_gain":0,"player_choice":"Card Removal","damage_taken":7,"max_hp_gain":0,"max_hp_loss":0,"event_name":"Golden Wing","floor":2,"gold_loss":0},{"damage_healed":0,"gold_gain":0,"player_choice":"Ignored","damage_taken":0,"max_hp_gain":0,"max_hp_loss":0,"event_name":"Liars Game","floor":3,"gold_loss":0},{"damage_healed":0,"gold_gain":0,"player_choice":"Obtained Relic","damage_taken":0,"relics_obtained":["Smiling Mask"],"max_hp_gain":0,"max_hp_loss":0,"event_name":"Addict","floor":19,"gold_loss":85},{"damage_healed":0,"gold_gain":50,"player_choice":"Touch","damage_taken":7,"max_hp_gain":0,"max_hp_loss":0,"event_name":"FaceTrader","floor":20,"gold_loss":0},{"damage_healed":0,"gold_gain":0,"player_choice":"Ignored","damage_taken":0,"max_hp_gain":0,"max_hp_loss":0,"event_name":"Beggar","floor":28,"gold_loss":0}],"is_beta":false,"boss_relics":[{"not_picked":["Fusion Hammer","FrozenCore"],"picked":"Sozu"}],"items_purged_floors":[21],"is_endless":false,"potions_floor_spawned":[7,10,16,25,27],"killed_by":"Centurion and Healer","ascension_level":17}