{"gold_per_floor":[115,130,142,142,153,186,151,177,177,212,212,226,226,238,238,339,339,354,383,383,173,187,187,187],"floor_reached":24,"playtime":1036,"items_purged":["Defend_R"],"score":317,"play_id":"4d74a35c-4989-4ef0-8425-eb47eb03a9ff","local_time":"20190607011133","is_ascension_mode":true,"campfire_choices":[{"floor":11,"key":"REST"},{"data":"Heavy Blade","floor":13,"key":"SMITH"},{"floor":15,"key":"REST"},{"floor":23,"key":"REST"}],"neow_cost":"NONE","seed_source_timestamp":15640171478600,"circlet_count":0,"master_deck":["Defend_R","Defend_R","Defend_R","Bash","Seeing Red","Body Slam","Demon Form","Heavy Blade","True Grit","Limit Break","Heavy Blade+1","Flame Barrier","Feed","Dropkick+1","Armaments","Bite","Bite","Bite","Bite","Bite","Immolate"],"relics":["Burning Blood","NeowsBlessing","Whetstone","Orichalcum","Self Forming Clay","Philosopher\u0027s Stone","Red Mask"],"potions_floor_usage":[8,8,19],"damage_taken":[{"damage":0,"enemies":"Cultist","floor":1,"turns":1},{"damage":0,"enemies":"Jaw Worm","floor":2,"turns":1},{"damage":0,"enemies":"2 Louse","floor":3,"turns":1},{"damage":26,"enemies":"Large Slime","floor":5,"turns":7},{"damage":30,"enemies":"Lagavulin","floor":6,"turns":6},{"damage":53,"enemies":"Gremlin Nob","floor":8,"turns":6},{"damage":17,"enemies":"3 Sentries","floor":10,"turns":6},{"damage":6,"enemies":"3 Louse","floor":12,"turns":3},{"damage":7,"enemies":"Blue Slaver","floor":14,"turns":3},{"damage":47,"enemies":"The Guardian","floor":16,"turns":11},{"damage":20,"enemies":"3 Byrds","floor":18,"turns":4},{"damage":64,"enemies":"Masked Bandits","floor":19,"turns":7},{"damage":8,"enemies":"Chosen","floor":22,"turns":6},{"damage":63,"enemies":"Centurion and Healer","floor":24,"turns":5}],"seed_played":"-175912694780780510","potions_obtained":[{"floor":1,"key":"Regen Potion"},{"floor":6,"key":"SpeedPotion"},{"floor":12,"key":"FairyPotion"},{"floor":16,"key":"SkillPotion"}],"is_trial":false,"path_per_floor":["M","M","M","?","M","E","?","E","T","E","R","M","R","M","R","B",null,"M","?","?","$","M","R","M"],"character_chosen":"IRONCLAD","items_purchased":["Immolate"],"campfire_rested":3,"item_purchase_floors":[21],"current_hp_per_floor":[78,80,80,80,60,36,56,23,23,14,38,40,40,41,65,26,67,55,10,10,10,16,40,0],"gold":187,"neow_bonus":"THREE_ENEMY_KILL","is_prod":false,"is_daily":false,"chose_seed":false,"campfire_upgraded":1,"win_rate":0,"timestamp":1559859093,"path_taken":["M","M","?","?","?","E","?","E","T","E","R","M","R","M","R","BOSS","M","?","?","$","M","R","M"],"build_version":"2019-01-23","purchased_purges":1,"victory":false,"max_hp_per_floor":[80,80,80,80,80,80,80,80,80,80,80,80,80,80,80,80,80,80,80,80,80,80,80,83],"card_choices":[{"not_picked":["Perfected Strike","Headbutt"],"picked":"Seeing Red","floor":1},{"not_picked":["Pommel Strike","Clothesline"],"picked":"Body Slam","floor":2},{"not_picked":["Body Slam","Headbutt"],"picked":"Demon Form","floor":3},{"not_picked":["Twin Strike","Burning Pact"],"picked":"Heavy Blade","floor":5},{"not_picked":["Evolve","Hemokinesis"],"picked":"True Grit","floor":6},{"not_picked":["Cleave","Body Slam"],"picked":"Limit Break","floor":8},{"not_picked":["Perfected Strike","Spot Weakness","Entrench"],"picked":"SKIP","floor":10},{"not_picked":["Havoc","Uppercut"],"picked":"Heavy Blade","floor":12},{"not_picked":["Body Slam","Rage"],"picked":"Flame Barrier","floor":14},{"not_picked":["Brutality","Impervious"],"picked":"Feed","floor":16},{"not_picked":["Shrug It Off","Anger"],"picked":"Dropkick+1","floor":18},{"not_picked":["Havoc","Flex"],"picked":"Armaments","floor":19},{"not_picked":["Sword Boomerang","Warcry","Thunderclap"],"picked":"SKIP","floor":22}],"player_experience":173748,"relics_obtained":[{"floor":6,"key":"Whetstone"},{"floor":8,"key":"Orichalcum"},{"floor":9,"key":"Blood Vial"},{"floor":10,"key":"Self Forming Clay"},{"floor":19,"key":"Red Mask"}],"event_choices":[{"cards_removed":["Strike_R"],"damage_healed":0,"gold_gain":0,"player_choice":"Offered Basic","damage_taken":0,"max_hp_gain":0,"max_hp_loss":0,"event_name":"Bonfire Elementals","floor":4,"gold_loss":0},{"damage_healed":20,"gold_gain":0,"player_choice":"Healed","damage_taken":0,"max_hp_gain":0,"max_hp_loss":0,"event_name":"The Cleric","floor":7,"gold_loss":35},{"damage_healed":0,"gold_gain":0,"player_choice":"Fought Bandits","damage_taken":0,"max_hp_gain":0,"max_hp_loss":0,"event_name":"Masked Bandits","floor":19,"gold_loss":0},{"damage_healed":0,"gold_gain":0,"player_choice":"Became a vampire (Vial)","damage_taken":0,"max_hp_gain":0,"max_hp_loss":0,"event_name":"Vampires","floor":20,"relics_lost":["Blood Vial"],"gold_loss":0,"cards_obtained":["Bite","Bite","Bite","Bite","Bite"]}],"is_beta":false,"boss_relics":[{"not_picked":["Runic Dome","Eternal Feather"],"picked":"Philosopher\u0027s Stone"}],"items_purged_floors":[21],"is_endless":false,"potions_floor_spawned":[1,6,12,16],"killed_by":"Centurion and Healer","ascension_level":7}