{"gold_per_floor":[113,126,140,140,155,155,187,187,210,210,160,189,208,208,208,308,308,322,421,124,224,243,270,40,75,147,165,227,247,247,267,267,363,363,383,48,59,69,81,81,112,112,191,141,141,155,155,189,189,189],"floor_reached":51,"playtime":2597,"items_purged":["Bash"],"score":1173,"play_id":"09828675-932e-4451-8f8e-96971bf585ad","local_time":"20190208164231","is_ascension_mode":true,"campfire_choices":[{"data":"Shrug It Off","floor":6,"key":"SMITH"},{"data":"Juggernaut","floor":8,"key":"SMITH"},{"floor":10,"key":"REST"},{"data":"Shockwave","floor":15,"key":"SMITH"},{"floor":30,"key":"REST"},{"floor":32,"key":"REST"},{"floor":40,"key":"REST"},{"data":"Corruption","floor":42,"key":"SMITH"},{"data":"Barricade","floor":45,"key":"SMITH"},{"floor":49,"key":"REST"}],"neow_cost":"NONE","seed_source_timestamp":107247328038600,"circlet_count":0,"master_deck":["Defend_R","Defend_R","Defend_R","Defend_R","Cleave","Iron Wave","Shrug It Off+1","Juggernaut+1","Shockwave+1","Corruption+1","Impervious","Warcry+1","Shrug It Off","Armaments","Feel No Pain","Metallicize+1","Fiend Fire","Burning Pact+1","Sword Boomerang+1","Shrug It Off+1","Havoc+1","Flame Barrier+1","Barricade+1","Body Slam","Armaments+1","Shrug It Off+1","True Grit+1","Parasite","Combust+1","Bloodletting+1","Shockwave+1"],"relics":["Burning Blood","Regal Pillow","Red Skull","Smiling Mask","Anchor","Empty Cage","Strawberry","Dream Catcher","Kunai","Happy Flower","Self Forming Clay","Toxic Egg 2","Tiny Chest","Philosopher\u0027s Stone","Dead Branch","Omamori","Question Card","Girya","Shuriken"],"potions_floor_usage":[7,12,25,28,31,38],"damage_taken":[{"damage":8,"enemies":"Jaw Worm","floor":1,"turns":4},{"damage":0,"enemies":"2 Louse","floor":2,"turns":2},{"damage":1,"enemies":"Cultist","floor":3,"turns":3},{"damage":13,"enemies":"Gremlin Gang","floor":5,"turns":4},{"damage":42,"enemies":"Lagavulin","floor":7,"turns":12},{"damage":25,"enemies":"3 Sentries","floor":12,"turns":5},{"damage":5,"enemies":"Red Slaver","floor":13,"turns":5},{"damage":39,"enemies":"Slime Boss","floor":16,"turns":10},{"damage":4,"enemies":"Shell Parasite","floor":18,"turns":6},{"damage":2,"enemies":"2 Thieves","floor":22,"turns":4},{"damage":49,"enemies":"Book of Stabbing","floor":23,"turns":8},{"damage":0,"enemies":"Gremlin Leader","floor":25,"turns":5},{"damage":0,"enemies":"Snecko","floor":27,"turns":4},{"damage":44,"enemies":"Slavers","floor":28,"turns":6},{"damage":7,"enemies":"Centurion and Healer","floor":29,"turns":5},{"damage":2,"enemies":"Chosen and Byrds","floor":31,"turns":7},{"damage":36,"enemies":"Champ","floor":33,"turns":10},{"damage":8,"enemies":"Orb Walker","floor":35,"turns":4},{"damage":20,"enemies":"3 Darklings","floor":37,"turns":5},{"damage":5,"enemies":"Jaw Worm Horde","floor":38,"turns":4},{"damage":15,"enemies":"Writhing Mass","floor":39,"turns":5},{"damage":0,"enemies":"Giant Head","floor":41,"turns":5},{"damage":26,"enemies":"Maw","floor":46,"turns":5},{"damage":33,"enemies":"Nemesis","floor":48,"turns":4},{"damage":46,"enemies":"Time Eater","floor":50,"turns":9}],"seed_played":"-7808209829534865519","potions_obtained":[{"floor":1,"key":"EssenceOfSteel"},{"floor":5,"key":"Explosive Potion"},{"floor":7,"key":"FearPotion"},{"floor":12,"key":"Dexterity Potion"},{"floor":13,"key":"FairyPotion"},{"floor":23,"key":"BloodPotion"},{"floor":27,"key":"PowerPotion"},{"floor":29,"key":"Explosive Potion"},{"floor":33,"key":"PowerPotion"},{"floor":41,"key":"Energy Potion"}],"is_trial":false,"path_per_floor":["M","M","M","?","M","R","E","R","T","R","?","E","M","?","R","B",null,"M","?","$","?","M","E","$","E","T","M","E","M","R","M","R","B",null,"M","$","M","M","M","R","E","R","T","$","R","M","T","E","R","B",null],"character_chosen":"IRONCLAD","items_purchased":["Strawberry","Dream Catcher","Feel No Pain","Happy Flower","Dead Branch","Armaments+1"],"campfire_rested":5,"item_purchase_floors":[20,20,24,24,36,36],"current_hp_per_floor":[70,76,80,80,73,73,37,37,37,76,76,57,58,51,51,18,65,67,67,74,74,78,35,35,49,49,55,17,16,57,61,87,57,80,78,78,64,65,56,87,87,87,87,87,87,67,67,40,81,41],"gold":189,"neow_bonus":"RANDOM_COMMON_RELIC","is_prod":false,"is_daily":false,"chose_seed":false,"campfire_upgraded":5,"win_rate":0,"timestamp":1549633351,"path_taken":["M","M","M","?","M","R","E","R","T","R","?","E","M","?","R","BOSS","M","?","$","?","M","E","$","E","T","M","E","?","R","?","R","BOSS","M","$","M","?","M","R","E","R","T","$","R","M","?","E","R","BOSS"],"build_version":"2019-01-23","purchased_purges":1,"victory":true,"max_hp_per_floor":[80,80,80,80,80,80,80,80,80,80,80,80,80,80,80,80,80,80,80,87,87,87,87,87,87,87,87,87,87,87,87,87,87,87,87,87,87,87,87,87,87,87,87,87,87,87,87,87,87,87],"card_choices":[{"not_picked":["Pummel","Evolve"],"picked":"Cleave","floor":1},{"not_picked":["Whirlwind","Anger","Feel No Pain"],"picked":"SKIP","floor":2},{"not_picked":["Clash","Anger"],"picked":"Iron Wave","floor":3},{"not_picked":["Power Through","Bloodletting"],"picked":"Shrug It Off","floor":5},{"not_picked":["Infernal Blade","Iron Wave"],"picked":"Juggernaut","floor":7},{"not_picked":["Heavy Blade","Cleave"],"picked":"Shockwave","floor":12},{"not_picked":["Feel No Pain","Sword Boomerang"],"picked":"Corruption","floor":13},{"not_picked":["Berserk","Juggernaut"],"picked":"Impervious","floor":16},{"not_picked":["Clash","Perfected Strike+1"],"picked":"Warcry+1","floor":18},{"not_picked":["Sword Boomerang","Cleave"],"picked":"Shrug It Off","floor":22},{"not_picked":["Heavy Blade","Perfected Strike"],"picked":"Armaments","floor":23},{"not_picked":["Power Through+1","Sever Soul+1"],"picked":"Metallicize+1","floor":25},{"not_picked":["Reckless Charge+1","Bloodletting+1"],"picked":"Fiend Fire","floor":27},{"not_picked":["Sword Boomerang","Twin Strike"],"picked":"Burning Pact+1","floor":28},{"not_picked":["Blood for Blood","Headbutt+1"],"picked":"Sword Boomerang+1","floor":29},{"not_picked":["Twin Strike","Limit Break+1"],"picked":"Shrug It Off+1","floor":30},{"not_picked":["Clash+1","Thunderclap+1"],"picked":"Havoc+1","floor":31},{"not_picked":["Wild Strike","Spot Weakness+1"],"picked":"Flame Barrier+1","floor":32},{"not_picked":["Limit Break+1","Exhume+1"],"picked":"Barricade","floor":33},{"not_picked":["Cleave","Corruption"],"picked":"Body Slam","floor":35},{"not_picked":["Infernal Blade+1","Reckless Charge+1"],"picked":"Shrug It Off+1","floor":37},{"not_picked":["Dropkick","Wild Strike"],"picked":"True Grit+1","floor":38},{"not_picked":["Twin Strike","Dropkick+1"],"picked":"Combust+1","floor":39},{"not_picked":["Thunderclap+1","Twin Strike"],"picked":"Bloodletting+1","floor":40},{"not_picked":["True Grit+1","Evolve+1"],"picked":"Shockwave+1","floor":41},{"not_picked":["Wild Strike+1","Anger+1","Limit Break+1","Heavy Blade"],"picked":"SKIP","floor":46},{"not_picked":["Burning Pact+1","Power Through+1","Wild Strike","Flex+1"],"picked":"SKIP","floor":48}],"player_experience":162651,"relics_obtained":[{"floor":7,"key":"Red Skull"},{"floor":9,"key":"Smiling Mask"},{"floor":12,"key":"Anchor"},{"floor":23,"key":"Kunai"},{"floor":25,"key":"Self Forming Clay"},{"floor":26,"key":"Toxic Egg 2"},{"floor":28,"key":"Tiny Chest"},{"floor":41,"key":"Omamori"},{"floor":43,"key":"Question Card"},{"floor":47,"key":"Girya"},{"floor":48,"key":"Shuriken"}],"event_choices":[{"cards_removed":["Strike_R"],"damage_healed":0,"gold_gain":0,"player_choice":"Forget","damage_taken":0,"max_hp_gain":0,"max_hp_loss":0,"event_name":"Living Wall","floor":4,"gold_loss":0},{"cards_removed":["Strike_R"],"damage_healed":0,"gold_gain":0,"player_choice":"Card Removal","damage_taken":0,"max_hp_gain":0,"max_hp_loss":0,"event_name":"The Cleric","floor":11,"gold_loss":50},{"cards_removed":["Strike_R"],"damage_healed":0,"gold_gain":0,"player_choice":"Card Removal","damage_taken":7,"max_hp_gain":0,"max_hp_loss":0,"event_name":"Golden Wing","floor":14,"gold_loss":0},{"damage_healed":0,"gold_gain":99,"player_choice":"Stole From Cult","damage_taken":0,"max_hp_gain":0,"max_hp_loss":0,"event_name":"Nest","floor":19,"gold_loss":0},{"damage_healed":0,"gold_gain":100,"player_choice":"Pray","damage_taken":0,"max_hp_gain":0,"max_hp_loss":0,"event_name":"Golden Shrine","floor":21,"gold_loss":0}],"is_beta":false,"boss_relics":[{"not_picked":["Sozu","Runic Cube"],"picked":"Empty Cage"},{"not_picked":["Pandora\u0027s Box","Runic Pyramid"],"picked":"Philosopher\u0027s Stone"}],"items_purged_floors":[44],"is_endless":false,"potions_floor_spawned":[1,5,7,12,13,18,23,27,29,33,37,41,48],"ascension_level":6}