{"gold_per_floor":[119,136,148,165,165,165,231,231,254,269,289,4,71,149,149,248,248,265,282,293,258,308,308,342,342],"floor_reached":25,"playtime":979,"items_purged":[],"score":293,"play_id":"29af0dd5-2c10-4376-b544-1ce08eed6efd","local_time":"20190610104844","is_ascension_mode":true,"campfire_choices":[{"data":"Body Slam","floor":6,"key":"SMITH"},{"data":"Cleave","floor":8,"key":"SMITH"},{"floor":15,"key":"REST"},{"data":"Immolate","floor":23,"key":"SMITH"}],"neow_cost":"NONE","seed_source_timestamp":309527631680700,"circlet_count":0,"master_deck":["Strike_R","Strike_R","Strike_R","Strike_R","Strike_R","Defend_R","Defend_R","Defend_R","Defend_R","Bash","Body Slam+1","Cleave+1","Uppercut","Evolve","Reaper","Shrug It Off","True Grit","Immolate+1","Armaments","Infernal Blade","Armaments+1","Enlightenment"],"relics":["Burning Blood","NeowsBlessing","SsserpentHead","Vajra","Ginger","Odd Mushroom","Mark of Pain","Regal Pillow","Art of War"],"potions_floor_usage":[16,16,20,24,25],"damage_taken":[{"damage":0,"enemies":"Jaw Worm","floor":1,"turns":1},{"damage":0,"enemies":"Cultist","floor":2,"turns":1},{"damage":0,"enemies":"2 Louse","floor":3,"turns":1},{"damage":16,"enemies":"Blue Slaver","floor":4,"turns":3},{"damage":7,"enemies":"Exordium Wildlife","floor":7,"turns":2},{"damage":1,"enemies":"Gremlin Gang","floor":10,"turns":2},{"damage":10,"enemies":"Red Slaver","floor":11,"turns":2},{"damage":19,"enemies":"Exordium Thugs","floor":13,"turns":4},{"damage":19,"enemies":"The Mushroom Lair","floor":14,"turns":3},{"damage":49,"enemies":"Hexaghost","floor":16,"turns":9},{"damage":21,"enemies":"Chosen","floor":18,"turns":4},{"damage":18,"enemies":"3 Byrds","floor":19,"turns":5},{"damage":20,"enemies":"Cultist and Chosen","floor":20,"turns":6},{"damage":58,"enemies":"Gremlin Leader","floor":24,"turns":6},{"damage":25,"enemies":"Centurion and Healer","floor":25,"turns":3}],"seed_played":"-9114772883689097301","potions_obtained":[{"floor":2,"key":"BloodPotion"},{"floor":3,"key":"EssenceOfSteel"},{"floor":7,"key":"BloodPotion"},{"floor":11,"key":"AttackPotion"},{"floor":16,"key":"BloodPotion"},{"floor":18,"key":"Weak Potion"}],"is_trial":false,"path_per_floor":["M","M","M","M","?","R","M","R","T","M","M","$","M","?","R","B",null,"M","M","M","?","?","R","E","M"],"character_chosen":"IRONCLAD","items_purchased":["Ginger"],"campfire_rested":1,"item_purchase_floors":[12],"current_hp_per_floor":[78,80,80,70,70,70,69,69,69,74,70,70,62,54,78,42,71,63,58,59,59,59,59,22,0],"gold":342,"neow_bonus":"THREE_ENEMY_KILL","is_prod":false,"is_daily":false,"chose_seed":false,"campfire_upgraded":3,"win_rate":0,"timestamp":1560152924,"path_taken":["M","M","M","M","?","R","?","R","T","M","M","$","?","?","R","BOSS","M","M","M","?","?","R","E","M"],"build_version":"2019-01-23","purchased_purges":0,"victory":false,"max_hp_per_floor":[80,80,80,80,80,80,80,80,80,80,80,80,80,80,80,80,80,80,80,80,80,80,80,80,80],"card_choices":[{"not_picked":["Heavy Blade","Headbutt"],"picked":"Body Slam","floor":1},{"not_picked":["Twin Strike","Power Through"],"picked":"Cleave","floor":2},{"not_picked":["Corruption","Thunderclap","Second Wind"],"picked":"SKIP","floor":3},{"not_picked":["Cleave","Battle Trance"],"picked":"Uppercut","floor":4},{"not_picked":["Warcry","Spot Weakness"],"picked":"Evolve","floor":7},{"not_picked":["Disarm","Pommel Strike"],"picked":"Reaper","floor":10},{"not_picked":["Anger","Flex"],"picked":"Shrug It Off","floor":11},{"not_picked":["Havoc","Second Wind","Thunderclap"],"picked":"SKIP","floor":13},{"not_picked":["Sword Boomerang","Warcry"],"picked":"True Grit","floor":14},{"not_picked":["Reaper","Dark Embrace"],"picked":"Immolate","floor":16},{"not_picked":["Cleave","Flex"],"picked":"Armaments","floor":18},{"not_picked":["Sword Boomerang","Havoc"],"picked":"Infernal Blade","floor":19},{"not_picked":["Havoc","Fire Breathing+1"],"picked":"Armaments+1","floor":20},{"not_picked":["Second Wind","Dropkick","Armaments"],"picked":"SKIP","floor":24}],"player_experience":179938,"relics_obtained":[{"floor":9,"key":"Vajra"},{"floor":14,"key":"Odd Mushroom"},{"floor":24,"key":"Art of War"}],"event_choices":[{"damage_healed":0,"gold_gain":0,"player_choice":"Trade","damage_taken":0,"relics_obtained":["SsserpentHead"],"max_hp_gain":0,"max_hp_loss":0,"event_name":"FaceTrader","floor":5,"gold_loss":0},{"damage_healed":0,"gold_gain":0,"player_choice":"Fought Mushrooms","damage_taken":0,"max_hp_gain":0,"max_hp_loss":0,"event_name":"Mushrooms","floor":14,"gold_loss":0},{"damage_healed":0,"gold_gain":0,"player_choice":"Obtained Relic","damage_taken":0,"relics_obtained":["Regal Pillow"],"max_hp_gain":0,"max_hp_loss":0,"event_name":"Addict","floor":21,"gold_loss":85},{"damage_healed":0,"gold_gain":0,"player_choice":"1 cards matched","damage_taken":0,"max_hp_gain":0,"max_hp_loss":0,"event_name":"Match and Keep!","floor":22,"gold_loss":0,"cards_obtained":["Enlightenment"]}],"is_beta":false,"boss_relics":[{"not_picked":["Lizard Tail","White Beast Statue"],"picked":"Mark of Pain"}],"items_purged_floors":[],"is_endless":false,"potions_floor_spawned":[2,3,7,10,11,16,18,19],"killed_by":"Centurion and Healer","ascension_level":7}