{"gold_per_floor":[109,109,128,128,144,170,116,116],"floor_reached":8,"playtime":455,"items_purged":[],"score":59,"play_id":"200e7cec-8cb2-48ca-8a10-2b132c511ad5","local_time":"20190605211746","is_ascension_mode":true,"campfire_choices":[],"neow_cost":"NONE","seed_source_timestamp":0,"circlet_count":0,"master_deck":["Defend_G","Defend_G","Defend_G","Defend_G","Defend_G","Strike_G","Strike_G","Strike_G","Strike_G","Survivor","Neutralize+1","Slice","Iron Wave","Slice+1","Dash","Deflect","Blade Dance"],"special_seed":0,"relics":["Ring of the Snake","NeowsBlessing","Snake Skull"],"potions_floor_usage":[],"damage_taken":[{"damage":0.0,"enemies":"Small Slimes","floor":1.0,"turns":1.0},{"damage":0,"enemies":"Cultist","floor":3,"turns":1},{"damage":0,"enemies":"Jaw Worm","floor":5,"turns":1},{"damage":17,"enemies":"Lagavulin","floor":6,"turns":9},{"damage":9,"enemies":"3 Sentries","floor":8,"turns":4}],"seed_played":"-8417869176667849133","potions_obtained":[{"floor":3,"key":"FairyPotion"}],"is_trial":false,"path_per_floor":["M","?","M","?","M","E","$","?"],"character_chosen":"THE_SILENT","items_purchased":["Blade Dance"],"campfire_rested":0,"item_purchase_floors":[7],"current_hp_per_floor":[70,70,70,56,56,39,39,30],"gold":116,"neow_bonus":"THREE_ENEMY_KILL","is_prod":false,"is_daily":false,"chose_seed":false,"campfire_upgraded":0,"win_rate":0,"timestamp":1559758666,"path_taken":["M","?","?","?","M","E","$","?"],"build_version":"2019-01-23","purchased_purges":0,"victory":false,"max_hp_per_floor":[70,70,70,70,70,70,70,70],"card_choices":[{"not_picked":["Sucker Punch","Bane"],"picked":"Slice","floor":1.0},{"not_picked":["PiercingWail","Deadly Poison"],"picked":"Slice","floor":3},{"not_picked":["Deadly Poison","Underhanded Strike"],"picked":"Dash","floor":5},{"not_picked":["Riddle With Holes","Expertise"],"picked":"Deflect","floor":6}],"player_experience":165248,"relics_obtained":[{"floor":6,"key":"Snake Skull"}],"event_choices":[{"cards_removed":["Strike_G"],"damage_healed":0,"gold_gain":0,"player_choice":"Took Card","damage_taken":0,"max_hp_gain":0,"max_hp_loss":0,"event_name":"NoteForYourself","floor":2,"gold_loss":0,"cards_obtained":["Iron Wave"]},{"damage_healed":0,"gold_gain":0,"player_choice":"Entered Light","damage_taken":14,"max_hp_gain":0,"max_hp_loss":0,"event_name":"Shining Light","floor":4,"gold_loss":0,"cards_upgraded":["Neutralize","Slice"]},{"damage_healed":0,"gold_gain":0,"player_choice":"Searched \u00271\u0027 times","damage_taken":0,"max_hp_gain":0,"max_hp_loss":0,"event_name":"Dead Adventurer","floor":8,"gold_loss":0}],"is_beta":false,"boss_relics":[],"items_purged_floors":[],"is_endless":false,"potions_floor_spawned":[3],"killed_by":"3 Sentries","ascension_level":1}