{"gold_per_floor":[115,131,131,151,170,170,192,192,192,192,208,219,219,237,237,332,332,342,342,342,342,342,342,355,387,469,469,263,282,282,309,309,405,455,473,485,435,445,465,465,475,475,555,581,581,82,82,101,101,101],"floor_reached":51,"playtime":2148,"items_purged":["Defend_R","Defend_R","Bash"],"score":893,"play_id":"493a6577-b048-4192-9686-b5e1972e8d1a","local_time":"20180830155752","is_ascension_mode":true,"campfire_choices":[{"data":"Demon Form","floor":6,"key":"SMITH"},{"floor":13,"key":"REST"},{"data":"Armaments","floor":15,"key":"SMITH"},{"data":"Heavy Blade","floor":23,"key":"SMITH"},{"data":"Shockwave","floor":30,"key":"SMITH"},{"floor":32,"key":"REST"},{"data":"Flame Barrier","floor":40,"key":"SMITH"},{"data":"Flex","floor":42,"key":"SMITH"},{"floor":45,"key":"REST"},{"data":"Cleave","floor":47,"key":"SMITH"},{"floor":49,"key":"REST"}],"neow_cost":"PERCENT_DAMAGE","seed_source_timestamp":356349027682736,"circlet_count":0,"master_deck":["Defend_R+1","Heavy Blade+1","Shrug It Off","Demon Form+1","Shockwave+1","Cleave+1","Armaments+1","Iron Wave+1","Bite","Bite","Bite","Bite","Bite","Iron Wave+1","Barricade+1","Flex+1","Shockwave+1","Flame Barrier+1","Body Slam+1","Evolve+1","Heavy Blade+1","Shrug It Off+1"],"relics":["Burning Blood","Odd Mushroom","Incense Burner","Smiling Mask","Sozu","Question Card","Frozen Egg 2","Anchor","Letter Opener","Tiny House","Bottled Flame","Oddly Smooth Stone","Self Forming Clay","DollysMirror"],"potions_floor_usage":[16,16,16,41],"damage_taken":[{"damage":8,"enemies":"2 Louse","floor":1,"turns":2},{"damage":1,"enemies":"Cultist","floor":2,"turns":3},{"damage":5,"enemies":"Small Slimes","floor":4,"turns":3},{"damage":14,"enemies":"3 Louse","floor":5,"turns":3},{"damage":19,"enemies":"The Mushroom Lair","floor":7,"turns":5},{"damage":22,"enemies":"Looter","floor":11,"turns":3},{"damage":5,"enemies":"Blue Slaver","floor":12,"turns":4},{"damage":14,"enemies":"3 Louse","floor":14,"turns":3},{"damage":38,"enemies":"Slime Boss","floor":16,"turns":6},{"damage":25,"enemies":"2 Thieves","floor":18,"turns":4},{"damage":5,"enemies":"Chosen","floor":24,"turns":4},{"damage":34,"enemies":"Book of Stabbing","floor":25,"turns":5},{"damage":16,"enemies":"Snecko","floor":29,"turns":4},{"damage":23,"enemies":"Slavers","floor":31,"turns":4},{"damage":41,"enemies":"Champ","floor":33,"turns":9},{"damage":36,"enemies":"Flame Bruiser 1 Orb","floor":35,"turns":5},{"damage":18,"enemies":"3 Darklings","floor":36,"turns":6},{"damage":12,"enemies":"Sphere and 2 Shapes","floor":38,"turns":6},{"damage":20,"enemies":"4 Shapes","floor":39,"turns":7},{"damage":29,"enemies":"Maw","floor":41,"turns":7},{"damage":38,"enemies":"Giant Head","floor":44,"turns":8},{"damage":28,"enemies":"Spire Growth","floor":48,"turns":5},{"damage":59,"enemies":"Awakened One","floor":50,"turns":13}],"seed_played":"3637235177994556707","potions_obtained":[{"floor":4,"key":"SpeedPotion"},{"floor":7,"key":"PowerPotion"},{"floor":12,"key":"AttackPotion"},{"floor":14,"key":"Explosive Potion"},{"floor":16,"key":"AttackPotion"}],"is_trial":false,"path_per_floor":["M","M","?","M","M","R","?","?","T","T","M","M","R","M","R","B",null,"M","?","?","?","?","R","M","E","T","?","$","M","R","E","R","B",null,"M","M","$","M","M","R","M","R","T","E","R","$","R","M","R","B"],"character_chosen":"IRONCLAD","items_purchased":["Anchor","Self Forming Clay","DollysMirror"],"campfire_rested":4,"item_purchase_floors":[28,46,46],"current_hp_per_floor":[67,72,72,73,65,65,52,57,57,57,41,42,72,64,64,32,101,82,82,62,62,62,62,71,56,56,56,56,52,52,41,63,60,79,55,57,57,62,57,57,56,56,56,47,70,70,70,63,79,50],"gold":101,"neow_bonus":"TWENTY_PERCENT_HP_BONUS","is_prod":false,"is_daily":false,"chose_seed":false,"campfire_upgraded":7,"win_rate":0,"timestamp":1535633872,"path_taken":["M","M","?","M","M","R","?","?","T","?","M","M","R","M","R","BOSS","M","?","?","?","?","R","M","E","T","?","?","M","R","E","R","BOSS","M","M","$","M","M","R","M","R","T","E","R","$","R","M","R","BOSS"],"build_version":"2018-08-23v2","purchased_purges":3,"victory":true,"max_hp_per_floor":[96,96,96,96,96,96,96,101,101,101,101,101,101,101,101,101,101,101,101,106,106,74,74,74,74,74,74,74,74,74,74,74,74,79,79,79,79,79,79,79,79,79,79,79,79,79,79,79,79,79],"card_choices":[{"not_picked":["Wild Strike","Reckless Charge"],"picked":"Heavy Blade","floor":1},{"not_picked":["Clothesline","Metallicize"],"picked":"Shrug It Off","floor":2},{"not_picked":["Body Slam","Fire Breathing"],"picked":"Demon Form","floor":4},{"not_picked":["Clothesline","Searing Blow"],"picked":"Shockwave","floor":5},{"not_picked":["Clothesline","Body Slam"],"picked":"Cleave","floor":7},{"not_picked":["Sever Soul","Headbutt"],"picked":"Armaments","floor":11},{"not_picked":["Cleave","Thunderclap","Battle Trance"],"picked":"SKIP","floor":12},{"not_picked":["Dropkick","Pummel","Rupture"],"picked":"SKIP","floor":14},{"not_picked":["Thunderclap+1","Rampage+1"],"picked":"Iron Wave+1","floor":18},{"not_picked":["Inflame","Intimidate","Clothesline"],"picked":"SKIP","floor":24},{"not_picked":["Searing Blow+1","Power Through"],"picked":"Iron Wave+1","floor":25},{"not_picked":["Clothesline","Anger+1","Headbutt","Bloodletting+1"],"picked":"SKIP","floor":29},{"not_picked":["Reckless Charge+1","Perfected Strike","Bludgeon","Hemokinesis"],"picked":"SKIP","floor":31},{"not_picked":["Juggernaut+1","Demon Form+1","Dark Embrace+1"],"picked":"Barricade+1","floor":33},{"not_picked":["Twin Strike+1","Cleave","True Grit","Corruption+1"],"picked":"SKIP","floor":35},{"not_picked":["Warcry+1","Thunderclap","Iron Wave"],"picked":"Flex","floor":36},{"not_picked":["Searing Blow+1","Cleave+1","Inflame+1"],"picked":"Shockwave+1","floor":38},{"not_picked":["Perfected Strike","Burning Pact","Reckless Charge"],"picked":"Flame Barrier","floor":39},{"not_picked":["Dual Wield","Flame Barrier+1","Infernal Blade+1"],"picked":"Body Slam+1","floor":41},{"not_picked":["Dual Wield+1","Rampage+1","Feed"],"picked":"Evolve+1","floor":44},{"not_picked":["Uppercut","Havoc","Battle Trance"],"picked":"Shrug It Off+1","floor":48}],"player_experience":137959,"relics_obtained":[{"floor":7,"key":"Odd Mushroom"},{"floor":9,"key":"Incense Burner"},{"floor":10,"key":"Smiling Mask"},{"floor":25,"key":"Question Card"},{"floor":26,"key":"Frozen Egg 2"},{"floor":31,"key":"Letter Opener"},{"floor":43,"key":"Bottled Flame"},{"floor":44,"key":"Oddly Smooth Stone"}],"event_choices":[{"event_name":"Living Wall","player_choice":"Forget","floor":3,"damage_taken":0},{"event_name":"Mushrooms","player_choice":"Fought Mushrooms","floor":7,"damage_taken":0},{"event_name":"Big Fish","player_choice":"Donut","floor":8,"damage_taken":0},{"event_name":"Bonfire Elementals","player_choice":"BASIC","floor":19,"damage_taken":0},{"event_name":"Forgotten Altar","player_choice":"Shed Blood","floor":20,"damage_taken":0},{"event_name":"Back to Basics","player_choice":"Elegance","floor":21,"damage_taken":0},{"event_name":"Vampires","player_choice":"Became a vampire","floor":22,"damage_taken":0},{"event_name":"Ghosts","player_choice":"Ignored","floor":27,"damage_taken":0}],"is_beta":false,"boss_relics":[{"not_picked":["Runic Cube","Cursed Key"],"picked":"Sozu"},{"not_picked":["Philosopher\u0027s Stone","Coffee Dripper"],"picked":"Tiny House"}],"items_purged_floors":[28,37,46],"is_endless":false,"potions_floor_spawned":[4,7,12,14,16,31,33,38,39,48],"ascension_level":4}