{"gold_per_floor":[116,136,151,165,165,165,185,215,241,241,126,126,136,154,154,257,257,269,279,279,194,214,214,214],"floor_reached":24,"playtime":812,"items_purged":["Defend_B"],"score":220,"play_id":"9a498cb6-df68-4908-9d18-717c49b7d52a","local_time":"20180827112608","is_ascension_mode":true,"campfire_choices":[{"data":"Conserve Battery","floor":6,"key":"SMITH"},{"floor":10,"key":"REST"},{"data":"Defragment","floor":12,"key":"SMITH"},{"floor":15,"key":"REST"},{"floor":23,"key":"REST"}],"neow_cost":"NONE","seed_source_timestamp":82198004319956,"circlet_count":0,"master_deck":["Strike_B","Strike_B","Strike_B","Defend_B+1","Defend_B","Zap","Dualcast","Lockon","Conserve Battery+1","Chill+1","Defragment+1","Ball Lightning","Creative AI","Writhe","Self Repair"],"relics":["Cracked Core","Art of War","Dodecahedron","Happy Flower","Empty Cage","Oddly Smooth Stone","War Paint"],"potions_floor_usage":[8,8,8,16,19,24],"damage_taken":[{"damage":9,"enemies":"2 Louse","floor":1,"turns":3},{"damage":1,"enemies":"Cultist","floor":2,"turns":3},{"damage":2,"enemies":"Jaw Worm","floor":3,"turns":4},{"damage":3,"enemies":"3 Louse","floor":4,"turns":4},{"damage":5,"enemies":"2 Fungi Beasts","floor":7,"turns":3},{"damage":16,"enemies":"Gremlin Nob","floor":8,"turns":4},{"damage":6,"enemies":"Looter","floor":13,"turns":3},{"damage":6,"enemies":"Large Slime","floor":14,"turns":4},{"damage":27,"enemies":"Hexaghost","floor":16,"turns":7},{"damage":30,"enemies":"2 Thieves","floor":18,"turns":5},{"damage":13,"enemies":"Shell Parasite","floor":19,"turns":4},{"damage":22,"enemies":"Centurion and Healer","floor":22,"turns":5},{"damage":38,"enemies":"Gremlin Leader","floor":24,"turns":5}],"seed_played":"-1307242968337341179","potions_obtained":[{"floor":1,"key":"EssenceOfSteel"},{"floor":2,"key":"FearPotion"},{"floor":3,"key":"Explosive Potion"},{"floor":5,"key":"EntropicBrew"},{"floor":5,"key":"PowerPotion"},{"floor":18,"key":"Explosive Potion"},{"floor":22,"key":"SpeedPotion"}],"is_trial":false,"path_per_floor":["M","M","M","M","?","R","M","E","T","R","$","R","M","M","R","B",null,"M","M","?","?","M","R"],"character_chosen":"DEFECT","items_purchased":["Defragment"],"campfire_rested":3,"item_purchase_floors":[11],"current_hp_per_floor":[66,65,63,60,60,60,55,39,39,61,61,61,55,49,71,44,75,45,32,32,32,10,32,0],"gold":214,"neow_bonus":"RANDOM_COMMON_RELIC","is_prod":false,"is_daily":false,"chose_seed":false,"campfire_upgraded":2,"win_rate":0,"timestamp":1535358368,"path_taken":["M","M","M","M","?","R","M","E","T","R","$","R","M","M","R","BOSS","M","M","?","?","?","R","E"],"build_version":"2018-08-23v2","purchased_purges":1,"victory":false,"max_hp_per_floor":[75,75,75,75,75,75,75,75,75,75,75,75,75,75,75,75,75,75,75,75,75,75,75,75],"card_choices":[{"not_picked":["Glacier","Streamline"],"picked":"Lockon","floor":1},{"not_picked":["FTL","Reinforced Body"],"picked":"Conserve Battery","floor":2},{"not_picked":["Recycle","Rebound"],"picked":"Chill","floor":3},{"not_picked":["Steam","Beam Cell","Go for the Eyes"],"picked":"SKIP","floor":4},{"not_picked":["Turbo","Rebound","Cold Snap"],"picked":"SKIP","floor":7},{"not_picked":["Scrape","Rebound","Compile Driver"],"picked":"SKIP","floor":8},{"not_picked":["Consume","Chill"],"picked":"Ball Lightning","floor":13},{"not_picked":["Hologram","Sunder","Streamline"],"picked":"SKIP","floor":14},{"not_picked":["Rainbow","Machine Learning"],"picked":"Creative AI","floor":16},{"not_picked":["Rebound","Stack","Recycle"],"picked":"SKIP","floor":18},{"not_picked":["Go for the Eyes","Gash","Compile Driver"],"picked":"SKIP","floor":19},{"not_picked":["Cold Snap","Hologram"],"picked":"Self Repair","floor":22}],"player_experience":106367,"relics_obtained":[{"floor":8,"key":"Dodecahedron"},{"floor":9,"key":"Happy Flower"}],"event_choices":[{"event_name":"The Lab","player_choice":"Got Potions","floor":5,"damage_taken":0},{"event_name":"The Mausoleum","player_choice":"Yes","floor":20,"damage_taken":0},{"event_name":"Addict","player_choice":"Obtained Relic","floor":21,"damage_taken":0}],"is_beta":false,"boss_relics":[{"not_picked":["Cursed Key","Runic Pyramid"],"picked":"Empty Cage"}],"items_purged_floors":[11],"is_endless":false,"potions_floor_spawned":[1,2,3,4,18,22],"killed_by":"Gremlin Leader","ascension_level":2}