{"gold_per_floor":[109,109,109,122,72,96,137,35,89,128,147,185,197,13,13,138,138,158,179,203,217,237,255,286,201,201,224,224,77,77,91,91,188,188,198,198,198,198,198,229,242,242],"floor_reached":42,"playtime":5293,"items_purged":["Defend_R","Defend_R","Defend_R"],"score":468,"play_id":"877d47d2-da17-41f8-b251-f2ff8e6b82b0","local_time":"20180816184523","is_ascension_mode":false,"campfire_choices":[{"floor":13,"key":"REST"},{"floor":15,"key":"REST"},{"floor":28,"key":"REST"},{"floor":32,"key":"REST"}],"neow_cost":"","seed_source_timestamp":155541993705381,"circlet_count":0,"master_deck":["Strike_R","Strike_R","Strike_R","Strike_R","Bash","Clothesline","Ghostly Armor+1","Perfected Strike","Rage","Cleave","Warcry","Shrug It Off","Iron Wave","Enlightenment","Bludgeon","Body Slam","Iron Wave","Barricade","Perfected Strike+1","Perfected Strike+1","Impervious","Warcry+1","Armaments","Shockwave+1","Juggernaut","Iron Wave","Normality","Madness","Madness","Armaments","Entrench"],"relics":["Burning Blood","Bloody Idol","Oddly Smooth Stone","Bronze Scales","Question Card","MawBank","Snecko Eye","Pantograph","Incense Burner","Mummified Hand","Lizard Tail","War Paint","Juzu Bracelet","Kunai"],"potions_floor_usage":[12,12,12,42],"damage_taken":[{"damage":12,"enemies":"2 Louse","floor":1,"turns":3},{"damage":0,"enemies":"Small Slimes","floor":4,"turns":3},{"damage":9,"enemies":"Jaw Worm","floor":6,"turns":4},{"damage":24,"enemies":"Lagavulin","floor":7,"turns":8},{"damage":21,"enemies":"3 Sentries","floor":10,"turns":7},{"damage":0,"enemies":"Looter","floor":11,"turns":2},{"damage":16,"enemies":"Lagavulin","floor":12,"turns":6},{"damage":65,"enemies":"The Guardian","floor":16,"turns":13},{"damage":21,"enemies":"2 Thieves","floor":18,"turns":3},{"damage":5,"enemies":"Shell Parasite","floor":19,"turns":3},{"damage":18,"enemies":"Centurion and Healer","floor":20,"turns":3},{"damage":10,"enemies":"Chosen and Byrds","floor":21,"turns":4},{"damage":21,"enemies":"Snake Plant","floor":22,"turns":3},{"damage":23,"enemies":"Centurion and Healer","floor":23,"turns":4},{"damage":6,"enemies":"Book of Stabbing","floor":24,"turns":3},{"damage":0,"enemies":"Cultist and Chosen","floor":27,"turns":3},{"damage":3,"enemies":"Snake Plant","floor":31,"turns":3},{"damage":21,"enemies":"Champ","floor":33,"turns":8},{"damage":3,"enemies":"3 Shapes","floor":35,"turns":3},{"damage":38,"enemies":"Nemesis","floor":40,"turns":8},{"damage":50,"enemies":"Flame Bruiser 1 Orb","floor":41,"turns":5},{"damage":57,"enemies":"2 Orb Walkers","floor":42,"turns":4}],"seed_played":"514908063101172845","potions_obtained":[{"floor":4,"key":"Strength Potion"},{"floor":6,"key":"BloodPotion"},{"floor":7,"key":"Block Potion"},{"floor":16,"key":"Weak Potion"},{"floor":18,"key":"Block Potion"},{"floor":20,"key":"EssenceOfSteel"},{"floor":21,"key":"Swift Potion"},{"floor":31,"key":"Energy Potion"},{"floor":40,"key":"Energy Potion"}],"is_trial":false,"path_per_floor":["M","?","?","M","?","M","E","$","T","E","M","E","R","$","R","B",null,"M","M","M","M","M","M","E","?","T","M","R","$","?","M","R","B",null,"M","?","?","?","?","E","M"],"character_chosen":"IRONCLAD","items_purchased":["Cleave","Enlightenment","Armaments"],"campfire_rested":4,"item_purchase_floors":[8,14,29],"current_hp_per_floor":[74,79,58,64,64,61,43,43,43,28,34,32,57,57,82,23,85,70,71,59,55,40,23,23,23,23,29,54,54,54,62,85,75,85,85,85,85,85,74,47,53,0],"gold":242,"neow_bonus":"","is_prod":false,"is_daily":false,"chose_seed":false,"campfire_upgraded":0,"win_rate":0.0,"timestamp":1534434323,"path_taken":["M","?","?","M","?","M","E","$","T","E","M","E","R","$","R","BOSS","M","M","M","M","M","M","E","?","T","?","R","$","?","M","R","BOSS","M","?","?","?","?","E","M","E"],"build_version":"2018-08-09","purchased_purges":3,"victory":false,"max_hp_per_floor":[80,85,85,85,85,85,85,85,85,85,85,85,85,85,85,85,85,85,85,85,85,85,85,85,85,85,85,85,85,85,85,85,85,85,85,85,85,85,85,85,85,85],"card_choices":[{"not_picked":["Warcry","Shrug It Off"],"picked":"Clothesline","floor":1},{"not_picked":["Anger","Seeing Red"],"picked":"Ghostly Armor","floor":4},{"not_picked":["Inflame","Sever Soul"],"picked":"Perfected Strike","floor":6},{"not_picked":["Berserk","Hemokinesis"],"picked":"Rage","floor":7},{"not_picked":["Searing Blow","Rampage"],"picked":"Warcry","floor":10},{"not_picked":["Cleave","Inflame","Pommel Strike"],"picked":"Shrug It Off","floor":11},{"not_picked":["Anger","Rage","Clothesline"],"picked":"Iron Wave","floor":12},{"not_picked":["Impervious","Brutality","Dark Embrace"],"picked":"Bludgeon","floor":16},{"not_picked":["Blood for Blood","True Grit","Shrug It Off+1"],"picked":"Body Slam","floor":18},{"not_picked":["Thunderclap","Clothesline","True Grit"],"picked":"Iron Wave","floor":19},{"not_picked":["Disarm","Shrug It Off+1","Reckless Charge+1"],"picked":"Barricade","floor":20},{"not_picked":["True Grit","Twin Strike","Shrug It Off"],"picked":"Perfected Strike+1","floor":21},{"not_picked":["Clothesline","True Grit","Carnage"],"picked":"Perfected Strike+1","floor":22},{"not_picked":["Thunderclap","Anger","Pummel","Twin Strike"],"picked":"SKIP","floor":23},{"not_picked":["Anger","Rupture","Cleave"],"picked":"Impervious","floor":24},{"not_picked":["Hemokinesis+1","Pommel Strike","True Grit"],"picked":"Warcry","floor":27},{"not_picked":["Corruption+1","Rupture","Disarm+1"],"picked":"Shockwave+1","floor":31},{"not_picked":["Double Tap","Dark Embrace","Brutality"],"picked":"Juggernaut","floor":33},{"not_picked":["Headbutt","Clash+1","Power Through"],"picked":"Iron Wave","floor":35},{"not_picked":["Corruption","Ghostly Armor","Clash"],"picked":"Armaments","floor":40},{"not_picked":["Pommel Strike","True Grit+1","Burning Pact+1"],"picked":"Entrench","floor":41}],"player_experience":0,"relics_obtained":[{"floor":7,"key":"Oddly Smooth Stone"},{"floor":9,"key":"Bronze Scales"},{"floor":10,"key":"Question Card"},{"floor":12,"key":"MawBank"},{"floor":24,"key":"Pantograph"},{"floor":26,"key":"Mummified Hand"},{"floor":40,"key":"Kunai"}],"event_choices":[{"event_name":"Big Fish","player_choice":"Donut","floor":2,"damage_taken":0},{"event_name":"Golden Idol","player_choice":"Take Damage","floor":3,"damage_taken":0},{"event_name":"The Cleric","player_choice":"Card Removal","floor":5,"damage_taken":0},{"event_name":"Addict","player_choice":"Obtained Relic","floor":25,"damage_taken":0},{"event_name":"Forgotten Altar","player_choice":"Gave Idol","floor":30,"damage_taken":0},{"event_name":"Accursed Blacksmith","player_choice":"Rummage","floor":36,"damage_taken":0},{"event_name":"Falling","player_choice":"Removed Attack","floor":37,"damage_taken":0},{"event_name":"WeMeetAgain","player_choice":"Potion","floor":38,"damage_taken":0},{"event_name":"Winding Halls","player_choice":"Embrace Madness","floor":39,"damage_taken":0}],"is_beta":false,"boss_relics":[{"not_picked":["Coffee Dripper","Cursed Key"],"picked":"Snecko Eye"},{"not_picked":["White Beast Statue","Calling Bell"],"picked":"Lizard Tail"}],"items_purged_floors":[8,14,29],"is_endless":false,"potions_floor_spawned":[4,6,7,16,18,20,21,31,40],"killed_by":"2 Orb Walkers","ascension_level":0}