{"gold_per_floor":[116,136,151,151,151,178,178,211,241,252,252,271,291,307,307,405,405,392,392,392],"floor_reached":20,"playtime":678,"items_purged":[],"score":214,"play_id":"fcfbb1b3-1f6f-4318-aa46-a1ec2a8234d2","local_time":"20180825042613","is_ascension_mode":true,"campfire_choices":[{"floor":7,"key":"REST"},{"floor":11,"key":"REST"},{"data":"Noxious Fumes","floor":15,"key":"SMITH"}],"neow_cost":"NONE","seed_source_timestamp":61493961129632,"circlet_count":0,"master_deck":["Defend_G","Defend_G","Defend_G","Defend_G","Strike_G","Strike_G","Strike_G","Strike_G","Strike_G","Survivor","Neutralize","Dash+1","Normality","Poisoned Stab","Noxious Fumes+1","Bouncing Flask"],"relics":["Ring of the Snake","Matryoshka","Bird Faced Urn","Vajra","Tiny Chest","Black Star","Nloth\u0027s Gift"],"potions_floor_usage":[8,16,16,16,18,20],"damage_taken":[{"damage":1,"enemies":"Cultist","floor":1,"turns":4},{"damage":10,"enemies":"Small Slimes","floor":2,"turns":4},{"damage":4,"enemies":"Jaw Worm","floor":3,"turns":5},{"damage":37,"enemies":"Lagavulin","floor":6,"turns":8},{"damage":2,"enemies":"Gremlin Nob","floor":8,"turns":5},{"damage":0,"enemies":"Blue Slaver","floor":10,"turns":3},{"damage":4,"enemies":"Looter","floor":12,"turns":3},{"damage":2,"enemies":"Red Slaver","floor":13,"turns":3},{"damage":2,"enemies":"Exordium Thugs","floor":14,"turns":4},{"damage":23,"enemies":"The Guardian","floor":16,"turns":9},{"damage":19,"enemies":"2 Thieves","floor":18,"turns":4},{"damage":53,"enemies":"Masked Bandits","floor":20,"turns":3}],"seed_played":"-463729908816675403","potions_obtained":[{"floor":2,"key":"SpeedPotion"},{"floor":8,"key":"SkillPotion"},{"floor":10,"key":"SteroidPotion"},{"floor":14,"key":"Energy Potion"},{"floor":16,"key":"EssenceOfSteel"},{"floor":18,"key":"Explosive Potion"}],"is_trial":false,"path_per_floor":["M","M","M","?","?","E","R","E","T","M","R","M","M","M","R","B",null,"M","?"],"character_chosen":"THE_SILENT","items_purchased":[],"campfire_rested":2,"item_purchase_floors":[],"current_hp_per_floor":[69,59,55,55,55,18,39,37,37,37,58,54,54,54,54,33,70,51,51,0],"gold":392,"neow_bonus":"REMOVE_CARD","is_prod":false,"is_daily":false,"chose_seed":false,"campfire_upgraded":1,"win_rate":0,"timestamp":1535160373,"path_taken":["M","?","M","?","?","E","R","E","T","M","R","M","M","M","R","BOSS","M","?","?"],"build_version":"2018-08-23v2","purchased_purges":0,"victory":false,"max_hp_per_floor":[70,70,70,70,70,70,70,70,70,70,70,70,70,70,70,70,70,70,70,70],"card_choices":[{"not_picked":["Flying Knee","Heel Hook","Finisher"],"picked":"SKIP","floor":1},{"not_picked":["Masterful Stab","Footwork","Eviscerate"],"picked":"SKIP","floor":2},{"not_picked":["Prepared","Heel Hook"],"picked":"Dash","floor":3},{"not_picked":["Cloak And Dagger","Dagger Spray","Blade Dance"],"picked":"SKIP","floor":6},{"not_picked":["Slice","Tactician","Flying Knee"],"picked":"SKIP","floor":8},{"not_picked":["Skewer","Leg Sweep"],"picked":"Poisoned Stab","floor":10},{"not_picked":["Footwork","Caltrops"],"picked":"Noxious Fumes","floor":12},{"not_picked":["Slice","Blade Dance","Distraction"],"picked":"SKIP","floor":13},{"not_picked":["Quick Slash","Escape Plan","Eviscerate"],"picked":"SKIP","floor":14},{"not_picked":["Deadly Poison","Footwork"],"picked":"Bouncing Flask","floor":18}],"player_experience":88711,"relics_obtained":[{"floor":6,"key":"Matryoshka"},{"floor":8,"key":"Bird Faced Urn"},{"floor":9,"key":"Vajra"},{"floor":9,"key":"Tiny Chest"}],"event_choices":[{"event_name":"Living Wall","player_choice":"Grow","floor":4,"damage_taken":0},{"event_name":"Accursed Blacksmith","player_choice":"Rummage","floor":5,"damage_taken":0},{"event_name":"N\u0027loth","player_choice":"Traded a Bronze Scales","floor":19,"damage_taken":0},{"event_name":"Masked Bandits","player_choice":"Fought Bandits","floor":20,"damage_taken":0}],"is_beta":false,"boss_relics":[{"not_picked":["Cursed Key","WristBlade"],"picked":"Black Star"}],"items_purged_floors":[],"is_endless":false,"potions_floor_spawned":[2,8,10,14,16,18],"killed_by":"Masked Bandits","ascension_level":3}