{"gold_per_floor":[117,117,137,154,165,165,194,208,208,243,243,272,272,272,272,372,372,383,393,172,172,192,192],"floor_reached":23,"playtime":896,"items_purged":["Strike_B"],"score":257,"play_id":"d99c8654-3a57-4b43-8fc5-c109332dc3a2","local_time":"20180827151808","is_ascension_mode":true,"campfire_choices":[{"floor":6,"key":"REST"},{"floor":11,"key":"REST"},{"data":"Genetic Algorithm","floor":13,"key":"SMITH"},{"floor":15,"key":"REST"}],"neow_cost":"NONE","seed_source_timestamp":96030708379803,"circlet_count":0,"master_deck":["Strike_B","Strike_B","Strike_B","Defend_B","Defend_B","Defend_B","Zap","Dualcast","Doom and Gloom","Leap","Decay","Redo","Conserve Battery","Echo Form","Self Repair","Storm","Genetic Algorithm+1","Buffer","Sweeping Beam+1","Ghostly","Ghostly","Ghostly","Ghostly","Ghostly"],"relics":["Cracked Core","Orichalcum","Ornamental Fan","Darkstone Periapt","Letter Opener","Black Star","Happy Flower"],"potions_floor_usage":[10,12,19],"damage_taken":[{"damage":12,"enemies":"Jaw Worm","floor":1,"turns":3},{"damage":0,"enemies":"Cultist","floor":3,"turns":3},{"damage":13,"enemies":"Small Slimes","floor":4,"turns":3},{"damage":6,"enemies":"Blue Slaver","floor":5,"turns":4},{"damage":15,"enemies":"3 Sentries","floor":7,"turns":7},{"damage":9,"enemies":"2 Fungi Beasts","floor":8,"turns":4},{"damage":13,"enemies":"Gremlin Nob","floor":10,"turns":5},{"damage":14,"enemies":"3 Sentries","floor":12,"turns":4},{"damage":29,"enemies":"Slime Boss","floor":16,"turns":7},{"damage":31,"enemies":"Chosen","floor":18,"turns":7},{"damage":34,"enemies":"3 Byrds","floor":19,"turns":5},{"damage":15,"enemies":"Snake Plant","floor":22,"turns":4},{"damage":24,"enemies":"Slavers","floor":23,"turns":1}],"seed_played":"-2995586801023426328","potions_obtained":[{"floor":4,"key":"EssenceOfSteel"},{"floor":5,"key":"GamblersBrew"},{"floor":10,"key":"Swift Potion"},{"floor":12,"key":"SteroidPotion"},{"floor":18,"key":"FearPotion"}],"is_trial":false,"path_per_floor":["M","?","M","M","M","R","E","M","T","E","R","E","R","?","R","B",null,"M","M","$","?","M"],"character_chosen":"DEFECT","items_purchased":["Happy Flower"],"campfire_rested":3,"item_purchase_floors":[20],"current_hp_per_floor":[63,63,63,50,44,66,51,49,49,43,65,58,58,51,73,51,75,51,24,24,24,23,0],"gold":192,"neow_bonus":"THREE_CARDS","is_prod":false,"is_daily":false,"chose_seed":false,"campfire_upgraded":1,"win_rate":0,"timestamp":1535372288,"path_taken":["M","?","M","M","M","R","E","M","T","E","R","E","R","?","R","BOSS","M","?","$","?","M","E"],"build_version":"2018-08-23v2","purchased_purges":1,"victory":false,"max_hp_per_floor":[75,75,75,75,75,75,75,75,75,75,75,75,75,75,75,75,75,75,75,75,37,37,37],"card_choices":[{"not_picked":["Turbo","Streamline"],"picked":"Doom and Gloom","floor":0},{"not_picked":["Hologram","Turbo"],"picked":"Leap","floor":1},{"not_picked":["Hologram","Barrage"],"picked":"Redo","floor":3},{"not_picked":["Ball Lightning","Force Field"],"picked":"Conserve Battery","floor":4},{"not_picked":["Force Field","Leap"],"picked":"Echo Form","floor":5},{"not_picked":["Barrage","Genetic Algorithm"],"picked":"Self Repair","floor":7},{"not_picked":["Barrage","Steam","Beam Cell"],"picked":"SKIP","floor":8},{"not_picked":["Machine Learning","Streamline"],"picked":"Storm","floor":10},{"not_picked":["Recycle","Barrage"],"picked":"Genetic Algorithm","floor":12},{"not_picked":["Multi-Cast","Thunder Strike"],"picked":"Buffer","floor":16},{"not_picked":["Doom and Gloom","Darkness"],"picked":"Sweeping Beam+1","floor":18},{"not_picked":["Reprogram","Rip and Tear","Leap"],"picked":"SKIP","floor":19},{"not_picked":["Compile Driver","Barrage","Coolheaded"],"picked":"SKIP","floor":22}],"player_experience":107179,"relics_obtained":[{"floor":7,"key":"Orichalcum"},{"floor":9,"key":"Ornamental Fan"},{"floor":10,"key":"Darkstone Periapt"},{"floor":12,"key":"Letter Opener"}],"event_choices":[{"event_name":"Wheel of Change","player_choice":"Curse","floor":2,"damage_taken":0},{"event_name":"Golden Wing","player_choice":"Card Removal","floor":14,"damage_taken":0},{"event_name":"Ghosts","player_choice":"Became a Ghost","floor":21,"damage_taken":0}],"is_beta":false,"boss_relics":[{"not_picked":["Tiny House","Cursed Key"],"picked":"Black Star"}],"items_purged_floors":[20],"is_endless":false,"potions_floor_spawned":[4,5,10,12,18],"killed_by":"Slavers","ascension_level":2}