{"gold_per_floor":[116,93,93,93,108,108,141,165,190,190,211,211,211,229,229,349,349,373,22,22,46,46,77,77,91,91,91,122,122,140,181,193,205],"floor_reached":33,"playtime":2318,"items_purged":[],"score":394,"play_id":"b22e278f-1115-4dcb-ae72-f3d2cfa31aac","local_time":"20190601005441","is_ascension_mode":true,"campfire_choices":[{"data":"Neutralize","floor":6,"key":"SMITH"},{"data":"Leg Sweep","floor":10,"key":"SMITH"},{"data":"Terror","floor":12,"key":"SMITH"},{"floor":15,"key":"REST"},{"data":"Noxious Fumes","floor":24,"key":"SMITH"},{"floor":27,"key":"REST"},{"data":"Footwork","floor":32,"key":"SMITH"}],"neow_cost":"NONE","seed_source_timestamp":28820589576300,"circlet_count":0,"master_deck":["Defend_G","Defend_G","Defend_G","Defend_G","Strike_G+1","Strike_G+1","Strike_G+1","Survivor","Neutralize+1","Leg Sweep+1","Poisoned Stab+1","Choke","Terror+1","Flying Knee","Noxious Fumes+1","Corpse Explosion","Quick Slash+1","Venomology+1","Cloak And Dagger","Backflip","Flechettes+1","Writhe","PiercingWail","PiercingWail+1","Malaise","Footwork+1"],"relics":["Ring of the Snake","Golden Idol","Bag of Preparation","Whetstone","Astrolabe","Torii","Singing Bowl","Art of War","Blue Candle","Happy Flower","MawBank"],"potions_floor_usage":[7,16,16,16,23,23,25,25,28,28,30,31,33],"damage_taken":[{"damage":0,"enemies":"Cultist","floor":1,"turns":4},{"damage":1,"enemies":"2 Louse","floor":5,"turns":3},{"damage":20,"enemies":"3 Sentries","floor":7,"turns":7},{"damage":0,"enemies":"Small Slimes","floor":8,"turns":3},{"damage":3,"enemies":"Looter","floor":11,"turns":3},{"damage":0,"enemies":"2 Fungi Beasts","floor":14,"turns":3},{"damage":8,"enemies":"Slime Boss","floor":16,"turns":14},{"damage":12,"enemies":"3 Byrds","floor":18,"turns":4},{"damage":21,"enemies":"Spheric Guardian","floor":21,"turns":6},{"damage":5,"enemies":"Book of Stabbing","floor":23,"turns":6},{"damage":1,"enemies":"Snecko","floor":25,"turns":3},{"damage":18,"enemies":"Slavers","floor":28,"turns":6},{"damage":21,"enemies":"Shelled Parasite and Fungi","floor":30,"turns":6},{"damage":23,"enemies":"Book of Stabbing","floor":31,"turns":6},{"damage":55,"enemies":"Automaton","floor":33,"turns":6}],"seed_played":"-3987991869229493294","potions_obtained":[{"floor":0,"key":"Dexterity Potion"},{"floor":0,"key":"PowerPotion"},{"floor":0,"key":"Dexterity Potion"},{"floor":7,"key":"Ancient Potion"},{"floor":14,"key":"EssenceOfSteel"},{"floor":18,"key":"LiquidBronze"},{"floor":23,"key":"SpeedPotion"},{"floor":28,"key":"Fire Potion"},{"floor":30,"key":"Explosive Potion"}],"is_trial":false,"path_per_floor":["M","$","?","?","M","R","E","M","T","R","M","R","?","M","R","B",null,"M","$","?","M","?","E","R","M","T","R","E","?","M","E","R","B"],"character_chosen":"THE_SILENT","items_purchased":["Poisoned Stab","Torii","Backflip"],"campfire_rested":2,"item_purchase_floors":[2,19,19],"current_hp_per_floor":[63,63,46,39,38,38,18,18,18,18,15,15,1,1,22,14,56,44,44,67,46,46,41,41,40,40,61,43,80,72,49,49,0],"gold":205,"neow_bonus":"THREE_SMALL_POTIONS","is_prod":false,"is_daily":false,"chose_seed":false,"campfire_upgraded":5,"win_rate":0,"timestamp":1559330681,"path_taken":["M","?","?","?","?","R","E","M","T","R","M","R","?","M","R","BOSS","M","$","?","M","?","E","R","M","T","R","E","?","M","E","R","BOSS"],"build_version":"2019-01-23","purchased_purges":0,"victory":false,"max_hp_per_floor":[70,70,70,70,70,70,70,70,70,70,70,70,70,70,70,70,70,70,70,70,70,70,70,70,70,70,70,70,80,82,82,82,82],"card_choices":[{"not_picked":["Reflex","PiercingWail"],"picked":"Leg Sweep","floor":1},{"not_picked":["Dodge and Roll","Underhanded Strike"],"picked":"Choke","floor":5},{"not_picked":["Sucker Punch","Heel Hook"],"picked":"Terror","floor":7},{"not_picked":["Burst","Deadly Poison"],"picked":"Flying Knee","floor":8},{"not_picked":["Flying Knee","Outmaneuver","Blade Dance"],"picked":"SKIP","floor":11},{"not_picked":["Blade Dance","Underhanded Strike"],"picked":"Noxious Fumes","floor":14},{"not_picked":["Envenom","Grand Finale"],"picked":"Corpse Explosion","floor":16},{"not_picked":["Deadly Poison","Slice"],"picked":"Cloak And Dagger","floor":18},{"not_picked":["Noxious Fumes","Cloak And Dagger"],"picked":"Flechettes+1","floor":21},{"not_picked":["Slice","Outmaneuver+1"],"picked":"PiercingWail","floor":23},{"not_picked":["Prepared","Reflex+1"],"picked":"PiercingWail+1","floor":25},{"not_picked":["Bane","Sucker Punch+1"],"picked":"Malaise","floor":28},{"not_picked":["Flying Knee","Dagger Throw","Skewer"],"picked":"Singing Bowl","floor":30},{"not_picked":["Malaise","Prepared+1"],"picked":"Footwork","floor":31}],"player_experience":241389,"relics_obtained":[{"floor":7,"key":"Bag of Preparation"},{"floor":9,"key":"Whetstone"},{"floor":23,"key":"Art of War"},{"floor":26,"key":"Blue Candle"},{"floor":28,"key":"Happy Flower"},{"floor":31,"key":"MawBank"}],"event_choices":[{"damage_healed":0,"gold_gain":0,"player_choice":"Take Damage","damage_taken":17,"relics_obtained":["Golden Idol"],"max_hp_gain":0,"max_hp_loss":0,"event_name":"Golden Idol","floor":3,"gold_loss":0},{"damage_healed":0,"gold_gain":0,"player_choice":"Damaged","damage_taken":7,"max_hp_gain":0,"max_hp_loss":0,"event_name":"Wheel of Change","floor":4,"gold_loss":0},{"damage_healed":0,"gold_gain":0,"player_choice":"Entered Light","damage_taken":14,"max_hp_gain":0,"max_hp_loss":0,"event_name":"Shining Light","floor":13,"gold_loss":0,"cards_upgraded":["Strike_G","Poisoned Stab"]},{"damage_healed":23,"gold_gain":0,"player_choice":"Heal","damage_taken":0,"max_hp_gain":0,"max_hp_loss":0,"event_name":"The Library","floor":20,"gold_loss":0},{"damage_healed":0,"gold_gain":0,"player_choice":"Opened","damage_taken":0,"relics_obtained":["Singing Bowl"],"max_hp_gain":0,"max_hp_loss":0,"event_name":"The Mausoleum","floor":22,"gold_loss":0,"cards_obtained":["Writhe"]},{"cards_removed":["Grand Finale"],"damage_healed":27,"gold_gain":0,"player_choice":"Offered Rare","damage_taken":0,"max_hp_gain":10,"max_hp_loss":0,"event_name":"Bonfire Elementals","floor":29,"gold_loss":0}],"is_beta":false,"boss_relics":[{"not_picked":["Busted Crown","WristBlade"],"picked":"Astrolabe"}],"items_purged_floors":[],"is_endless":false,"potions_floor_spawned":[7,14,18,23,28,30],"killed_by":"Automaton","ascension_level":6}