{"gold_per_floor":[110,110,124,142,161,161,186,198,198,198,44,44,44,56,56,151,151,171,140,140],"floor_reached":20,"playtime":773,"items_purged":["Strike_R"],"score":238,"play_id":"5b22debe-f3e1-41e0-9a0c-a6e172efff57","local_time":"20190607001636","is_ascension_mode":true,"campfire_choices":[{"data":"Body Slam","floor":6,"key":"SMITH"},{"floor":12,"key":"REST"},{"floor":15,"key":"REST"}],"neow_cost":"NONE","seed_source_timestamp":12606201246500,"circlet_count":0,"master_deck":["Strike_R","Strike_R","Strike_R","Strike_R","Defend_R","Defend_R","Defend_R","Defend_R","Bash","Double Tap","Iron Wave","Pain","Evolve","True Grit","Body Slam+1","Metallicize+1","Inflame+1","Impervious","Dropkick+1"],"relics":["Burning Blood","WarpedTongs","Boot","Kunai","Frozen Egg 2","Eternal Feather"],"potions_floor_usage":[7,19],"damage_taken":[{"damage":0,"enemies":"Small Slimes","floor":1,"turns":3},{"damage":5,"enemies":"Cultist","floor":3,"turns":3},{"damage":10,"enemies":"Jaw Worm","floor":4,"turns":3},{"damage":14,"enemies":"3 Louse","floor":5,"turns":4},{"damage":27,"enemies":"Lagavulin","floor":7,"turns":5},{"damage":15,"enemies":"Looter","floor":8,"turns":3},{"damage":23,"enemies":"Exordium Thugs","floor":14,"turns":8},{"damage":62,"enemies":"Slime Boss","floor":16,"turns":10},{"damage":32,"enemies":"Spheric Guardian","floor":18,"turns":6},{"damage":39,"enemies":"2 Thieves","floor":19,"turns":5},{"damage":12,"enemies":"Colosseum Slavers","floor":20,"turns":1}],"seed_played":"3883203162392542658","potions_obtained":[{"floor":3,"key":"SteroidPotion"},{"floor":14,"key":"SpeedPotion"}],"is_trial":false,"path_per_floor":["M","?","M","M","M","R","E","M","T","T","$","R","?","M","R","B",null,"M","M","?"],"character_chosen":"IRONCLAD","items_purchased":["Metallicize+1"],"campfire_rested":2,"item_purchase_floors":[11],"current_hp_per_floor":[78,78,79,75,67,67,46,37,37,37,37,61,66,49,74,18,68,42,9,0],"gold":140,"neow_bonus":"ONE_RANDOM_RARE_CARD","is_prod":false,"is_daily":false,"chose_seed":false,"campfire_upgraded":1,"win_rate":0,"timestamp":1559855796,"path_taken":["M","?","M","M","?","R","E","M","T","?","?","R","?","M","R","BOSS","M","M","?"],"build_version":"2019-01-23","purchased_purges":1,"victory":false,"max_hp_per_floor":[80,80,80,80,80,80,80,80,80,80,80,80,85,85,85,85,85,85,85,85],"card_choices":[{"not_picked":["Entrench","Rage"],"picked":"Iron Wave","floor":1},{"not_picked":["Cleave","Ghostly Armor"],"picked":"Evolve","floor":3},{"not_picked":["Seeing Red","Hemokinesis"],"picked":"True Grit","floor":4},{"not_picked":["Armaments","Bloodletting"],"picked":"Body Slam","floor":5},{"not_picked":["Perfected Strike","Clash","Entrench"],"picked":"SKIP","floor":7},{"not_picked":["Clash","Clothesline","Pummel"],"picked":"SKIP","floor":8},{"not_picked":["Combust+1","Bloodletting"],"picked":"Inflame+1","floor":14},{"not_picked":["Exhume","Limit Break"],"picked":"Impervious","floor":16},{"not_picked":["Thunderclap","Wild Strike","Clothesline"],"picked":"SKIP","floor":18},{"not_picked":["Clash","Anger"],"picked":"Dropkick+1","floor":19}],"player_experience":170755,"relics_obtained":[{"floor":7,"key":"Boot"},{"floor":9,"key":"Kunai"},{"floor":10,"key":"Frozen Egg 2"}],"event_choices":[{"damage_healed":0,"gold_gain":0,"player_choice":"Rummage","damage_taken":0,"relics_obtained":["WarpedTongs"],"max_hp_gain":0,"max_hp_loss":0,"event_name":"Accursed Blacksmith","floor":2,"gold_loss":0,"cards_obtained":["Pain"]},{"damage_healed":0,"gold_gain":0,"player_choice":"Donut","damage_taken":0,"max_hp_gain":5,"max_hp_loss":0,"event_name":"Big Fish","floor":13,"gold_loss":0},{"damage_healed":0,"gold_gain":0,"player_choice":"Fight","damage_taken":0,"max_hp_gain":0,"max_hp_loss":0,"event_name":"Colosseum","floor":20,"gold_loss":0}],"is_beta":false,"boss_relics":[{"not_picked":["Runic Pyramid","Cursed Key"],"picked":"Eternal Feather"}],"items_purged_floors":[11],"is_endless":false,"potions_floor_spawned":[3,14],"killed_by":"Colosseum Slavers","ascension_level":7}