{"gold_per_floor":[113,126,139,89,89,89,99,99,148,148,173,173,205,221,221,324,324,338,338,18,28,47,47,79,79,79,106,118,118,135,169,169,274,274,287,304,304,304,87,87,97,97,123,123,142,161,178,178,178,178],"floor_reached":51,"playtime":2078,"items_purged":["Strike_G"],"score":777,"play_id":"9b883e8d-aa0e-447b-b600-2cf70a70bf60","local_time":"20180824122000","is_ascension_mode":true,"campfire_choices":[{"data":"Neutralize","floor":6,"key":"SMITH"},{"data":"Bane","floor":8,"key":"SMITH"},{"data":"Survivor","floor":10,"key":"SMITH"},{"data":"Leg Sweep","floor":12,"key":"SMITH"},{"floor":15,"key":"REST"},{"data":"Corpse Explosion","floor":23,"key":"SMITH"},{"data":"Catalyst","floor":25,"key":"SMITH"},{"floor":29,"key":"REST"},{"floor":32,"key":"REST"},{"floor":40,"key":"REST"},{"data":"Venomology","floor":42,"key":"SMITH"},{"data":"Corpse Explosion","floor":44,"key":"SMITH"},{"data":"Deadly Poison","floor":49,"key":"SMITH"}],"neow_cost":"NONE","seed_source_timestamp":2108226340226,"circlet_count":0,"master_deck":["Defend_G","Defend_G","Strike_G+1","Survivor+1","Neutralize+1","Poisoned Stab+1","Bane+1","Leg Sweep+1","Corpse Explosion+1","Choke+1","Caltrops+1","Eviscerate+1","Bane+1","Poisoned Stab+1","Catalyst+1","Noxious Fumes+1","Deadly Poison+1","Envenom+1","Corpse Explosion+1","Venomology+1","Predator+1"],"relics":["Ring of the Snake","Oddly Smooth Stone","Lantern","Regal Pillow","Astrolabe","The Specimen","Whetstone","Blood Vial","Mummified Hand","Matryoshka","Busted Crown","Ancient Tea Set","Pen Nib","Orichalcum","Pantograph"],"potions_floor_usage":[11,16,24,24,24,31,33,36,41,45,45,47,50,50],"damage_taken":[{"damage":0,"enemies":"Cultist","floor":1,"turns":4},{"damage":0,"enemies":"Small Slimes","floor":2,"turns":4},{"damage":0,"enemies":"Jaw Worm","floor":3,"turns":3},{"damage":8,"enemies":"3 Louse","floor":7,"turns":3},{"damage":7,"enemies":"Lagavulin","floor":11,"turns":5},{"damage":6,"enemies":"3 Sentries","floor":13,"turns":7},{"damage":1,"enemies":"Looter","floor":14,"turns":2},{"damage":35,"enemies":"Slime Boss","floor":16,"turns":14},{"damage":0,"enemies":"3 Byrds","floor":18,"turns":2},{"damage":0,"enemies":"Chosen","floor":21,"turns":3},{"damage":15,"enemies":"Snake Plant","floor":22,"turns":4},{"damage":1,"enemies":"Book of Stabbing","floor":24,"turns":4},{"damage":27,"enemies":"Gremlin Leader","floor":27,"turns":3},{"damage":0,"enemies":"Cultist and Chosen","floor":28,"turns":4},{"damage":8,"enemies":"Snecko","floor":30,"turns":3},{"damage":19,"enemies":"Slavers","floor":31,"turns":3},{"damage":23,"enemies":"Champ","floor":33,"turns":7},{"damage":43,"enemies":"Flame Bruiser 1 Orb","floor":35,"turns":5},{"damage":0,"enemies":"3 Darklings","floor":36,"turns":2},{"damage":18,"enemies":"4 Shapes","floor":41,"turns":2},{"damage":4,"enemies":"Spire Growth","floor":45,"turns":3},{"damage":0,"enemies":"Transient","floor":46,"turns":5},{"damage":1,"enemies":"4 Shapes","floor":47,"turns":3},{"damage":52,"enemies":"Donu and Deca","floor":50,"turns":5}],"seed_played":"-5859266846126483403","potions_obtained":[{"floor":1,"key":"LiquidBronze"},{"floor":2,"key":"Regen Potion"},{"floor":16,"key":"LiquidBronze"},{"floor":21,"key":"GhostInAJar"},{"floor":22,"key":"SkillPotion"},{"floor":28,"key":"Block Potion"},{"floor":30,"key":"Poison Potion"},{"floor":33,"key":"SpeedPotion"},{"floor":35,"key":"Energy Potion"},{"floor":46,"key":"AttackPotion"}],"is_trial":false,"path_per_floor":["M","M","M","?","?","R","M","R","T","R","E","R","E","M","R","B",null,"M","?","$","M","M","R","E","R","T","E","M","R","M","E","R","B",null,"M","M","?","?","$","R","M","R","T","R","M","M","M","T","R","B"],"character_chosen":"THE_SILENT","items_purchased":["The Specimen","Poisoned Stab","Venomology"],"campfire_rested":4,"item_purchase_floors":[20,20,39],"current_hp_per_floor":[70,70,70,70,70,70,62,62,62,62,64,64,58,57,70,35,70,70,70,70,70,55,55,54,54,54,29,31,67,61,44,70,47,70,27,29,29,29,29,65,49,49,49,49,47,49,50,50,50,18],"gold":178,"neow_bonus":"REMOVE_CARD","is_prod":false,"is_daily":false,"chose_seed":false,"campfire_upgraded":9,"win_rate":0,"timestamp":1535102400,"path_taken":["M","?","M","?","?","R","M","R","T","R","E","R","E","?","R","BOSS","M","?","$","M","M","R","E","R","T","E","M","R","M","E","R","BOSS","M","M","?","?","$","R","M","R","T","R","M","M","M","?","R","BOSS"],"build_version":"2018-08-23v2","purchased_purges":1,"victory":true,"max_hp_per_floor":[70,70,70,70,70,70,70,70,70,70,70,70,70,70,70,70,70,70,70,70,70,70,70,70,70,70,70,70,70,70,70,70,70,70,70,70,70,70,70,70,70,70,70,70,70,70,70,70,70,70],"card_choices":[{"not_picked":["Choke","All Out Attack","Blade Dance"],"picked":"SKIP","floor":1},{"not_picked":["Dodge and Roll","Dagger Spray"],"picked":"Poisoned Stab","floor":2},{"not_picked":["Eviscerate","Backflip","Dodge and Roll"],"picked":"SKIP","floor":3},{"not_picked":["Riddle With Holes","Prepared"],"picked":"Bane","floor":7},{"not_picked":["Predator","Caltrops"],"picked":"Leg Sweep","floor":11},{"not_picked":["All Out Attack","Leg Sweep","Riddle With Holes"],"picked":"SKIP","floor":13},{"not_picked":["Quick Slash","Reflex","Blade Dance"],"picked":"SKIP","floor":14},{"not_picked":["Glass Knife","Adrenaline"],"picked":"Corpse Explosion","floor":16},{"not_picked":["Heel Hook","Infinite Blades"],"picked":"Bane+1","floor":18},{"not_picked":["Sucker Punch","PiercingWail+1"],"picked":"Catalyst","floor":21},{"not_picked":["Footwork","Sucker Punch+1"],"picked":"Noxious Fumes+1","floor":22},{"not_picked":["Dash","Backstab"],"picked":"Deadly Poison","floor":24},{"not_picked":["Slice","Prepared","Dagger Spray"],"picked":"SKIP","floor":27},{"not_picked":["Blade Dance","Deadly Poison"],"picked":"Envenom","floor":28},{"not_picked":["Endless Agony","Infinite Blades","Deflect"],"picked":"SKIP","floor":30},{"not_picked":["Well Laid Plans","Blur","Tactician+1"],"picked":"SKIP","floor":31},{"not_picked":["Envenom","After Image"],"picked":"Corpse Explosion","floor":33},{"not_picked":["Dodge and Roll+1"],"picked":"SKIP","floor":35},{"not_picked":["Dagger Throw+1"],"picked":"SKIP","floor":36},{"not_picked":[],"picked":"Predator+1","floor":41},{"not_picked":["Acrobatics+1"],"picked":"SKIP","floor":45},{"not_picked":["Flechettes"],"picked":"SKIP","floor":46},{"not_picked":["Sucker Punch+1"],"picked":"SKIP","floor":47}],"player_experience":80073,"relics_obtained":[{"floor":9,"key":"Oddly Smooth Stone"},{"floor":11,"key":"Lantern"},{"floor":13,"key":"Regal Pillow"},{"floor":24,"key":"Whetstone"},{"floor":26,"key":"Blood Vial"},{"floor":27,"key":"Mummified Hand"},{"floor":31,"key":"Matryoshka"},{"floor":43,"key":"Ancient Tea Set"},{"floor":43,"key":"Pen Nib"},{"floor":48,"key":"Orichalcum"},{"floor":48,"key":"Pantograph"}],"event_choices":[{"event_name":"The Cleric","player_choice":"Card Removal","floor":4,"damage_taken":0},{"event_name":"Upgrade Shrine","player_choice":"Upgraded","floor":5,"damage_taken":0},{"event_name":"Ghosts","player_choice":"Ignored","floor":19,"damage_taken":0},{"event_name":"Falling","player_choice":"Removed Skill","floor":37,"damage_taken":0},{"event_name":"Upgrade Shrine","player_choice":"Upgraded","floor":38,"damage_taken":0}],"is_beta":false,"boss_relics":[{"not_picked":["Empty Cage","Cursed Key"],"picked":"Astrolabe"},{"not_picked":["WristBlade","Coffee Dripper"],"picked":"Busted Crown"}],"items_purged_floors":[39],"is_endless":false,"potions_floor_spawned":[1,2,16,21,22,28,30,33,35,46],"ascension_level":1}