{"gold_per_floor":[109,128,403,30,43,43,58,71,71,89,119,119,119,69,69,199,199,184,205,205],"floor_reached":20,"playtime":7426,"items_purged":["Regret"],"score":282,"play_id":"ab6fd295-849c-491a-bd12-6cea6b5ba973","local_time":"20190604121115","is_ascension_mode":true,"campfire_choices":[{"data":"Genetic Algorithm","floor":6,"key":"SMITH"},{"data":"Capacitor","floor":12,"key":"SMITH"},{"data":"Zap","floor":15,"key":"SMITH"}],"neow_cost":"NONE","seed_source_timestamp":1297368422405182,"circlet_count":0,"master_deck":["AscendersBane","Strike_B","Strike_B","Strike_B","Defend_B","Defend_B","Defend_B","Defend_B","Zap+1","Dualcast","Seek","Conserve Battery","Steam","Ball Lightning","Genetic Algorithm+1","Capacitor+1","Cold Snap","Leap","Buffer","BootSequence"],"relics":["Cracked Core","Membership Card","DataDisk","Bottled Lightning","Dream Catcher","Golden Idol","Nuclear Battery"],"potions_floor_usage":[11,16,20,20],"damage_taken":[{"damage":2,"enemies":"2 Louse","floor":1,"turns":3},{"damage":0,"enemies":"Cultist","floor":2,"turns":3},{"damage":2,"enemies":"Jaw Worm","floor":5,"turns":3},{"damage":0,"enemies":"2 Fungi Beasts","floor":7,"turns":2},{"damage":9,"enemies":"Large Slime","floor":8,"turns":7},{"damage":0,"enemies":"Looter","floor":10,"turns":3},{"damage":9,"enemies":"3 Sentries","floor":11,"turns":7},{"damage":10,"enemies":"Slime Boss","floor":16,"turns":10},{"damage":1,"enemies":"2 Thieves","floor":18,"turns":4},{"damage":2,"enemies":"Shell Parasite","floor":19,"turns":10},{"damage":9,"enemies":"Colosseum Slavers","floor":20,"turns":7},{"damage":73,"enemies":"Colosseum Nobs","floor":20,"turns":6}],"seed_played":"5268175393088170202","potions_obtained":[{"floor":2,"key":"PowerPotion"},{"floor":8,"key":"Explosive Potion"},{"floor":16,"key":"Regen Potion"},{"floor":19,"key":"Swift Potion"}],"is_trial":false,"path_per_floor":["M","M","?","$","M","R","M","M","T","M","E","R","?","?","R","B",null,"M","M","?"],"character_chosen":"DEFECT","items_purchased":["Membership Card","DataDisk","Ball Lightning"],"campfire_rested":0,"item_purchase_floors":[4,4,4],"current_hp_per_floor":[66,66,66,66,64,64,64,55,55,55,46,46,46,46,46,36,61,60,58,0],"gold":205,"neow_bonus":"ONE_RANDOM_RARE_CARD","is_prod":false,"is_daily":false,"chose_seed":false,"campfire_upgraded":3,"win_rate":0,"timestamp":1559664675,"path_taken":["M","M","?","$","M","R","M","M","T","?","E","R","?","?","R","BOSS","M","M","?"],"build_version":"2019-01-23","purchased_purges":1,"victory":false,"max_hp_per_floor":[75,75,75,75,75,75,75,75,75,75,75,75,69,69,69,69,69,69,69,69],"card_choices":[{"not_picked":["Beam Cell","Loop"],"picked":"Conserve Battery","floor":1},{"not_picked":["Conserve Battery","Static Discharge"],"picked":"Steam","floor":2},{"not_picked":["Coolheaded","Ball Lightning"],"picked":"Genetic Algorithm","floor":5},{"not_picked":["Darkness","Barrage"],"picked":"Capacitor","floor":7},{"not_picked":["Amplify","Aggregate","Reprogram"],"picked":"SKIP","floor":8},{"not_picked":["Coolheaded","Steam"],"picked":"Cold Snap","floor":10},{"not_picked":["Barrage","Sunder"],"picked":"Leap","floor":11},{"not_picked":["Seek","All For One"],"picked":"Buffer","floor":16},{"not_picked":["Steam","Conserve Battery","Gash"],"picked":"SKIP","floor":18},{"not_picked":["Sweeping Beam+1","Hologram"],"picked":"BootSequence","floor":19}],"player_experience":711361,"relics_obtained":[{"floor":9,"key":"Bottled Lightning"},{"floor":11,"key":"Dream Catcher"}],"event_choices":[{"damage_healed":0,"gold_gain":275,"player_choice":"Desecrate","damage_taken":0,"max_hp_gain":0,"max_hp_loss":0,"event_name":"Golden Shrine","floor":3,"gold_loss":0,"cards_obtained":["Regret"]},{"damage_healed":0,"gold_gain":0,"player_choice":"Lose Max HP","damage_taken":0,"relics_obtained":["Golden Idol"],"max_hp_gain":0,"max_hp_loss":6,"event_name":"Golden Idol","floor":13,"gold_loss":0},{"cards_removed":["Strike_B"],"damage_healed":0,"gold_gain":0,"player_choice":"Card Removal","damage_taken":0,"max_hp_gain":0,"max_hp_loss":0,"event_name":"The Cleric","floor":14,"gold_loss":50},{"damage_healed":0,"gold_gain":0,"player_choice":"Fight","damage_taken":0,"max_hp_gain":0,"max_hp_loss":0,"event_name":"Colosseum","floor":20,"gold_loss":0},{"damage_healed":0,"gold_gain":0,"player_choice":"Fought Nobs","damage_taken":0,"max_hp_gain":0,"max_hp_loss":0,"event_name":"Colosseum","floor":20,"gold_loss":0}],"is_beta":false,"boss_relics":[{"not_picked":["Coffee Dripper","Fusion Hammer"],"picked":"Nuclear Battery"}],"items_purged_floors":[4],"is_endless":false,"potions_floor_spawned":[2,8,16,19],"killed_by":"Colosseum Nobs","ascension_level":12}