{"gold_per_floor":[113,123,142,142,152,152,152,186,213,213,227,227,247,44,44,165,165,178,178,189,204,204,204,219,254,254,254,268,268,297,312,312,408,408,418,318,334,348,348,348,363,378,450,450,462,477,477,54,54,54],"floor_reached":51,"playtime":3070,"items_purged":["Strike_G","Defend_G","Strike_G"],"score":673,"play_id":"4f961e21-8771-478d-a052-d04ec88fa9a2","local_time":"20180823233141","is_ascension_mode":false,"campfire_choices":[{"data":"Catalyst","floor":6,"key":"SMITH"},{"data":"Dash","floor":12,"key":"SMITH"},{"floor":15,"key":"REST"},{"data":"Noxious Fumes","floor":23,"key":"SMITH"},{"data":"Distraction","floor":27,"key":"SMITH"},{"floor":29,"key":"REST"},{"floor":32,"key":"REST"},{"data":"Deadly Poison","floor":40,"key":"SMITH"},{"data":"Deadly Poison","floor":44,"key":"SMITH"},{"floor":49,"key":"REST"}],"neow_cost":"NONE","seed_source_timestamp":779725843362723,"circlet_count":0,"master_deck":["Defend_G","Defend_G","Defend_G","Defend_G","Survivor","Neutralize+1","Dash+1","Catalyst+1","Distraction+1","Deadly Poison+1","Noxious Fumes+1","Deadly Poison+1","Adrenaline","Flying Knee","PiercingWail+1","Flying Knee+1","Outmaneuver+1","Sucker Punch+1","Venomology+1","Deflect+1","Bullet Time","Slice+1","Deflect+1","Underhanded Strike+1","Poisoned Stab+1","Skewer+1","Poisoned Stab+1","Corpse Explosion","Crippling Poison","Corpse Explosion","Poisoned Stab+1"],"relics":["Ring of the Snake","Happy Flower","Anchor","Vajra","Bloody Idol","White Beast Statue","Bronze Scales","Paper Crane","Centennial Puzzle","Red Mask","Astrolabe","Molten Egg 2","Bottled Flame"],"potions_floor_usage":[24,24,24,25,31,31,33,33,35,35,37,37,38,38,38,41,41,42,42,42,42,42,42,45,50,50,50,50],"damage_taken":[{"damage":0,"enemies":"Cultist","floor":1,"turns":4},{"damage":0,"enemies":"Jaw Worm","floor":2,"turns":4},{"damage":0,"enemies":"Small Slimes","floor":3,"turns":2},{"damage":0,"enemies":"Blue Slaver","floor":5,"turns":4},{"damage":21,"enemies":"Lagavulin","floor":8,"turns":11},{"damage":3,"enemies":"Red Slaver","floor":11,"turns":4},{"damage":2,"enemies":"Large Slime","floor":13,"turns":6},{"damage":13,"enemies":"The Guardian","floor":16,"turns":7},{"damage":7,"enemies":"2 Thieves","floor":18,"turns":4},{"damage":2,"enemies":"Shell Parasite","floor":20,"turns":5},{"damage":13,"enemies":"3 Cultists","floor":21,"turns":5},{"damage":23,"enemies":"Sentry and Sphere","floor":24,"turns":6},{"damage":10,"enemies":"Book of Stabbing","floor":25,"turns":5},{"damage":16,"enemies":"Centurion and Healer","floor":28,"turns":6},{"damage":7,"floor":30,"turns":5},{"damage":9,"enemies":"3 Cultists","floor":31,"turns":4},{"damage":50,"enemies":"Champ","floor":33,"turns":11},{"damage":10,"enemies":"Flame Bruiser 1 Orb","floor":35,"turns":4},{"damage":0,"enemies":"Orb Walker","floor":37,"turns":3},{"damage":11,"enemies":"Spire Growth","floor":38,"turns":5},{"damage":5,"enemies":"Maw","floor":41,"turns":6},{"damage":34,"enemies":"Flame Bruiser 2 Orb","floor":42,"turns":3},{"damage":8,"enemies":"3 Darklings","floor":45,"turns":4},{"damage":8,"enemies":"Spire Growth","floor":46,"turns":4},{"damage":61,"enemies":"Awakened One","floor":50,"turns":15}],"seed_played":"-6090084584469081415","potions_obtained":[{"floor":5,"key":"Strength Potion"},{"floor":8,"key":"Strength Potion"},{"floor":11,"key":"Dexterity Potion"},{"floor":16,"key":"Weak Potion"},{"floor":20,"key":"Poison Potion"},{"floor":24,"key":"AttackPotion"},{"floor":25,"key":"LiquidBronze"},{"floor":28,"key":"Ancient Potion"},{"floor":30,"key":"Regen Potion"},{"floor":31,"key":"Ancient Potion"},{"floor":33,"key":"Fruit Juice"},{"floor":35,"key":"Explosive Potion"},{"floor":37,"key":"Weak Potion"},{"floor":38,"key":"PowerPotion"},{"floor":41,"key":"EntropicBrew"},{"floor":42,"key":"Energy Potion"},{"floor":45,"key":"Explosive Potion"}],"is_trial":false,"path_per_floor":["M","M","M","?","M","R","?","E","T","?","M","R","M","$","R","B",null,"M","?","M","M","?","R","M","E","T","R","M","R","?","M","R","B",null,"M","$","M","M","?","R","M","M","T","R","M","M","?","$","R","B"],"character_chosen":"THE_SILENT","items_purchased":["Noxious Fumes","Deadly Poison","Bottled Flame","Poisoned Stab+1"],"campfire_rested":4,"item_purchase_floors":[14,14,48,48],"current_hp_per_floor":[70,70,70,75,75,75,75,54,54,36,33,33,31,31,53,40,75,68,68,71,63,63,63,45,40,40,40,29,51,49,45,67,37,75,75,75,80,74,74,74,74,45,50,50,47,44,44,44,68,7],"gold":54,"neow_bonus":"UPGRADE_CARD","is_prod":false,"is_daily":false,"chose_seed":false,"campfire_upgraded":6,"win_rate":0.0,"timestamp":1535056301,"path_taken":["M","M","?","?","M","R","?","E","T","?","M","R","?","?","R","BOSS","M","?","M","M","?","R","M","E","T","R","M","R","?","M","R","BOSS","M","?","M","M","?","R","M","?","T","R","M","M","?","$","R","BOSS"],"build_version":"2018-08-16","purchased_purges":3,"victory":true,"max_hp_per_floor":[70,70,70,75,75,75,75,75,75,75,75,75,75,75,75,75,75,75,75,75,75,75,75,75,75,75,75,75,75,75,75,75,75,75,80,80,80,80,80,80,80,80,80,80,80,80,80,80,80,80],"card_choices":[{"not_picked":["Quick Slash","Underhanded Strike","Skewer"],"picked":"SKIP","floor":1},{"not_picked":["Well Laid Plans","Deflect"],"picked":"Dash","floor":2},{"not_picked":["Backflip","Caltrops"],"picked":"Catalyst","floor":3},{"not_picked":["Blur","Blade Dance","Masterful Stab"],"picked":"SKIP","floor":5},{"not_picked":["Well Laid Plans","Slice"],"picked":"Distraction","floor":8},{"not_picked":["Flechettes","Expertise","Outmaneuver"],"picked":"SKIP","floor":11},{"not_picked":["Flying Knee","Caltrops"],"picked":"Deadly Poison","floor":13},{"not_picked":["After Image","Phantasmal Killer"],"picked":"Adrenaline","floor":16},{"not_picked":["Finisher+1","Prepared"],"picked":"Flying Knee","floor":18},{"not_picked":["Prepared","Quick Slash+1"],"picked":"PiercingWail+1","floor":20},{"not_picked":["Dash","Expertise"],"picked":"Flying Knee+1","floor":21},{"not_picked":["Slice","Deflect"],"picked":"Outmaneuver+1","floor":24},{"not_picked":["All Out Attack","Finisher+1","Eviscerate"],"picked":"SKIP","floor":25},{"not_picked":["Underhanded Strike","Dodge and Roll"],"picked":"Sucker Punch+1","floor":28},{"not_picked":["Noxious Fumes","Infinite Blades+1"],"picked":"Venomology","floor":30},{"not_picked":["Acrobatics","Noxious Fumes"],"picked":"Deflect+1","floor":31},{"not_picked":["Phantasmal Killer","Die Die Die"],"picked":"Bullet Time","floor":33},{"not_picked":["Dagger Throw+1","Slice"],"picked":"Poisoned Stab+1","floor":35},{"not_picked":["Flechettes+1","Acrobatics","Underhanded Strike+1"],"picked":"SKIP","floor":37},{"not_picked":["Dagger Throw","Well Laid Plans"],"picked":"Skewer+1","floor":38},{"not_picked":["Deadly Poison","Sucker Punch","Blade Dance+1"],"picked":"SKIP","floor":41},{"not_picked":["Catalyst","Backflip+1"],"picked":"Poisoned Stab+1","floor":42},{"not_picked":["Footwork","Slice+1"],"picked":"Corpse Explosion","floor":45},{"not_picked":["Caltrops+1","Blade Dance"],"picked":"Crippling Poison","floor":46}],"player_experience":75544,"relics_obtained":[{"floor":8,"key":"Anchor"},{"floor":9,"key":"Vajra"},{"floor":25,"key":"Paper Crane"},{"floor":26,"key":"Centennial Puzzle"},{"floor":30,"key":"Red Mask"},{"floor":43,"key":"Molten Egg 2"}],"event_choices":[{"event_name":"Big Fish","player_choice":"Donut","floor":4,"damage_taken":0},{"event_name":"WeMeetAgain","player_choice":"Potion","floor":7,"damage_taken":0},{"event_name":"Golden Idol","player_choice":"Take Damage","floor":10,"damage_taken":0},{"event_name":"Forgotten Altar","player_choice":"Gave Idol","floor":19,"damage_taken":0},{"event_name":"Wheel of Change","player_choice":"Relic","floor":22,"damage_taken":0},{"event_name":"Masked Bandits","player_choice":"Fought Bandits","floor":30,"damage_taken":0},{"event_name":"Upgrade Shrine","player_choice":"Upgraded","floor":39,"damage_taken":0},{"event_name":"Duplicator","player_choice":"One dupe","floor":47,"damage_taken":0}],"is_beta":false,"boss_relics":[{"not_picked":["Tiny House","Cursed Key"],"picked":"White Beast Statue"},{"not_picked":["Runic Dome","Snecko Eye"],"picked":"Astrolabe"}],"items_purged_floors":[14,36,48],"is_endless":false,"potions_floor_spawned":[5,8,11,16,18,20,21,24,25,28,30,31,33,35,37,38,41,42,45,46],"ascension_level":0}