{"gold_per_floor":[114,114,114,114,127,127,170,191,191,191,205,51,70,245,245,245],"floor_reached":16,"playtime":840,"items_purged":[],"score":105,"play_id":"bc8d2fe1-5583-4b13-948b-b1ce64f2b884","local_time":"20180819115627","is_ascension_mode":true,"campfire_choices":[{"data":"Bash","floor":6,"key":"SMITH"},{"floor":10,"key":"REST"},{"floor":15,"key":"REST"}],"neow_cost":"NONE","seed_source_timestamp":394667003662902,"circlet_count":0,"master_deck":["Strike_R","Strike_R","Strike_R","Strike_R","Strike_R","Defend_R","Defend_R","Defend_R","Bash+1","True Grit","Whirlwind","Iron Wave","True Grit","Doubt"],"relics":["Burning Blood","Bag of Marbles","Boot","Golden Idol","Dodecahedron","Mummified Hand","Regal Pillow"],"potions_floor_usage":[16,16],"damage_taken":[{"damage":6,"enemies":"Jaw Worm","floor":1,"turns":3},{"damage":1,"enemies":"Cultist","floor":5,"turns":3},{"damage":45,"enemies":"Gremlin Nob","floor":7,"turns":5},{"damage":9,"enemies":"2 Louse","floor":8,"turns":3},{"damage":13,"enemies":"2 Fungi Beasts","floor":11,"turns":3},{"damage":5,"enemies":"Large Slime","floor":13,"turns":8},{"damage":73,"enemies":"Hexaghost","floor":16,"turns":11}],"seed_played":"3807398111596682598","potions_obtained":[{"floor":5,"key":"FearPotion"},{"floor":8,"key":"Ancient Potion"},{"floor":11,"key":"Fire Potion"}],"is_trial":false,"path_per_floor":["M","?","?","?","M","R","E","M","T","R","M","$","M","?","R"],"character_chosen":"IRONCLAD","items_purchased":["Regal Pillow"],"campfire_rested":2,"item_purchase_floors":[12],"current_hp_per_floor":[80,80,60,53,58,58,19,16,16,40,33,33,34,34,73,0],"gold":245,"neow_bonus":"RANDOM_COMMON_RELIC","is_prod":false,"is_daily":false,"chose_seed":false,"campfire_upgraded":1,"win_rate":0,"timestamp":1534668987,"path_taken":["M","?","?","?","M","R","E","M","T","R","M","$","M","?","R","BOSS"],"build_version":"2018-08-16","purchased_purges":0,"victory":false,"max_hp_per_floor":[80,80,80,80,80,80,80,80,80,80,80,80,80,80,80,80],"card_choices":[{"not_picked":["Perfected Strike","Anger"],"picked":"True Grit","floor":1},{"not_picked":["Sever Soul","Havoc","Flex"],"picked":"SKIP","floor":5},{"not_picked":["Battle Trance","Reckless Charge","Wild Strike"],"picked":"SKIP","floor":7},{"not_picked":["Iron Wave","Warcry"],"picked":"Whirlwind","floor":8},{"not_picked":["Thunderclap","Anger"],"picked":"Iron Wave","floor":11},{"not_picked":["Intimidate","Bludgeon"],"picked":"True Grit","floor":13}],"player_experience":63965,"relics_obtained":[{"floor":7,"key":"Dodecahedron"},{"floor":9,"key":"Mummified Hand"}],"event_choices":[{"event_name":"Wheel of Change","player_choice":"Relic","floor":2,"damage_taken":0},{"event_name":"Golden Idol","player_choice":"Take Damage","floor":3,"damage_taken":0},{"event_name":"Golden Wing","player_choice":"Card Removal","floor":4,"damage_taken":0},{"event_name":"Liars Game","player_choice":"agreed","floor":14,"damage_taken":0}],"is_beta":false,"boss_relics":[],"items_purged_floors":[],"is_endless":false,"potions_floor_spawned":[5,8,11],"killed_by":"Hexaghost","ascension_level":1}