{"gold_per_floor":[117,131,131,131,15,15,15,15,15,27,57,8,8],"floor_reached":13,"playtime":360,"items_purged":[],"score":109,"play_id":"da022e6c-b3a6-40cc-9407-51c1bdff8c8a","local_time":"20190609074622","is_ascension_mode":true,"campfire_choices":[{"data":"Cloak And Dagger","floor":6,"key":"SMITH"},{"data":"Sucker Punch","floor":8,"key":"SMITH"}],"neow_cost":"NONE","seed_source_timestamp":0,"circlet_count":0,"master_deck":["Defend_G","Defend_G","Defend_G","Defend_G","Defend_G","Strike_G","Strike_G","Strike_G","Strike_G","Strike_G","Survivor","Neutralize","Sucker Punch+1","Cloak And Dagger+1","Footwork+1","Endless Agony","PiercingWail","Dodge and Roll"],"special_seed":0,"relics":["Ring of the Snake","NeowsBlessing","Frozen Egg 2","Pantograph","Strawberry"],"potions_floor_usage":[11,13],"damage_taken":[{"damage":0,"enemies":"Cultist","floor":1,"turns":1},{"damage":0,"enemies":"Jaw Worm","floor":2,"turns":1},{"damage":0,"enemies":"2 Louse","floor":10,"turns":1},{"damage":39,"enemies":"Gremlin Nob","floor":11,"turns":5},{"damage":25,"enemies":"Lagavulin","floor":13,"turns":11}],"seed_played":"8600830569607363174","potions_obtained":[{"floor":1,"key":"PowerPotion"},{"floor":11,"key":"GhostInAJar"}],"is_trial":false,"path_per_floor":["M","M","?","?","$","R","$","R","T","M","E","?","E"],"character_chosen":"THE_SILENT","items_purchased":["Footwork+1","Endless Agony"],"campfire_rested":0,"item_purchase_floors":[5,5],"current_hp_per_floor":[63,63,38,43,43,43,43,43,43,43,11,11,0],"gold":8,"neow_bonus":"THREE_ENEMY_KILL","is_prod":false,"is_daily":false,"chose_seed":false,"campfire_upgraded":2,"win_rate":0,"timestamp":1560046582,"path_taken":["M","?","?","?","$","R","$","R","T","M","E","?","E"],"build_version":"2019-01-23","purchased_purges":0,"victory":false,"max_hp_per_floor":[70,70,70,75,75,75,75,75,75,75,82,82,82],"card_choices":[{"not_picked":["Flechettes","Terror"],"picked":"Sucker Punch","floor":1},{"not_picked":["Outmaneuver","Acrobatics"],"picked":"Cloak And Dagger","floor":2},{"not_picked":["Reflex","Dagger Spray"],"picked":"PiercingWail","floor":10},{"not_picked":["Deflect","Blur"],"picked":"Dodge and Roll","floor":11}],"player_experience":271446,"relics_obtained":[{"floor":9,"key":"Pantograph"},{"floor":11,"key":"Strawberry"}],"event_choices":[{"damage_healed":0,"gold_gain":0,"player_choice":"Success","damage_taken":25,"relics_obtained":["Frozen Egg 2"],"max_hp_gain":0,"max_hp_loss":0,"event_name":"Scrap Ooze","floor":3,"gold_loss":0},{"damage_healed":0,"gold_gain":0,"player_choice":"Donut","damage_taken":0,"max_hp_gain":5,"max_hp_loss":0,"event_name":"Big Fish","floor":4,"gold_loss":0},{"damage_healed":0,"gold_gain":0,"player_choice":"Left Gold","damage_taken":0,"max_hp_gain":0,"max_hp_loss":0,"event_name":"World of Goop","floor":12,"gold_loss":49}],"is_beta":false,"boss_relics":[],"items_purged_floors":[],"is_endless":false,"potions_floor_spawned":[1,11],"killed_by":"Lagavulin","ascension_level":7}