{"gold_per_floor":[127,156,75,88,103,138,138,153,153,153,167,184,218,171,171,275,275,287,302,314,324,340,340],"floor_reached":23,"playtime":1696,"items_purged":[],"score":209,"play_id":"0aa78935-34d9-488e-b085-bd74970892af","local_time":"20180818004555","is_ascension_mode":false,"campfire_choices":[{"floor":7,"key":"REST"},{"data":"Fusion","floor":10,"key":"SMITH"},{"floor":15,"key":"REST"}],"neow_cost":"NONE","seed_source_timestamp":267180959451027,"circlet_count":0,"master_deck":["Strike_B","Strike_B","Strike_B","Strike_B","Defend_B","Defend_B","Defend_B","Defend_B","Zap","Dualcast","Barrage","Ball Lightning","Dramatic Entrance","FTL","Cold Snap","Fusion+1","Defragment","Sweeping Beam","Leap","Multi-Cast","Electrodynamics","Glacier+1","Glacier+1","White Noise","Static Discharge","Ball Lightning+1"],"relics":["Cracked Core","MawBank","Anchor","Mercury Hourglass","Gremlin Horn","Inserter"],"potions_floor_usage":[16,16,16,16,20,21,23],"damage_taken":[{"damage":6,"enemies":"Cultist","floor":1,"turns":4},{"damage":12,"enemies":"2 Louse","floor":2,"turns":2},{"damage":3,"enemies":"Small Slimes","floor":4,"turns":2},{"damage":1,"enemies":"3 Louse","floor":5,"turns":2},{"damage":29,"enemies":"Lagavulin","floor":6,"turns":6},{"damage":0,"enemies":"Exordium Wildlife","floor":8,"turns":3},{"damage":0,"enemies":"Exordium Thugs","floor":11,"turns":3},{"damage":3,"enemies":"Red Slaver","floor":12,"turns":2},{"damage":4,"enemies":"3 Sentries","floor":13,"turns":4},{"damage":3,"enemies":"Hexaghost","floor":16,"turns":9},{"damage":17,"enemies":"Shell Parasite","floor":18,"turns":5},{"damage":21,"enemies":"Spheric Guardian","floor":19,"turns":4},{"damage":8,"enemies":"Centurion and Healer","floor":20,"turns":6},{"damage":13,"enemies":"Snecko","floor":21,"turns":5},{"damage":4,"enemies":"3 Cultists","floor":22,"turns":3},{"damage":12,"enemies":"Gremlin Leader","floor":23,"turns":2}],"seed_played":"-1615730394106653635","potions_obtained":[{"floor":2,"key":"Dexterity Potion"},{"floor":4,"key":"Block Potion"},{"floor":5,"key":"EntropicBrew"},{"floor":12,"key":"Block Potion"},{"floor":19,"key":"GamblersBrew"},{"floor":20,"key":"Dexterity Potion"},{"floor":21,"key":"SmokeBomb"}],"is_trial":false,"path_per_floor":["M","M","$","M","M","E","R","M","T","R","M","M","E","?","R","B",null,"M","M","M","M","M"],"character_chosen":"DEFECT","items_purchased":["Dramatic Entrance"],"campfire_rested":2,"item_purchase_floors":[3],"current_hp_per_floor":[69,57,57,54,53,24,46,46,46,46,46,43,39,39,61,58,75,58,37,29,16,12,0],"gold":340,"neow_bonus":"RANDOM_COMMON_RELIC","is_prod":false,"is_daily":false,"chose_seed":false,"campfire_upgraded":1,"win_rate":0.0,"timestamp":1534542355,"path_taken":["M","M","?","M","M","E","R","M","T","R","M","M","E","?","R","BOSS","M","M","M","M","M","E"],"build_version":"2018-08-16","purchased_purges":0,"victory":false,"max_hp_per_floor":[75,75,75,75,75,75,75,75,75,75,75,75,75,75,75,75,75,75,75,75,75,75,75],"card_choices":[{"not_picked":["Gash","Consume"],"picked":"Barrage","floor":1},{"not_picked":["Coolheaded","Stack"],"picked":"Ball Lightning","floor":2},{"not_picked":["Compile Driver","Gash"],"picked":"FTL","floor":4},{"not_picked":["Blizzard","Barrage"],"picked":"Cold Snap","floor":5},{"not_picked":["Reboot","Streamline"],"picked":"Fusion","floor":6},{"not_picked":["Skim","Lockon"],"picked":"Defragment","floor":8},{"not_picked":["Steam","Gash"],"picked":"Sweeping Beam","floor":11},{"not_picked":["Coolheaded","Cold Snap"],"picked":"Leap","floor":12},{"not_picked":["Beam Cell","Streamline"],"picked":"Multi-Cast","floor":13},{"not_picked":["Machine Learning","Thunder Strike"],"picked":"Electrodynamics","floor":16},{"not_picked":["Genetic Algorithm","Sweeping Beam"],"picked":"Glacier+1","floor":18},{"not_picked":["Chaos+1","Compile Driver"],"picked":"Glacier+1","floor":19},{"not_picked":["Gash","Go for the Eyes"],"picked":"White Noise","floor":20},{"not_picked":["Sweeping Beam","Skim"],"picked":"Static Discharge","floor":21},{"not_picked":["Go for the Eyes","Seek"],"picked":"Ball Lightning+1","floor":22}],"player_experience":16998,"relics_obtained":[{"floor":6,"key":"Anchor"},{"floor":9,"key":"Mercury Hourglass"},{"floor":13,"key":"Gremlin Horn"}],"event_choices":[{"event_name":"World of Goop","player_choice":"Left","floor":14,"damage_taken":0}],"is_beta":false,"boss_relics":[{"not_picked":["Runic Dome","Eternal Feather"],"picked":"Inserter"}],"items_purged_floors":[],"is_endless":false,"potions_floor_spawned":[2,4,5,12,19,20,21],"killed_by":"Gremlin Leader","ascension_level":0}