{"gold_per_floor":[117,117,117,133,151,184,199,215,242,192,192,225,225,243,243,340,340,353,7,7,7,7,7],"floor_reached":23,"playtime":1138,"items_purged":[],"score":294,"play_id":"d2acf344-7ca4-46b1-a6e6-66e6514b03d0","local_time":"20190607000323","is_ascension_mode":true,"campfire_choices":[{"floor":11,"key":"REST"},{"floor":15,"key":"REST"}],"neow_cost":"NONE","seed_source_timestamp":11446919500900,"circlet_count":0,"master_deck":["Strike_R","Strike_R","Strike_R","Defend_R","Defend_R","Defend_R","Bash+1","Shockwave+1","Entrench","True Grit","Rage","Feel No Pain","Iron Wave","True Grit","Reaper","Iron Wave","Clothesline","Juggernaut","Flex+1","Shame"],"relics":["Burning Blood","Prayer Wheel","Regal Pillow","Strawberry","White Beast Statue","Lee\u0027s Waffle","Art of War","Lantern"],"potions_floor_usage":[6,12,12,16,16,23],"damage_taken":[{"damage":15,"enemies":"Cultist","floor":1,"turns":5},{"damage":3,"enemies":"Small Slimes","floor":4,"turns":4},{"damage":18,"enemies":"Jaw Worm","floor":5,"turns":4},{"damage":28,"enemies":"Lagavulin","floor":6,"turns":6},{"damage":25,"enemies":"Exordium Thugs","floor":7,"turns":6},{"damage":16,"enemies":"Blue Slaver","floor":8,"turns":7},{"damage":27,"enemies":"3 Sentries","floor":12,"turns":11},{"damage":23,"enemies":"3 Louse","floor":14,"turns":7},{"damage":52,"enemies":"Hexaghost","floor":16,"turns":11},{"damage":35,"enemies":"Shell Parasite","floor":18,"turns":9},{"damage":116,"enemies":"Book of Stabbing","floor":23,"turns":10}],"seed_played":"3025013740726142209","potions_obtained":[{"floor":1,"key":"AttackPotion"},{"floor":7,"key":"LiquidBronze"},{"floor":8,"key":"Explosive Potion"},{"floor":12,"key":"Strength Potion"},{"floor":14,"key":"LiquidBronze"},{"floor":18,"key":"SkillPotion"}],"is_trial":false,"path_per_floor":["M","?","?","M","M","E","M","M","T","?","R","E","?","M","R","B",null,"M","$","?","$","?","E"],"character_chosen":"IRONCLAD","items_purchased":["Lee\u0027s Waffle","Art of War"],"campfire_rested":2,"item_purchase_floors":[19,19],"current_hp_per_floor":[71,71,71,74,62,40,21,11,11,11,52,38,31,24,67,21,77,48,102,102,102,102,0],"gold":7,"neow_bonus":"TEN_PERCENT_HP_BONUS","is_prod":false,"is_daily":false,"chose_seed":false,"campfire_upgraded":0,"win_rate":0,"timestamp":1559855003,"path_taken":["M","?","?","M","M","E","M","?","T","?","R","E","?","M","R","BOSS","M","$","?","?","?","E"],"build_version":"2019-01-23","purchased_purges":0,"victory":false,"max_hp_per_floor":[88,88,88,88,88,88,88,88,88,88,88,95,95,95,95,95,95,95,102,102,102,102,102],"card_choices":[{"not_picked":["Infernal Blade","Twin Strike"],"picked":"Shockwave","floor":1},{"not_picked":["Perfected Strike","Twin Strike","Anger"],"picked":"SKIP","floor":4},{"not_picked":["Pommel Strike","Wild Strike"],"picked":"Entrench","floor":5},{"not_picked":["Wild Strike","Rupture"],"picked":"True Grit","floor":6},{"not_picked":["Sever Soul","True Grit"],"picked":"Rage","floor":7},{"not_picked":["Heavy Blade","Perfected Strike"],"picked":"Feel No Pain","floor":7},{"not_picked":["Battle Trance","Uppercut"],"picked":"Iron Wave","floor":8},{"not_picked":["Wild Strike","Headbutt"],"picked":"True Grit","floor":8},{"not_picked":["Searing Blow","Rampage"],"picked":"Reaper","floor":12},{"not_picked":["Thunderclap","Anger"],"picked":"Iron Wave","floor":14},{"not_picked":["Feel No Pain","Flex"],"picked":"Clothesline","floor":14},{"not_picked":["Reaper","Offering"],"picked":"Juggernaut","floor":16},{"not_picked":["Wild Strike+1","Anger"],"picked":"Flex+1","floor":18},{"not_picked":["Warcry","Rupture","Second Wind"],"picked":"SKIP","floor":18}],"player_experience":169617,"relics_obtained":[{"floor":6,"key":"Prayer Wheel"},{"floor":9,"key":"Regal Pillow"},{"floor":12,"key":"Strawberry"}],"event_choices":[{"cards_removed":["Strike_R"],"damage_healed":0,"gold_gain":0,"player_choice":"Forget","damage_taken":0,"max_hp_gain":0,"max_hp_loss":0,"event_name":"Living Wall","floor":2,"gold_loss":0},{"damage_healed":0,"gold_gain":0,"player_choice":"Upgraded","damage_taken":0,"max_hp_gain":0,"max_hp_loss":0,"event_name":"Upgrade Shrine","floor":3,"gold_loss":0,"cards_upgraded":["Bash"]},{"cards_removed":["Strike_R"],"damage_healed":0,"gold_gain":0,"player_choice":"Card Removal","damage_taken":0,"max_hp_gain":0,"max_hp_loss":0,"event_name":"The Cleric","floor":10,"gold_loss":50},{"cards_removed":["Defend_R"],"damage_healed":0,"gold_gain":0,"player_choice":"Card Removal","damage_taken":7,"max_hp_gain":0,"max_hp_loss":0,"event_name":"Golden Wing","floor":13,"gold_loss":0},{"damage_healed":0,"gold_gain":0,"player_choice":"Upgraded","damage_taken":0,"max_hp_gain":0,"max_hp_loss":0,"event_name":"Upgrade Shrine","floor":20,"gold_loss":0,"cards_upgraded":["Shockwave"]},{"damage_healed":0,"gold_gain":0,"player_choice":"Stole Relic","damage_taken":0,"relics_obtained":["Lantern"],"max_hp_gain":0,"max_hp_loss":0,"event_name":"Addict","floor":22,"gold_loss":0,"cards_obtained":["Shame"]}],"is_beta":false,"boss_relics":[{"not_picked":["Tiny House","Sozu"],"picked":"White Beast Statue"}],"items_purged_floors":[],"is_endless":false,"potions_floor_spawned":[1,7,8,12,14,18],"killed_by":"Book of Stabbing","ascension_level":7}