{"gold_per_floor":[119,119,44,63,338,338,367,367,391,408,425,456,475,475],"floor_reached":14,"playtime":769,"items_purged":["Strike_G"],"score":155,"play_id":"4fdb8a0a-a0d0-40c9-a5d7-041d66d9051b","local_time":"20190601012511","is_ascension_mode":true,"campfire_choices":[{"data":"Neutralize","floor":6,"key":"SMITH"},{"floor":8,"key":"REST"}],"neow_cost":"NONE","seed_source_timestamp":32201940283500,"circlet_count":0,"master_deck":["Defend_G","Defend_G","Defend_G","Defend_G","Defend_G","Strike_G","Strike_G","Strike_G","Strike_G","Survivor","Neutralize+1","Bullet Time","Deflect","Terror","Regret","Endless Agony","Flying Knee","Cloak And Dagger"],"relics":["Ring of the Snake","Strawberry","Lantern","Singing Bowl"],"potions_floor_usage":[7],"damage_taken":[{"damage":7,"enemies":"Jaw Worm","floor":1,"turns":4},{"damage":0,"enemies":"Small Slimes","floor":4,"turns":6},{"damage":31,"enemies":"3 Sentries","floor":7,"turns":15},{"damage":0,"enemies":"Cultist","floor":10,"turns":3},{"damage":32,"enemies":"Exordium Thugs","floor":11,"turns":7},{"damage":18,"enemies":"Gremlin Nob","floor":12,"turns":4},{"damage":7,"enemies":"3 Louse","floor":13,"turns":4},{"damage":9,"enemies":"Exordium Wildlife","floor":14,"turns":2}],"seed_played":"3719405404683487381","potions_obtained":[{"floor":4,"key":"PowerPotion"},{"floor":11,"key":"LiquidBronze"}],"is_trial":false,"path_per_floor":["M","?","$","M","?","R","E","R","T","M","M","E","M","M"],"character_chosen":"THE_SILENT","items_purchased":[],"campfire_rested":1,"item_purchase_floors":[],"current_hp_per_floor":[56,61,61,61,61,61,37,61,61,61,29,13,8,0],"gold":475,"neow_bonus":"ONE_RANDOM_RARE_CARD","is_prod":false,"is_daily":false,"chose_seed":false,"campfire_upgraded":1,"win_rate":0,"timestamp":1559332511,"path_taken":["M","?","$","M","?","R","E","R","T","M","M","E","M","?"],"build_version":"2019-01-23","purchased_purges":1,"victory":false,"max_hp_per_floor":[70,75,75,75,75,75,82,82,82,82,82,84,86,86],"card_choices":[{"not_picked":["All Out Attack","Reflex"],"picked":"Deflect","floor":1},{"not_picked":["Prepared","Blade Dance"],"picked":"Terror","floor":4},{"not_picked":["Calculated Gamble","Backflip"],"picked":"Endless Agony","floor":7},{"not_picked":["Setup","Dash"],"picked":"Flying Knee","floor":10},{"not_picked":["Dagger Spray","Dodge and Roll"],"picked":"Cloak And Dagger","floor":11},{"not_picked":["Poisoned Stab","Night Terror","Dodge and Roll"],"picked":"Singing Bowl","floor":12},{"not_picked":["Endless Agony","Catalyst","Outmaneuver"],"picked":"Singing Bowl","floor":13}],"player_experience":244742,"relics_obtained":[{"floor":7,"key":"Strawberry"},{"floor":9,"key":"Lantern"},{"floor":12,"key":"Singing Bowl"}],"event_choices":[{"damage_healed":0,"gold_gain":0,"player_choice":"Donut","damage_taken":0,"max_hp_gain":5,"max_hp_loss":0,"event_name":"Big Fish","floor":2,"gold_loss":0},{"damage_healed":0,"gold_gain":275,"player_choice":"Desecrate","damage_taken":0,"max_hp_gain":0,"max_hp_loss":0,"event_name":"Golden Shrine","floor":5,"gold_loss":0,"cards_obtained":["Regret"]}],"is_beta":false,"boss_relics":[],"items_purged_floors":[3],"is_endless":false,"potions_floor_spawned":[4,11],"killed_by":"Exordium Wildlife","ascension_level":6}