{"gold_per_floor":[119,69,69,79,99,99,127,138,138,172,182,204,204,129,129,234,234,246,281,281,301,317,317,345,360,410,445,458,458],"floor_reached":29,"playtime":1644,"items_purged":["Strike_B"],"score":314,"play_id":"51932790-9c0c-4fc2-b37c-0afa5b2bb7ff","local_time":"20180827021258","is_ascension_mode":true,"campfire_choices":[{"data":"Redo","floor":6,"key":"SMITH"},{"floor":15,"key":"REST"},{"floor":23,"key":"REST"}],"neow_cost":"NONE","seed_source_timestamp":48175300057415,"circlet_count":0,"master_deck":["Strike_B","Strike_B","Strike_B","Defend_B","Defend_B","Defend_B","Zap","Dualcast","Hello World+1","Redo+1","Chaos","Thunder Strike","Double Energy","Seek","Rainbow","Static Discharge","Static Discharge+1","Ghostly","Ghostly","Ghostly","Ghostly","Ghostly","Turbo+1","White Noise","Core Surge","Defragment","Storm","Redo+1"],"relics":["Cracked Core","Question Card","Incense Burner","Shovel","Odd Mushroom","Inserter","Red Mask","Mercury Hourglass","Strawberry","Dead Branch"],"potions_floor_usage":[7,10,10,10,12,19,19,29,29],"damage_taken":[{"damage":4,"enemies":"Jaw Worm","floor":1,"turns":4},{"damage":1,"enemies":"Cultist","floor":4,"turns":4},{"damage":0,"enemies":"2 Louse","floor":5,"turns":2},{"damage":14,"enemies":"Lagavulin","floor":7,"turns":6},{"damage":0,"enemies":"Large Slime","floor":8,"turns":4},{"damage":7,"enemies":"Gremlin Nob","floor":10,"turns":4},{"damage":15,"enemies":"Exordium Wildlife","floor":11,"turns":4},{"damage":32,"enemies":"The Mushroom Lair","floor":12,"turns":4},{"damage":24,"enemies":"Slime Boss","floor":16,"turns":7},{"damage":16,"enemies":"Shell Parasite","floor":18,"turns":6},{"damage":41,"enemies":"Masked Bandits","floor":19,"turns":4},{"damage":4,"enemies":"3 Byrds","floor":21,"turns":2},{"damage":3,"enemies":"Snake Plant","floor":22,"turns":6},{"damage":11,"enemies":"Gremlin Leader","floor":24,"turns":4},{"damage":5,"enemies":"Cultist and Chosen","floor":25,"turns":4},{"damage":5,"enemies":"Slavers","floor":27,"turns":4},{"damage":0,"enemies":"Snecko","floor":28,"turns":3},{"damage":8,"enemies":"Gremlin Leader","floor":29,"turns":6}],"seed_played":"-3117822121405716760","potions_obtained":[{"floor":0,"key":"Block Potion"},{"floor":0,"key":"Energy Potion"},{"floor":0,"key":"SpeedPotion"},{"floor":4,"key":"Block Potion"},{"floor":8,"key":"SpeedPotion"},{"floor":10,"key":"Poison Potion"},{"floor":11,"key":"Dexterity Potion"},{"floor":16,"key":"Explosive Potion"},{"floor":21,"key":"Weak Potion"},{"floor":27,"key":"Strength Potion"},{"floor":28,"key":"Poison Potion"}],"is_trial":false,"path_per_floor":["M","?","?","M","M","R","E","M","T","E","M","?","?","$","R","B",null,"M","?","?","M","M","R","E","M","T","E","M"],"character_chosen":"DEFECT","items_purchased":[],"campfire_rested":2,"item_purchase_floors":[],"current_hp_per_floor":[71,71,71,70,70,70,56,56,56,49,34,2,27,27,49,25,75,59,18,18,14,11,22,11,6,13,8,8,0],"gold":458,"neow_bonus":"THREE_SMALL_POTIONS","is_prod":false,"is_daily":false,"chose_seed":false,"campfire_upgraded":1,"win_rate":0,"timestamp":1535325178,"path_taken":["M","?","?","M","M","R","E","M","T","E","M","?","?","?","R","BOSS","M","?","?","?","M","R","E","M","T","E","M","E"],"build_version":"2018-08-23v2","purchased_purges":1,"victory":false,"max_hp_per_floor":[75,75,75,75,75,75,75,75,75,75,75,75,75,75,75,75,75,75,75,37,37,37,37,37,37,44,44,44,44],"card_choices":[{"not_picked":["Coolheaded","Chill"],"picked":"Hello World","floor":1},{"not_picked":["Consume","Steam","Compile Driver"],"picked":"SKIP","floor":4},{"not_picked":["Cold Snap","Steam"],"picked":"Redo","floor":5},{"not_picked":["Streamline","Auto Shields"],"picked":"Chaos","floor":7},{"not_picked":["Beam Cell","Streamline","Gash","Fusion"],"picked":"SKIP","floor":8},{"not_picked":["Rebound","Compile Driver","Barrage"],"picked":"Thunder Strike","floor":10},{"not_picked":["Steam","BootSequence","Rebound"],"picked":"Double Energy","floor":11},{"not_picked":["Ball Lightning","Reprogram","Sweeping Beam"],"picked":"Seek","floor":12},{"not_picked":["Amplify","Multi-Cast","Creative AI"],"picked":"Rainbow","floor":16},{"not_picked":["Conserve Battery","Cold Snap","Rebound"],"picked":"Static Discharge","floor":18},{"not_picked":["Steam","Hologram","Rip and Tear"],"picked":"Static Discharge+1","floor":19},{"not_picked":["Capacitor","Blizzard","Beam Cell+1"],"picked":"Turbo+1","floor":21},{"not_picked":["Ball Lightning","Streamline","Steam Power"],"picked":"White Noise","floor":22},{"not_picked":["Recycle","FTL+1","Heatsinks"],"picked":"Core Surge","floor":24},{"not_picked":["Gash","Coolheaded+1","Tempest"],"picked":"Defragment","floor":25},{"not_picked":["Gash","Redo+1","Ball Lightning"],"picked":"Storm","floor":27},{"not_picked":["Steam Power","Steam","Go for the Eyes"],"picked":"Redo+1","floor":28}],"player_experience":101964,"relics_obtained":[{"floor":7,"key":"Question Card"},{"floor":9,"key":"Incense Burner"},{"floor":10,"key":"Shovel"},{"floor":12,"key":"Odd Mushroom"},{"floor":19,"key":"Red Mask"},{"floor":24,"key":"Mercury Hourglass"},{"floor":26,"key":"Strawberry"},{"floor":27,"key":"Dead Branch"}],"event_choices":[{"event_name":"The Cleric","player_choice":"Card Removal","floor":2,"damage_taken":0},{"event_name":"Upgrade Shrine","player_choice":"Upgraded","floor":3,"damage_taken":0},{"event_name":"Mushrooms","player_choice":"Fought Mushrooms","floor":12,"damage_taken":0},{"event_name":"Big Fish","player_choice":"Banana","floor":13,"damage_taken":0},{"event_name":"Masked Bandits","player_choice":"Fought Bandits","floor":19,"damage_taken":0},{"event_name":"Ghosts","player_choice":"Became a Ghost","floor":20,"damage_taken":0}],"is_beta":false,"boss_relics":[{"not_picked":["Astrolabe","Cursed Key"],"picked":"Inserter"}],"items_purged_floors":[14],"is_endless":false,"potions_floor_spawned":[4,8,10,11,16,21,27,28],"killed_by":"Gremlin Leader","ascension_level":1}