{"gold_per_floor":[118,129,147,167,180,180,211,223,223,253,265,27,27,46,46,46],"floor_reached":16,"playtime":857,"items_purged":[],"score":106,"play_id":"23a7be9b-286f-4b49-853a-28302151bcfe","local_time":"20180818001724","is_ascension_mode":false,"campfire_choices":[{"data":"Dualcast","floor":6,"key":"SMITH"},{"floor":15,"key":"REST"}],"neow_cost":"","seed_source_timestamp":266305199537197,"circlet_count":0,"master_deck":["Strike_B","Strike_B","Strike_B+1","Strike_B","Defend_B","Defend_B","Defend_B","Defend_B","Zap","Dualcast+1","Streamline","Redo","Barrage","Ball Lightning","Sweeping Beam","Rip and Tear+1","Cold Snap","Blizzard","Buffer"],"relics":["Cracked Core","Centennial Puzzle","MawBank","Toxic Egg 2","Juzu Bracelet"],"potions_floor_usage":[14],"damage_taken":[{"damage":0,"enemies":"Cultist","floor":1,"turns":4},{"damage":3,"enemies":"Jaw Worm","floor":2,"turns":3},{"damage":0,"enemies":"2 Louse","floor":3,"turns":2},{"damage":11,"enemies":"Red Slaver","floor":4,"turns":3},{"damage":6,"enemies":"2 Fungi Beasts","floor":5,"turns":3},{"damage":29,"enemies":"Gremlin Nob","floor":7,"turns":4},{"damage":16,"enemies":"Large Slime","floor":8,"turns":2},{"damage":0,"enemies":"Exordium Wildlife","floor":10,"turns":1},{"damage":0,"enemies":"Blue Slaver","floor":14,"turns":3},{"damage":26,"enemies":"The Guardian","floor":16,"turns":4}],"seed_played":"-643083855150476279","potions_obtained":[{"floor":1,"key":"FairyPotion"},{"floor":3,"key":"Dexterity Potion"},{"floor":5,"key":"FairyPotion"}],"is_trial":false,"path_per_floor":["M","M","M","M","M","R","E","M","T","M","?","$","?","M","R"],"character_chosen":"DEFECT","items_purchased":["Toxic Egg 2"],"campfire_rested":1,"item_purchase_floors":[12],"current_hp_per_floor":[75,72,72,61,55,55,26,10,10,10,7,7,2,2,24,0],"gold":46,"neow_bonus":"","is_prod":false,"is_daily":false,"chose_seed":false,"campfire_upgraded":1,"win_rate":0.0,"timestamp":1534540644,"path_taken":["M","M","M","M","?","R","E","M","T","M","?","$","?","M","R","BOSS"],"build_version":"2018-08-16","purchased_purges":0,"victory":false,"max_hp_per_floor":[75,75,75,75,75,75,75,75,75,75,75,75,75,75,75,75],"card_choices":[{"not_picked":["Leap","Chill"],"picked":"Streamline","floor":1},{"not_picked":["Steam","BootSequence"],"picked":"Redo","floor":2},{"not_picked":["Loop","Lockon"],"picked":"Barrage","floor":3},{"not_picked":["Coolheaded","Steam"],"picked":"Ball Lightning","floor":4},{"not_picked":["Capacitor","Gash"],"picked":"Sweeping Beam","floor":5},{"not_picked":["Beam Cell","Reprogram"],"picked":"Rip and Tear","floor":7},{"not_picked":["Skim","Hologram"],"picked":"Cold Snap","floor":8},{"not_picked":["Go for the Eyes","Rip and Tear"],"picked":"Blizzard","floor":10},{"not_picked":["Steam+1","White Noise+1"],"picked":"Buffer","floor":14}],"player_experience":16141,"relics_obtained":[{"floor":7,"key":"Centennial Puzzle"},{"floor":9,"key":"MawBank"}],"event_choices":[{"event_name":"Shining Light","player_choice":"Entered Light","floor":11,"damage_taken":0},{"event_name":"Scrap Ooze","player_choice":"success","floor":13,"damage_taken":12}],"is_beta":false,"boss_relics":[],"items_purged_floors":[],"is_endless":false,"potions_floor_spawned":[1,3,5],"killed_by":"The Guardian","ascension_level":0}