{"gold_per_floor":[110,129,56,68,82,82,98,98,98,130,150,150,170,190,190,294,294,304,147,162,162,180,212,212,127,127,127,139,139,39,51,51,149,149,160,160,160,160,173,173,200,219,219,238,257,557,583,593,593,593],"floor_reached":50,"playtime":2521,"items_purged":["Defend_R","Defend_R"],"score":723,"play_id":"2aef4538-70e1-47e5-ae4a-fd99a7233af1","local_time":"20180911022343","is_ascension_mode":true,"campfire_choices":[{"data":"Armaments","floor":6,"key":"SMITH"},{"data":"Headbutt","floor":8,"key":"SMITH"},{"data":"Shrug It Off","floor":12,"key":"SMITH"},{"floor":15,"key":"REST"},{"floor":27,"key":"REST"},{"floor":29,"key":"REST"},{"floor":32,"key":"DIG"},{"floor":40,"key":"DIG"},{"floor":46,"key":"DIG"},{"floor":49,"key":"DIG"}],"neow_cost":"PERCENT_DAMAGE","seed_source_timestamp":473180945889134,"circlet_count":0,"master_deck":["Strike_R","Strike_R+1","Strike_R","Strike_R","Defend_R","Bash","Armaments+1","Shrug It Off","Headbutt+1","Shrug It Off+1","Headbutt","Immolate+1","Spot Weakness","Demon Form","Carnage+1","Double Tap+1","Seeing Red+1"],"relics":["Burning Blood","Pocketwatch","Gambling Chip","Kunai","Velvet Choker","Shovel","Ginger","Molten Egg 2","Toxic Egg 2","Busted Crown","Gremlin Horn","FossilizedHelix","Dream Catcher","Old Coin","Whetstone","Mummified Hand"],"potions_floor_usage":[14,16,23,23,33,41,45,47,50],"damage_taken":[{"damage":5,"enemies":"Small Slimes","floor":1,"turns":4},{"damage":8,"enemies":"2 Louse","floor":2,"turns":4},{"damage":1,"enemies":"Cultist","floor":4,"turns":3},{"damage":5,"enemies":"Blue Slaver","floor":5,"turns":4},{"damage":8,"enemies":"Lots of Slimes","floor":7,"turns":5},{"damage":24,"enemies":"Lagavulin","floor":10,"turns":5},{"damage":5,"enemies":"Gremlin Gang","floor":11,"turns":3},{"damage":3,"enemies":"Looter","floor":13,"turns":3},{"damage":4,"enemies":"2 Fungi Beasts","floor":14,"turns":2},{"damage":0,"enemies":"The Guardian","floor":16,"turns":14},{"damage":13,"enemies":"3 Byrds","floor":18,"turns":3},{"damage":11,"enemies":"Spheric Guardian","floor":20,"turns":3},{"damage":11,"enemies":"Snake Plant","floor":22,"turns":5},{"damage":42,"enemies":"Book of Stabbing","floor":23,"turns":7},{"damage":6,"enemies":"Cultist and Chosen","floor":28,"turns":4},{"damage":21,"enemies":"Centurion and Healer","floor":31,"turns":5},{"damage":27,"enemies":"Collector","floor":33,"turns":5},{"damage":0,"enemies":"Orb Walker","floor":35,"turns":3},{"damage":0,"enemies":"3 Shapes","floor":39,"turns":1},{"damage":11,"enemies":"Giant Head","floor":41,"turns":6},{"damage":6,"enemies":"Spire Growth","floor":42,"turns":3},{"damage":0,"enemies":"Transient","floor":44,"turns":5},{"damage":13,"enemies":"4 Shapes","floor":45,"turns":4},{"damage":7,"enemies":"2 Orb Walkers","floor":47,"turns":3},{"damage":0,"enemies":"Reptomancer","floor":48,"turns":2},{"damage":79,"enemies":"Awakened One","floor":50,"turns":6}],"seed_played":"7462005053072215595","potions_obtained":[{"floor":1,"key":"EssenceOfSteel"},{"floor":4,"key":"SpeedPotion"},{"floor":10,"key":"Fire Potion"},{"floor":14,"key":"Strength Potion"},{"floor":28,"key":"Poison Potion"},{"floor":33,"key":"SmokeBomb"},{"floor":35,"key":"Block Potion"},{"floor":39,"key":"Energy Potion"},{"floor":41,"key":"Strength Potion"},{"floor":48,"key":"SpeedPotion"}],"is_trial":false,"path_per_floor":["M","M","$","M","M","R","M","R","T","E","M","R","M","M","R","B",null,"M","$","M","?","M","E","?","?","T","R","M","R","$","M","R","B",null,"M","?","?","?","M","R","E","M","T","M","M","R","E","M","R"],"character_chosen":"IRONCLAD","items_purchased":["Shrug It Off","Headbutt","Spot Weakness"],"campfire_rested":3,"item_purchase_floors":[3,3,19],"current_hp_per_floor":[57,55,55,60,61,61,59,59,59,41,42,42,45,47,71,77,79,72,72,67,67,62,26,26,26,26,50,50,74,74,59,59,38,70,76,76,76,76,80,80,75,75,75,80,73,73,72,78,78,0],"gold":593,"neow_bonus":"ONE_RARE_RELIC","is_prod":false,"is_daily":false,"chose_seed":false,"campfire_upgraded":3,"win_rate":0,"timestamp":1536621823,"path_taken":["M","M","$","M","M","R","M","R","T","E","M","R","M","M","R","BOSS","M","$","M","?","?","E","?","?","T","R","M","R","?","M","R","BOSS","M","?","?","?","M","R","E","M","T","M","M","R","E","M","R","BOSS"],"build_version":"2018-09-06","purchased_purges":2,"victory":false,"max_hp_per_floor":[80,80,80,80,80,80,80,80,80,80,80,80,80,80,80,80,80,80,80,80,80,80,80,80,80,80,80,80,80,80,80,80,80,80,80,80,80,80,80,80,80,80,80,80,80,80,80,80,80,80],"card_choices":[{"not_picked":["Combust","Dropkick","Cleave"],"picked":"SKIP","floor":1},{"not_picked":["Clash","Iron Wave"],"picked":"Armaments","floor":2},{"not_picked":["Havoc","Cleave"],"picked":"Shrug It Off","floor":4},{"not_picked":["Dropkick","Armaments","Twin Strike"],"picked":"SKIP","floor":5},{"not_picked":["Perfected Strike","Twin Strike","Power Through"],"picked":"SKIP","floor":7},{"not_picked":["Body Slam","Armaments"],"picked":"Headbutt","floor":10},{"not_picked":["Evolve","Havoc","Thunderclap"],"picked":"SKIP","floor":11},{"not_picked":["Power Through","Clothesline","Juggernaut"],"picked":"SKIP","floor":13},{"not_picked":["Thunderclap","Warcry","Sword Boomerang"],"picked":"SKIP","floor":14},{"not_picked":["Exhume","Impervious"],"picked":"Immolate","floor":16},{"not_picked":["Havoc","Shrug It Off+1"],"picked":"Dual Wield+1","floor":18},{"not_picked":["Pommel Strike+1","Intimidate","Clash"],"picked":"SKIP","floor":20},{"not_picked":["Clash","Anger+1","Armaments+1"],"picked":"SKIP","floor":22},{"not_picked":["Cleave","Juggernaut","Sword Boomerang"],"picked":"SKIP","floor":23},{"not_picked":["Wild Strike+1","Perfected Strike+1","Hemokinesis+1"],"picked":"SKIP","floor":28},{"not_picked":["Perfected Strike+1","Second Wind"],"picked":"Carnage+1","floor":31},{"not_picked":["Bludgeon+1","Feed+1"],"picked":"Double Tap+1","floor":33},{"not_picked":["Anger+1"],"picked":"SKIP","floor":35},{"not_picked":["Pummel+1"],"picked":"SKIP","floor":39},{"not_picked":["Spot Weakness+1"],"picked":"SKIP","floor":41},{"not_picked":["Twin Strike+1"],"picked":"SKIP","floor":42},{"not_picked":["Headbutt+1"],"picked":"SKIP","floor":44},{"not_picked":["Rupture"],"picked":"SKIP","floor":45},{"not_picked":[],"picked":"Seeing Red+1","floor":47},{"not_picked":["Sever Soul+1"],"picked":"SKIP","floor":48}],"player_experience":150092,"relics_obtained":[{"floor":9,"key":"Gambling Chip"},{"floor":10,"key":"Kunai"},{"floor":23,"key":"Shovel"},{"floor":26,"key":"Molten Egg 2"},{"floor":32,"key":"Toxic Egg 2"},{"floor":40,"key":"Gremlin Horn"},{"floor":41,"key":"FossilizedHelix"},{"floor":43,"key":"Dream Catcher"},{"floor":46,"key":"Old Coin"},{"floor":47,"key":"Whetstone"},{"floor":49,"key":"Mummified Hand"}],"event_choices":[{"event_name":"Back to Basics","player_choice":"Elegance","floor":21,"damage_taken":0},{"event_name":"Match and Keep!","player_choice":"1 cards matched","floor":24,"damage_taken":0},{"event_name":"Addict","player_choice":"Obtained Relic","floor":25,"damage_taken":0},{"event_name":"Falling","player_choice":"Removed Skill","floor":36,"damage_taken":0},{"event_name":"Tomb of Lord Red Mask","player_choice":"Ignored","floor":37,"damage_taken":0},{"event_name":"Bonfire Elementals","player_choice":"BASIC","floor":38,"damage_taken":0}],"is_beta":false,"boss_relics":[{"not_picked":["Sozu","Ectoplasm"],"picked":"Velvet Choker"},{"not_picked":["Black Blood","Runic Dome"],"picked":"Busted Crown"}],"items_purged_floors":[19,30],"is_endless":false,"potions_floor_spawned":[1,4,10,14,28,33,35,39,41,48],"killed_by":"Awakened One","ascension_level":5}