{"gold_per_floor":[113,129,129,1,18,18,46,46,46,60,88,88,104,104,104,205,205,222,137,186,14,14,14,48,64,64,83,83,83,83,83,83,83],"floor_reached":33,"playtime":1268,"items_purged":["Strike_G"],"score":454,"play_id":"247341b2-63fb-4c28-87cd-90bf7fa65ba2","local_time":"20190611210425","is_ascension_mode":true,"campfire_choices":[{"data":"Dash","floor":6.0,"key":"SMITH"},{"data":"Dagger Spray","floor":8.0,"key":"SMITH"},{"data":"Adrenaline","floor":12.0,"key":"SMITH"},{"data":"Neutralize","floor":15.0,"key":"SMITH"},{"data":"Caltrops","floor":23.0,"key":"SMITH"},{"data":"Wraith Form v2","floor":28,"key":"SMITH"},{"floor":30,"key":"REST"},{"floor":32,"key":"REST"}],"neow_cost":"NONE","seed_source_timestamp":0,"circlet_count":0,"master_deck":["Defend_G","Defend_G","Defend_G","Defend_G","Defend_G","Strike_G","Strike_G","Strike_G","Strike_G","Survivor","Neutralize+1","Caltrops+1","Dodge and Roll","Dash+1","Dagger Spray+1","Acrobatics","Deadly Poison","Corpse Explosion","Adrenaline+1","Wraith Form v2+1","PiercingWail","Backflip","Escape Plan+1","Cloak And Dagger+1","Cloak And Dagger+1"],"special_seed":0,"relics":["Ring of the Snake","NeowsBlessing","Sundial","Dream Catcher","Strawberry","Philosopher\u0027s Stone","Centennial Puzzle","Omamori","Bottled Tornado","Question Card"],"potions_floor_usage":[33,33],"damage_taken":[{"damage":0.0,"enemies":"Cultist","floor":1.0,"turns":1.0},{"damage":0.0,"enemies":"Small Slimes","floor":2.0,"turns":1.0},{"damage":0.0,"enemies":"Jaw Worm","floor":5.0,"turns":1.0},{"damage":28.0,"enemies":"Gremlin Nob","floor":7.0,"turns":5.0},{"damage":0.0,"enemies":"Blue Slaver","floor":10.0,"turns":4.0},{"damage":37.0,"enemies":"Lagavulin","floor":11.0,"turns":7.0},{"damage":0.0,"enemies":"Red Slaver","floor":13.0,"turns":3.0},{"damage":18.0,"enemies":"The Guardian","floor":16.0,"turns":13.0},{"damage":3.0,"enemies":"Shell Parasite","floor":18.0,"turns":5.0},{"damage":3.0,"enemies":"Book of Stabbing","floor":24.0,"turns":5.0},{"damage":13.0,"enemies":"2 Thieves","floor":25.0,"turns":3.0},{"damage":20,"enemies":"Cultist and Chosen","floor":27,"turns":5},{"damage":85,"enemies":"Champ","floor":33,"turns":17}],"seed_played":"-8231230991574780612","potions_obtained":[{"floor":1.0,"key":"Poison Potion"},{"floor":7.0,"key":"Swift Potion"},{"floor":10.0,"key":"Regen Potion"},{"floor":16.0,"key":"Swift Potion"},{"floor":18.0,"key":"Regen Potion"},{"floor":22.0,"key":"Poison Potion"},{"floor":22.0,"key":"FearPotion"},{"floor":27,"key":"AttackPotion"}],"is_trial":false,"path_per_floor":["M","M","?","$","M","R","E","R","T","M","E","R","M","?","R","B",null,"M","?","T","$","?","R","E","M","T","M","R","?","R","?","R","B"],"character_chosen":"THE_SILENT","items_purchased":["Dash","Dagger Spray","PiercingWail","Backflip"],"campfire_rested":2,"item_purchase_floors":[4,4,21,21],"current_hp_per_floor":[63,63,68,68,68,68,40,40,40,40,25,25,25,25,25,7,63,60,60,60,60,60,60,72,59,59,39,39,23,49,41,67,0],"gold":83,"neow_bonus":"THREE_ENEMY_KILL","is_prod":false,"is_daily":false,"chose_seed":false,"campfire_upgraded":6,"win_rate":0,"timestamp":1560305065,"path_taken":["M","M","?","$","M","R","E","R","T","M","E","R","M","?","R","BOSS","M","?","?","$","?","R","E","M","T","?","R","?","R","?","R","BOSS"],"build_version":"2019-01-23","purchased_purges":1,"victory":false,"max_hp_per_floor":[70,70,75,75,75,75,75,75,75,75,82,82,82,82,82,82,82,82,82,82,82,82,82,82,82,82,82,82,87,87,87,87,87],"card_choices":[{"not_picked":["Concentrate","Eviscerate"],"picked":"Caltrops","floor":1.0},{"not_picked":["Underhanded Strike","Flechettes"],"picked":"Dodge and Roll","floor":2.0},{"not_picked":["Dagger Spray","Eviscerate"],"picked":"Acrobatics","floor":5.0},{"not_picked":["Prepared","Outmaneuver"],"picked":"Deadly Poison","floor":7.0},{"not_picked":["Slice","Sucker Punch"],"picked":"Corpse Explosion","floor":10.0},{"not_picked":["Quick Slash","Predator"],"picked":"Adrenaline","floor":11.0},{"not_picked":["Sucker Punch","Acrobatics","Underhanded Strike"],"picked":"SKIP","floor":13.0},{"not_picked":["Grand Finale","Storm of Steel"],"picked":"Wraith Form v2","floor":16.0},{"not_picked":["Poisoned Stab","Prepared","Outmaneuver"],"picked":"SKIP","floor":18.0},{"not_picked":["Bane","Dodge and Roll","Concentrate"],"picked":"SKIP","floor":24.0},{"not_picked":["Dagger Spray+1","Prepared"],"picked":"Escape Plan+1","floor":25.0},{"not_picked":["Backstab","Flying Knee+1","PiercingWail"],"picked":"Cloak And Dagger+1","floor":27},{"not_picked":["Slice","Night Terror","Quick Slash"],"picked":"Cloak And Dagger+1","floor":32}],"player_experience":70667,"relics_obtained":[{"floor":7.0,"key":"Sundial"},{"floor":9.0,"key":"Dream Catcher"},{"floor":11.0,"key":"Strawberry"},{"floor":20.0,"key":"Omamori"},{"floor":24.0,"key":"Bottled Tornado"},{"floor":26.0,"key":"Question Card"}],"event_choices":[{"damage_healed":0.0,"max_hp_gain":5.0,"max_hp_loss":0.0,"gold_gain":0.0,"event_name":"Big Fish","player_choice":"Donut","floor":3.0,"gold_loss":0.0,"damage_taken":0.0},{"damage_healed":0.0,"max_hp_gain":0.0,"max_hp_loss":0.0,"gold_gain":0.0,"event_name":"Liars Game","player_choice":"Ignored","floor":14.0,"gold_loss":0.0,"damage_taken":0.0},{"damage_healed":0.0,"max_hp_gain":0.0,"max_hp_loss":0.0,"gold_gain":0.0,"event_name":"Addict","player_choice":"Obtained Relic","floor":19.0,"gold_loss":85.0,"damage_taken":0.0,"relics_obtained":["Centennial Puzzle"]},{"damage_healed":0.0,"max_hp_gain":0.0,"max_hp_loss":0.0,"gold_gain":0.0,"event_name":"Lab","player_choice":"Got Potions","floor":22.0,"gold_loss":0.0,"damage_taken":0.0},{"damage_healed":0,"gold_gain":0,"player_choice":"Shed Blood","damage_taken":21,"max_hp_gain":5,"max_hp_loss":0,"event_name":"Forgotten Altar","floor":29,"gold_loss":0},{"damage_healed":0,"gold_gain":0,"player_choice":"Damaged","damage_taken":8,"max_hp_gain":0,"max_hp_loss":0,"event_name":"Wheel of Change","floor":31,"gold_loss":0}],"is_beta":false,"boss_relics":[{"not_picked":["Tiny House","Fusion Hammer"],"picked":"Philosopher\u0027s Stone"}],"items_purged_floors":[21],"is_endless":false,"potions_floor_spawned":[1,7,10,16,18,27],"killed_by":"Champ","ascension_level":9}