{"gold_per_floor":[119,132,132,145,70,105,105,105,131,131,150,175,175,198,198,319,319,337,337,350,23,23],"floor_reached":22,"playtime":876,"items_purged":["Defend_R","Injury"],"score":223,"play_id":"8c32bd04-41ce-41c1-920c-d2ff40dba3ab","local_time":"20180829181652","is_ascension_mode":true,"campfire_choices":[{"data":"Shockwave","floor":7,"key":"SMITH"},{"data":"Rupture","floor":10,"key":"SMITH"},{"floor":15,"key":"REST"}],"neow_cost":"NONE","seed_source_timestamp":279575714689774,"circlet_count":0,"master_deck":["Bash+1","Immolate","Rupture+1","Heavy Blade+1","Bloodletting","Shockwave+1","Uppercut","Bloodletting","Ghostly Armor","Impervious","Twin Strike","Infernal Blade","Cleave","Headbutt","Thunderclap","Uppercut","Twin Strike","Clothesline","Flex","Combust","Shrug It Off","Flex"],"relics":["Burning Blood","Golden Idol","Ancient Tea Set","Whetstone","Pandora\u0027s Box","The Courier","Regal Pillow"],"potions_floor_usage":[16,16,21,22,22],"damage_taken":[{"damage":4,"enemies":"Jaw Worm","floor":1,"turns":3},{"damage":0,"enemies":"2 Louse","floor":2,"turns":1},{"damage":1,"enemies":"Cultist","floor":4,"turns":3},{"damage":35,"enemies":"3 Sentries","floor":6,"turns":6},{"damage":17,"enemies":"Red Slaver","floor":11,"turns":2},{"damage":0,"enemies":"Large Slime","floor":12,"turns":3},{"damage":0,"enemies":"2 Fungi Beasts","floor":14,"turns":2},{"damage":26,"enemies":"Slime Boss","floor":16,"turns":8},{"damage":43,"enemies":"Shell Parasite","floor":18,"turns":6},{"damage":36,"enemies":"Spheric Guardian","floor":20,"turns":4},{"damage":22,"enemies":"Centurion and Healer","floor":22,"turns":4}],"seed_played":"5641190281927518","potions_obtained":[{"floor":1,"key":"Ancient Potion"},{"floor":6,"key":"Weak Potion"},{"floor":11,"key":"SteroidPotion"},{"floor":14,"key":"SkillPotion"},{"floor":20,"key":"Fire Potion"}],"is_trial":false,"path_per_floor":["M","M","?","M","$","E","R","?","T","R","M","M","?","M","R","B",null,"M","?","M","$"],"character_chosen":"IRONCLAD","items_purchased":["Fruit Juice","Regal Pillow","Shrug It Off","Flex"],"campfire_rested":1,"item_purchase_floors":[21,21,21,21],"current_hp_per_floor":[80,80,80,80,80,51,51,51,51,51,40,46,30,36,60,40,80,43,43,13,18,0],"gold":23,"neow_bonus":"ONE_RANDOM_RARE_CARD","is_prod":false,"is_daily":false,"chose_seed":false,"campfire_upgraded":2,"win_rate":0,"timestamp":1535555812,"path_taken":["M","M","?","?","?","E","R","?","T","R","M","M","?","M","R","BOSS","M","?","?","$","M"],"build_version":"2018-08-23v2","purchased_purges":2,"victory":false,"max_hp_per_floor":[80,80,80,80,80,80,80,80,80,80,80,80,80,80,80,80,80,80,80,80,85,85],"card_choices":[{"not_picked":["Fire Breathing","Spot Weakness"],"picked":"Rupture","floor":1},{"not_picked":["Twin Strike","Cleave"],"picked":"Heavy Blade","floor":2},{"not_picked":["Perfected Strike","Entrench"],"picked":"Bloodletting","floor":4},{"not_picked":["Rampage","Exhume"],"picked":"Shockwave","floor":6},{"not_picked":["Armaments","Headbutt"],"picked":"Uppercut","floor":11},{"not_picked":["Perfected Strike","Carnage"],"picked":"Bloodletting","floor":12},{"not_picked":["Clothesline","Body Slam"],"picked":"Ghostly Armor","floor":14},{"not_picked":["Juggernaut","Dark Embrace"],"picked":"Impervious","floor":16},{"not_picked":["Bloodletting","Warcry"],"picked":"Flex","floor":18},{"not_picked":["Havoc","Twin Strike"],"picked":"Combust","floor":20}],"player_experience":133044,"relics_obtained":[{"floor":6,"key":"Ancient Tea Set"},{"floor":9,"key":"Whetstone"}],"event_choices":[{"event_name":"Golden Idol","player_choice":"Take Wound","floor":3,"damage_taken":0},{"event_name":"Liars Game","player_choice":"disagreed","floor":8,"damage_taken":0},{"event_name":"Shining Light","player_choice":"Entered Light","floor":13,"damage_taken":0},{"event_name":"The Mausoleum","player_choice":"Yes","floor":19,"damage_taken":0}],"is_beta":false,"boss_relics":[{"not_picked":["Velvet Choker","Astrolabe"],"picked":"Pandora\u0027s Box"}],"items_purged_floors":[5,21],"is_endless":false,"potions_floor_spawned":[1,6,11,14,20],"killed_by":"Centurion and Healer","ascension_level":4}