{"gold_per_floor":[112,130,130,130,145,145,174,194,194,194,212,212,245,261,261,385,385,373,392,121,121,121],"floor_reached":22,"playtime":1046,"items_purged":["Normality"],"score":196,"play_id":"35b04e21-0b10-4302-ae8e-2158fa7989ca","local_time":"20180818040754","is_ascension_mode":false,"campfire_choices":[{"data":"Whirlwind","floor":6,"key":"SMITH"},{"data":"Entrench","floor":10,"key":"SMITH"},{"data":"Entrench","floor":15,"key":"SMITH"}],"neow_cost":"","seed_source_timestamp":279948144763923,"circlet_count":0,"master_deck":["Strike_R","Strike_R","Strike_R","Strike_R","Strike_R","Defend_R","Bash","Heavy Blade","Whirlwind+1","Decay","Entrench+1","Entrench+1","True Grit","True Grit","Barricade","Hemokinesis+1","Demon Form+1","Intimidate+1","Searing Blow+1","Body Slam"],"relics":["Burning Blood","Pantograph","Anchor","Pear","Golden Idol","Bottled Flame","Astrolabe","ClockworkSouvenir","Boot"],"potions_floor_usage":[13,16,22],"damage_taken":[{"damage":15,"enemies":"Cultist","floor":1,"turns":4},{"damage":6,"enemies":"Jaw Worm","floor":2,"turns":3},{"damage":2,"enemies":"Small Slimes","floor":5,"turns":2},{"damage":50,"enemies":"Gremlin Nob","floor":7,"turns":5},{"damage":0,"enemies":"Gremlin Gang","floor":8,"turns":1},{"damage":6,"enemies":"Blue Slaver","floor":11,"turns":3},{"damage":20,"enemies":"3 Sentries","floor":13,"turns":4},{"damage":0,"enemies":"3 Louse","floor":14,"turns":1},{"damage":41,"enemies":"Slime Boss","floor":16,"turns":12},{"damage":29,"enemies":"2 Thieves","floor":18,"turns":4},{"damage":19,"enemies":"Chosen","floor":19,"turns":5},{"damage":47,"enemies":"Sentry and Sphere","floor":22,"turns":5}],"seed_played":"-1284225541472299103","potions_obtained":[{"floor":2,"key":"BloodPotion"},{"floor":7,"key":"SkillPotion"},{"floor":8,"key":"Dexterity Potion"},{"floor":16,"key":"Explosive Potion"},{"floor":18,"key":"SpeedPotion"}],"is_trial":false,"path_per_floor":["M","M","?","?","M","R","E","M","T","R","M","?","E","M","R","B",null,"M","M","$","T"],"character_chosen":"IRONCLAD","items_purchased":["ClockworkSouvenir"],"campfire_rested":0,"item_purchase_floors":[20],"current_hp_per_floor":[71,71,71,71,75,75,31,37,47,47,47,47,41,47,47,37,83,60,47,47,47,0],"gold":121,"neow_bonus":"","is_prod":false,"is_daily":false,"chose_seed":false,"campfire_upgraded":3,"win_rate":0.0,"timestamp":1534554474,"path_taken":["M","?","?","?","M","R","E","M","T","R","M","?","E","M","R","BOSS","M","M","$","?","?"],"build_version":"2018-08-16","purchased_purges":1,"victory":false,"max_hp_per_floor":[80,80,80,80,80,80,80,80,90,90,90,83,83,83,83,83,83,83,83,83,83,83],"card_choices":[{"not_picked":["Twin Strike","Anger"],"picked":"Heavy Blade","floor":1},{"not_picked":["Pummel","Thunderclap"],"picked":"Whirlwind","floor":2},{"not_picked":["True Grit","Bloodletting"],"picked":"Entrench","floor":5},{"not_picked":["Combust","Wild Strike"],"picked":"Entrench","floor":7},{"not_picked":["Inflame","Anger","Heavy Blade"],"picked":"SKIP","floor":8},{"not_picked":["Rage","Bloodletting"],"picked":"True Grit","floor":11},{"not_picked":["Battle Trance","Twin Strike"],"picked":"True Grit","floor":13},{"not_picked":["Sword Boomerang","Anger","Burning Pact"],"picked":"SKIP","floor":14},{"not_picked":["Limit Break","Reaper"],"picked":"Barricade","floor":16},{"not_picked":["Combust","Rampage"],"picked":"Searing Blow+1","floor":18},{"not_picked":["Hemokinesis","Headbutt+1"],"picked":"Body Slam","floor":19}],"player_experience":28751,"relics_obtained":[{"floor":7,"key":"Anchor"},{"floor":9,"key":"Pear"},{"floor":13,"key":"Bottled Flame"},{"floor":21,"key":"Boot"}],"event_choices":[{"event_name":"Accursed Blacksmith","player_choice":"Rummage","floor":3,"damage_taken":0},{"event_name":"Wheel of Change","player_choice":"Curse","floor":4,"damage_taken":0},{"event_name":"Golden Idol","player_choice":"Lose Max HP","floor":12,"damage_taken":0}],"is_beta":false,"boss_relics":[{"not_picked":["Ectoplasm","Tiny House"],"picked":"Astrolabe"}],"items_purged_floors":[20],"is_endless":false,"potions_floor_spawned":[2,7,8,16,18],"killed_by":"Sentry and Sphere","ascension_level":0}