{"gold_per_floor":[111,111,122,122,122,153,153,187,210,210,228,228],"floor_reached":12,"playtime":375,"items_purged":[],"score":163,"play_id":"052996bc-58bf-49b8-aeb6-4b32bf87cae5","local_time":"20190610154900","is_ascension_mode":true,"campfire_choices":[{"floor":7,"key":"REST"},{"floor":10,"key":"REST"}],"neow_cost":"NONE","seed_source_timestamp":1835942639706190,"circlet_count":0,"master_deck":["AscendersBane","Strike_B","Strike_B","Defend_B","Defend_B","Defend_B","Defend_B","Zap+1","Dualcast","Cold Snap","Gash","Conserve Battery","Steam","Conserve Battery"],"relics":["Cracked Core","Pen Nib","Blue Candle","Vajra"],"potions_floor_usage":[8,12],"damage_taken":[{"damage":2,"enemies":"Jaw Worm","floor":1,"turns":3},{"damage":0,"enemies":"2 Louse","floor":3,"turns":1},{"damage":37,"enemies":"Lagavulin","floor":6,"turns":9},{"damage":20,"enemies":"3 Sentries","floor":8,"turns":8},{"damage":0,"enemies":"Small Slimes","floor":11,"turns":3},{"damage":41,"enemies":"Gremlin Nob","floor":12,"turns":4}],"seed_played":"-3429791996853241946","potions_obtained":[{"floor":6,"key":"LiquidBronze"},{"floor":11,"key":"SpeedPotion"}],"is_trial":false,"path_per_floor":["M","?","M","?","?","E","R","E","T","R","M","E"],"character_chosen":"DEFECT","items_purchased":[],"campfire_rested":2,"item_purchase_floors":[],"current_hp_per_floor":[62,55,55,55,50,13,34,14,14,35,35,0],"gold":228,"neow_bonus":"UPGRADE_CARD","is_prod":false,"is_daily":false,"chose_seed":false,"campfire_upgraded":0,"win_rate":0,"timestamp":1560196140,"path_taken":["M","?","M","?","?","E","R","E","T","R","M","E"],"build_version":"2019-01-23","purchased_purges":0,"victory":false,"max_hp_per_floor":[71,71,71,71,71,71,71,71,71,71,71,71],"card_choices":[{"not_picked":["Blizzard","Stack"],"picked":"Cold Snap","floor":1},{"not_picked":["Sweeping Beam","Stack"],"picked":"Gash","floor":3},{"not_picked":["Rainbow","Amplify"],"picked":"Conserve Battery","floor":6},{"not_picked":["Ball Lightning","Coolheaded"],"picked":"Steam","floor":8},{"not_picked":["Force Field","Barrage"],"picked":"Conserve Battery","floor":11}],"player_experience":787929,"relics_obtained":[{"floor":6,"key":"Pen Nib"},{"floor":8,"key":"Blue Candle"},{"floor":9,"key":"Vajra"}],"event_choices":[{"cards_removed":["Strike_B"],"damage_healed":0,"gold_gain":0,"player_choice":"Card Removal","damage_taken":7,"max_hp_gain":0,"max_hp_loss":0,"event_name":"Golden Wing","floor":2,"gold_loss":0},{"cards_removed":["Strike_B"],"damage_healed":0,"gold_gain":0,"player_choice":"Forget","damage_taken":0,"max_hp_gain":0,"max_hp_loss":0,"event_name":"Living Wall","floor":4,"gold_loss":0},{"damage_healed":0,"gold_gain":0,"player_choice":"Fled","damage_taken":5,"max_hp_gain":0,"max_hp_loss":0,"event_name":"Scrap Ooze","floor":5,"gold_loss":0}],"is_beta":false,"boss_relics":[],"items_purged_floors":[],"is_endless":false,"potions_floor_spawned":[6,11],"killed_by":"Gremlin Nob","ascension_level":18}