{"gold_per_floor":[113,15,15,30,49,78,78,112,112,145,145,162,162,176,176,281,281,299,311,321,321,321,348,362,362,411,326,359,359,371,406,406,406],"floor_reached":33,"playtime":1383,"items_purged":["Strike_R"],"score":498,"play_id":"39adada0-00b6-43d6-800f-ec18102d8562","local_time":"20190607003953","is_ascension_mode":true,"campfire_choices":[{"data":"Armaments","floor":7,"key":"SMITH"},{"data":"Shockwave","floor":11,"key":"SMITH"},{"data":"Immolate","floor":15,"key":"SMITH"},{"floor":25,"key":"REST"},{"floor":29,"key":"REST"},{"data":"Impervious","floor":32,"key":"SMITH"}],"neow_cost":"NONE","seed_source_timestamp":13392504410100,"circlet_count":0,"master_deck":["Strike_R","Strike_R","Strike_R+1","Strike_R","Defend_R","Defend_R","Defend_R","Defend_R","Bash+1","Uppercut+1","Cleave","Armaments+1","Seeing Red","Shrug It Off","Shockwave+1","Iron Wave","Immolate+1","Impervious+1","Infernal Blade+1","Combust","Anger+1","Seeing Red+1"],"relics":["Burning Blood","PreservedInsect","Blue Candle","Torii","Nunchaku","Pear","Black Star","MutagenicStrength","Letter Opener","Ancient Tea Set","Bottled Lightning","Bronze Scales","Paper Frog","Mummified Hand","Singing Bowl","Matryoshka","Whetstone"],"potions_floor_usage":[16,16,20,20,33,33],"damage_taken":[{"damage":1,"enemies":"Cultist","floor":1,"turns":4},{"damage":2,"enemies":"Jaw Worm","floor":4,"turns":3},{"damage":0,"enemies":"Small Slimes","floor":5,"turns":3},{"damage":6,"enemies":"Gremlin Nob","floor":6,"turns":3},{"damage":10,"enemies":"Lagavulin","floor":8,"turns":6},{"damage":12,"enemies":"Gremlin Nob","floor":10,"turns":3},{"damage":6,"enemies":"Exordium Wildlife","floor":12,"turns":4},{"damage":9,"enemies":"Red Slaver","floor":14,"turns":3},{"damage":8,"enemies":"Slime Boss","floor":16,"turns":7},{"damage":25,"enemies":"Spheric Guardian","floor":18,"turns":4},{"damage":17,"enemies":"3 Byrds","floor":19,"turns":4},{"damage":12,"enemies":"Cultist and Chosen","floor":20,"turns":4},{"damage":8,"enemies":"Slavers","floor":23,"turns":3},{"damage":32,"enemies":"Centurion and Healer","floor":24,"turns":7},{"damage":19,"enemies":"Book of Stabbing","floor":28,"turns":4},{"damage":14,"enemies":"Shelled Parasite and Fungi","floor":30,"turns":3},{"damage":0,"enemies":"Slavers","floor":31,"turns":1},{"damage":78,"enemies":"Champ","floor":33,"turns":14}],"seed_played":"7617288054731621765","potions_obtained":[{"floor":5,"key":"AttackPotion"},{"floor":6,"key":"Strength Potion"},{"floor":8,"key":"SpeedPotion"},{"floor":16,"key":"AttackPotion"},{"floor":18,"key":"Energy Potion"},{"floor":28,"key":"Fire Potion"}],"is_trial":false,"path_per_floor":["M","$","?","M","M","E","R","E","T","E","R","M","?","M","R","B",null,"M","M","M","?","T","E","M","R","T","?","E","R","M","E","R","B"],"character_chosen":"IRONCLAD","items_purchased":["Cleave"],"campfire_rested":2,"item_purchase_floors":[2],"current_hp_per_floor":[77,77,77,80,80,80,80,76,76,80,80,80,85,82,82,80,91,72,61,55,55,55,53,27,55,55,55,44,73,67,73,73,0],"gold":406,"neow_bonus":"RANDOM_COMMON_RELIC","is_prod":false,"is_daily":false,"chose_seed":false,"campfire_upgraded":4,"win_rate":0,"timestamp":1559857193,"path_taken":["M","?","?","M","M","E","R","E","T","E","R","?","?","M","R","BOSS","M","M","M","?","?","E","?","R","T","?","E","R","M","E","R","BOSS"],"build_version":"2019-01-23","purchased_purges":1,"victory":false,"max_hp_per_floor":[80,80,80,80,80,80,80,80,80,90,90,90,95,95,95,95,95,95,95,95,95,95,95,95,95,95,95,97,97,99,99,99,99],"card_choices":[{"not_picked":["Twin Strike","Clothesline"],"picked":"Uppercut","floor":1},{"not_picked":["Uppercut","Perfected Strike"],"picked":"Armaments","floor":4},{"not_picked":["Rampage","Perfected Strike","Clash"],"picked":"SKIP","floor":5},{"not_picked":["Reckless Charge","Berserk"],"picked":"Seeing Red","floor":6},{"not_picked":["Clothesline","Perfected Strike"],"picked":"Shrug It Off","floor":8},{"not_picked":["Heavy Blade","Havoc"],"picked":"Shockwave","floor":10},{"not_picked":["Rupture","Armaments"],"picked":"Iron Wave","floor":12},{"not_picked":["Pommel Strike","Perfected Strike"],"picked":"Immolate","floor":14},{"not_picked":["Fiend Fire","Offering"],"picked":"Impervious","floor":16},{"not_picked":["Sentinel+1","Flame Barrier"],"picked":"Infernal Blade+1","floor":18},{"not_picked":["Perfected Strike","Cleave","Clash"],"picked":"SKIP","floor":19},{"not_picked":["Dual Wield","Second Wind"],"picked":"Combust","floor":20},{"not_picked":["Clash","Clothesline","Burning Pact+1"],"picked":"SKIP","floor":23},{"not_picked":["Dual Wield","Ghostly Armor"],"picked":"Anger+1","floor":24},{"not_picked":["Corruption","True Grit","Reckless Charge+1"],"picked":"Singing Bowl","floor":28},{"not_picked":["Disarm","Rupture","Havoc"],"picked":"Singing Bowl","floor":30},{"not_picked":["Anger+1","Heavy Blade"],"picked":"Seeing Red+1","floor":31}],"player_experience":171528,"relics_obtained":[{"floor":6,"key":"Blue Candle"},{"floor":8,"key":"Torii"},{"floor":9,"key":"Nunchaku"},{"floor":10,"key":"Pear"},{"floor":22,"key":"Letter Opener"},{"floor":23,"key":"Ancient Tea Set"},{"floor":23,"key":"Bottled Lightning"},{"floor":26,"key":"Bronze Scales"},{"floor":28,"key":"Mummified Hand"},{"floor":28,"key":"Singing Bowl"},{"floor":31,"key":"Matryoshka"},{"floor":31,"key":"Whetstone"}],"event_choices":[{"damage_healed":0,"gold_gain":0,"player_choice":"Upgraded","damage_taken":0,"max_hp_gain":0,"max_hp_loss":0,"event_name":"Upgrade Shrine","floor":3,"gold_loss":0,"cards_upgraded":["Uppercut"]},{"damage_healed":0,"gold_gain":0,"player_choice":"Donut","damage_taken":0,"max_hp_gain":5,"max_hp_loss":0,"event_name":"Big Fish","floor":13,"gold_loss":0},{"damage_healed":0,"gold_gain":0,"player_choice":"Inject Mutagens","damage_taken":0,"relics_obtained":["MutagenicStrength"],"max_hp_gain":0,"max_hp_loss":0,"event_name":"Drug Dealer","floor":21,"gold_loss":0},{"damage_healed":0,"gold_gain":0,"player_choice":"Obtained Relic","damage_taken":0,"relics_obtained":["Paper Frog"],"max_hp_gain":0,"max_hp_loss":0,"event_name":"Addict","floor":27,"gold_loss":85}],"is_beta":false,"boss_relics":[{"not_picked":["Orrery","Runic Pyramid"],"picked":"Black Star"}],"items_purged_floors":[2],"is_endless":false,"potions_floor_spawned":[5,6,8,16,18,19,28],"killed_by":"Champ","ascension_level":7}