{"gold_per_floor":[111,111,125,137,137,171,171,184,234,253,273,308,308,308,308,387,387,400,450,465,51,66,66,77,77,77,94,8,36,36,49,49,123,123,136,148,48,124,138,138,153,153,200,200],"floor_reached":44,"playtime":2185,"items_purged":["Strike_B","Strike_B"],"score":840,"play_id":"1d13154a-3fe5-49d7-85c8-28923a41cb09","local_time":"20190610123313","is_ascension_mode":true,"campfire_choices":[{"data":"Beam Cell","floor":7,"key":"SMITH"},{"floor":13,"key":"REST"},{"floor":15,"key":"REST"},{"floor":23,"key":"REST"},{"floor":25,"key":"REST"},{"floor":32,"key":"REST"},{"floor":40,"key":"REST"},{"floor":42,"key":"REST"}],"neow_cost":"NONE","seed_source_timestamp":1822378632547671,"circlet_count":0,"master_deck":["AscendersBane","Strike_B","Defend_B","Defend_B","Defend_B+1","Defend_B+1","Zap","Dualcast","Sweeping Beam","Sunder","Beam Cell+1","Rebound","Chill","Gash","Glacier","Hologram+1","Echo Form","Conserve Battery+1","Melter+1","Gash","Cold Snap","Defragment","BootSequence","All For One","Steam+1","Blizzard+1","Chill"],"relics":["Cracked Core","Pantograph","War Paint","Omamori","Fusion Hammer","FossilizedHelix","Dodecahedron","Vajra","Inserter","Letter Opener","Orichalcum"],"potions_floor_usage":[6,6,10,16,22,33,41],"damage_taken":[{"damage":7,"enemies":"Small Slimes","floor":1,"turns":3},{"damage":0,"enemies":"Cultist","floor":3,"turns":3},{"damage":2,"enemies":"Jaw Worm","floor":4,"turns":3},{"damage":3,"enemies":"3 Sentries","floor":6,"turns":5},{"damage":13,"enemies":"Large Slime","floor":8,"turns":4},{"damage":15,"enemies":"Exordium Thugs","floor":10,"turns":3},{"damage":12,"enemies":"Red Slaver","floor":11,"turns":2},{"damage":18,"enemies":"Gremlin Nob","floor":12,"turns":4},{"damage":27,"enemies":"Slime Boss","floor":16,"turns":10},{"damage":19,"enemies":"2 Thieves","floor":18,"turns":5},{"damage":2,"enemies":"Chosen","floor":20,"turns":5},{"damage":14,"enemies":"Shelled Parasite and Fungi","floor":22,"turns":6},{"damage":16,"enemies":"Snake Plant","floor":24,"turns":3},{"damage":0,"enemies":"Centurion and Healer","floor":27,"turns":5},{"damage":44,"enemies":"Book of Stabbing","floor":29,"turns":6},{"damage":0,"enemies":"3 Cultists","floor":31,"turns":5},{"damage":39,"enemies":"Automaton","floor":33,"turns":12},{"damage":13,"enemies":"Orb Walker","floor":35,"turns":3},{"damage":41,"enemies":"3 Darklings","floor":36,"turns":5},{"damage":41,"enemies":"Spire Growth","floor":39,"turns":7},{"damage":28,"enemies":"Transient","floor":41,"turns":6},{"damage":30,"enemies":"Writhing Mass","floor":44,"turns":4}],"seed_played":"-7828814029859961397","potions_obtained":[{"floor":3,"key":"EssenceOfSteel"},{"floor":4,"key":"Block Potion"},{"floor":8,"key":"SkillPotion"},{"floor":12,"key":"EssenceOfSteel"},{"floor":18,"key":"FairyPotion"},{"floor":20,"key":"EssenceOfSteel"},{"floor":31,"key":"FearPotion"},{"floor":36,"key":"FairyPotion"},{"floor":39,"key":"Explosive Potion"}],"is_trial":false,"path_per_floor":["M","?","M","M","?","E","R","M","T","M","M","E","R","?","R","B",null,"M","?","M","$","M","R","M","R","T","M","$","E","?","M","R","B",null,"M","M","$","T","M","R","M","R","T","M"],"character_chosen":"DEFECT","items_purchased":["FossilizedHelix","Defragment"],"campfire_rested":7,"item_purchase_floors":[21,28],"current_hp_per_floor":[64,64,64,62,67,64,64,51,51,36,24,6,30,30,54,52,75,56,56,54,54,40,64,48,72,72,72,72,28,28,28,52,38,72,59,18,18,18,8,32,4,28,28,0],"gold":200,"neow_bonus":"TEN_PERCENT_HP_BONUS","is_prod":false,"is_daily":false,"chose_seed":false,"campfire_upgraded":1,"win_rate":0,"timestamp":1560184393,"path_taken":["M","?","M","?","?","E","R","M","T","M","M","E","R","?","R","BOSS","M","?","?","$","M","R","M","R","T","?","$","E","?","M","R","BOSS","M","M","$","?","?","R","M","R","T","M"],"build_version":"2019-01-23","purchased_purges":2,"victory":false,"max_hp_per_floor":[78,78,78,78,83,83,83,83,83,83,83,83,83,83,83,83,83,83,83,83,83,83,83,83,83,83,83,83,83,83,83,83,83,83,83,83,83,83,83,83,83,83,83,83],"card_choices":[{"not_picked":["Streamline","Chaos"],"picked":"Sweeping Beam","floor":1},{"not_picked":["Rebound","Coolheaded"],"picked":"Beam Cell","floor":3},{"not_picked":["Compile Driver","Stack"],"picked":"Rebound","floor":4},{"not_picked":["Cold Snap","Coolheaded"],"picked":"Chill","floor":6},{"not_picked":["Ball Lightning","Lockon","Stack"],"picked":"SKIP","floor":8},{"not_picked":["Leap","BootSequence"],"picked":"Gash","floor":10},{"not_picked":["Stack","Barrage"],"picked":"Glacier","floor":11},{"not_picked":["Aggregate","Ball Lightning"],"picked":"Hologram","floor":12},{"not_picked":["All For One","Biased Cognition"],"picked":"Echo Form","floor":16},{"not_picked":["Conserve Battery","Sweeping Beam+1","Redo"],"picked":"SKIP","floor":18},{"not_picked":["Undo","White Noise"],"picked":"Conserve Battery+1","floor":20},{"not_picked":["Ball Lightning","Barrage"],"picked":"Melter+1","floor":22},{"not_picked":["Go for the Eyes","Beam Cell"],"picked":"Gash","floor":24},{"not_picked":["Coolheaded","Steam"],"picked":"Cold Snap","floor":27},{"not_picked":["Reprogram","Leap","Go for the Eyes"],"picked":"SKIP","floor":29},{"not_picked":["Static Discharge","Beam Cell"],"picked":"BootSequence","floor":31},{"not_picked":["Reboot","Electrodynamics"],"picked":"All For One","floor":33},{"not_picked":["Go for the Eyes","Force Field+1","Leap+1"],"picked":"SKIP","floor":35},{"not_picked":["Beam Cell+1","Cold Snap"],"picked":"Steam+1","floor":36},{"not_picked":["Compile Driver+1","Hologram"],"picked":"Blizzard+1","floor":39},{"not_picked":["Redo+1","Streamline"],"picked":"Chill","floor":41}],"player_experience":782995,"relics_obtained":[{"floor":6,"key":"Pantograph"},{"floor":9,"key":"War Paint"},{"floor":12,"key":"Omamori"},{"floor":26,"key":"Dodecahedron"},{"floor":29,"key":"Vajra"},{"floor":38,"key":"Letter Opener"},{"floor":43,"key":"Orichalcum"}],"event_choices":[{"damage_healed":0,"gold_gain":0,"cards_transformed":["Strike_B"],"player_choice":"Transformed","damage_taken":0,"max_hp_gain":0,"max_hp_loss":0,"event_name":"Transmorgrifier","floor":2,"gold_loss":0,"cards_obtained":["Sunder"]},{"damage_healed":0,"gold_gain":0,"player_choice":"Donut","damage_taken":0,"max_hp_gain":5,"max_hp_loss":0,"event_name":"Big Fish","floor":5,"gold_loss":0},{"damage_healed":0,"gold_gain":0,"player_choice":"Forge","damage_taken":0,"max_hp_gain":0,"max_hp_loss":0,"event_name":"Accursed Blacksmith","floor":14,"gold_loss":0,"cards_upgraded":["Hologram"]},{"damage_healed":0,"gold_gain":100,"player_choice":"Bet on Murderer","damage_taken":0,"max_hp_gain":0,"max_hp_loss":0,"event_name":"The Joust","floor":19,"gold_loss":50},{"damage_healed":0,"gold_gain":0,"player_choice":"Ignored","damage_taken":0,"max_hp_gain":0,"max_hp_loss":0,"event_name":"N\u0027loth","floor":30,"gold_loss":0}],"is_beta":false,"boss_relics":[{"not_picked":["Lizard Tail","Empty Cage"],"picked":"Fusion Hammer"},{"not_picked":["Cursed Key","Snecko Eye"],"picked":"Inserter"}],"items_purged_floors":[21,37],"is_endless":false,"potions_floor_spawned":[3,4,8,12,18,20,31,36,39],"killed_by":"Writhing Mass","ascension_level":18}