{"gold_per_floor":[113,113,126,126,136,167,179,203,240,252,295,307,329,368,380,490,502,533,195,213,213,213,240,240,265,342,356,356,374,388,403,403,508,508,519,529,246,266,276,276,276],"floor_reached":41,"playtime":2044,"items_purged":["Defend_R"],"score":637,"play_id":"22f994cb-3ed1-470e-8b77-b898f3ce644a","local_time":"20190611112141","is_ascension_mode":true,"campfire_choices":[{"floor":7,"key":"REST"},{"data":"Armaments","floor":10,"key":"SMITH"},{"floor":12,"key":"REST"},{"data":"Perfected Strike","floor":15,"key":"SMITH"},{"floor":24,"key":"REST"},{"floor":28,"key":"REST"},{"floor":32,"key":"REST"},{"floor":40,"key":"REST"}],"neow_cost":"NONE","seed_source_timestamp":396838485732100,"circlet_count":0,"master_deck":["Strike_R+1","Strike_R","Strike_R+1","Strike_R","Strike_R+1","Defend_R","Defend_R","Defend_R","Bash+1","Wild Strike","Cleave","Armaments+1","Evolve","Iron Wave","Perfected Strike+1","Impervious","Perfected Strike+1","Twin Strike","True Grit","Shockwave","Shrug It Off+1","Rage+1","Double Tap","Wild Strike+1","Warcry+1","Cleave+1"],"relics":["Black Blood","Ancient Tea Set","MawBank","Regal Pillow","Whetstone","Mercury Hourglass","Orichalcum","ClockworkSouvenir","Omamori","Paper Frog","Sundial","Velvet Choker","Chemical X"],"potions_floor_usage":[5,38,38],"damage_taken":[{"damage":11,"enemies":"Jaw Worm","floor":1,"turns":5},{"damage":3,"enemies":"2 Louse","floor":3,"turns":2},{"damage":1,"enemies":"Cultist","floor":5,"turns":4},{"damage":30,"enemies":"Gremlin Nob","floor":6,"turns":4},{"damage":12,"enemies":"Exordium Wildlife","floor":8,"turns":3},{"damage":25,"enemies":"Lagavulin","floor":11,"turns":8},{"damage":10,"enemies":"Exordium Thugs","floor":13,"turns":3},{"damage":8,"enemies":"Gremlin Nob","floor":14,"turns":3},{"damage":61,"enemies":"Hexaghost","floor":16,"turns":8},{"damage":25,"enemies":"2 Thieves","floor":18,"turns":4},{"damage":5,"enemies":"3 Byrds","floor":20,"turns":5},{"damage":46,"enemies":"Gremlin Leader","floor":23,"turns":6},{"damage":43,"enemies":"Book of Stabbing","floor":25,"turns":5},{"damage":14,"enemies":"Centurion and Healer","floor":27,"turns":6},{"damage":1,"enemies":"Snecko","floor":29,"turns":3},{"damage":31,"enemies":"Shelled Parasite and Fungi","floor":30,"turns":4},{"damage":18,"enemies":"3 Cultists","floor":31,"turns":5},{"damage":127,"enemies":"Collector","floor":33,"turns":11},{"damage":0,"enemies":"Orb Walker","floor":35,"turns":2},{"damage":13,"enemies":"3 Shapes","floor":36,"turns":4},{"damage":5,"enemies":"Jaw Worm Horde","floor":38,"turns":4},{"damage":37,"enemies":"Writhing Mass","floor":39,"turns":4},{"damage":111,"enemies":"Giant Head","floor":41,"turns":7}],"seed_played":"2710715504545131780","potions_obtained":[{"floor":3,"key":"Regen Potion"},{"floor":4,"key":"FairyPotion"},{"floor":4,"key":"FairyPotion"},{"floor":5,"key":"Ancient Potion"},{"floor":18,"key":"FairyPotion"},{"floor":35,"key":"SkillPotion"},{"floor":36,"key":"SkillPotion"}],"is_trial":false,"path_per_floor":["M","?","M","?","M","E","R","M","T","R","E","R","M","E","R","B",null,"M","$","M","?","$","E","R","E","T","M","R","M","M","M","R","B",null,"M","M","$","M","M","R","E"],"character_chosen":"IRONCLAD","items_purchased":["Orichalcum","ClockworkSouvenir","Chemical X"],"campfire_rested":6,"item_purchase_floors":[19,19,37],"current_hp_per_floor":[67,51,54,54,71,47,71,65,65,65,46,80,76,74,74,19,65,50,50,55,55,55,19,58,25,25,21,60,69,48,40,79,18,65,75,72,72,77,50,80,0],"gold":276,"neow_bonus":"RANDOM_COMMON_RELIC","is_prod":false,"is_daily":false,"chose_seed":false,"campfire_upgraded":2,"win_rate":0,"timestamp":1560241301,"path_taken":["M","?","M","?","M","E","R","M","T","R","E","R","M","E","R","BOSS","M","?","M","?","$","E","R","E","T","M","R","M","M","M","R","BOSS","M","M","$","M","M","R","E"],"build_version":"2019-01-23","purchased_purges":1,"victory":false,"max_hp_per_floor":[80,80,80,80,80,80,80,80,80,80,80,80,80,80,80,80,80,80,80,80,80,80,80,80,80,80,80,80,80,80,80,80,80,80,80,80,80,80,80,80,80],"card_choices":[{"not_picked":["Heavy Blade","Corruption"],"picked":"Wild Strike","floor":1},{"not_picked":["Body Slam","Sever Soul"],"picked":"Cleave","floor":3},{"not_picked":["Heavy Blade","Flex","Clothesline"],"picked":"SKIP","floor":5},{"not_picked":["Whirlwind","Sentinel"],"picked":"Armaments","floor":6},{"not_picked":["Entrench","Power Through"],"picked":"Evolve","floor":8},{"not_picked":["Clash","Fire Breathing"],"picked":"Iron Wave","floor":11},{"not_picked":["Wild Strike","Offering"],"picked":"Perfected Strike","floor":13},{"not_picked":["Fire Breathing","Fiend Fire","Anger"],"picked":"SKIP","floor":14},{"not_picked":["Bludgeon","Reaper"],"picked":"Impervious","floor":16},{"not_picked":["Rupture","Havoc+1","Iron Wave"],"picked":"SKIP","floor":18},{"not_picked":["Searing Blow","Pummel","Heavy Blade"],"picked":"SKIP","floor":20},{"not_picked":["Entrench","Sword Boomerang"],"picked":"Twin Strike","floor":23},{"not_picked":["Juggernaut","Havoc"],"picked":"True Grit","floor":25},{"not_picked":["Clash","Headbutt"],"picked":"Shockwave","floor":27},{"not_picked":["Shockwave","Blood for Blood","Second Wind+1"],"picked":"SKIP","floor":29},{"not_picked":["Seeing Red","Perfected Strike"],"picked":"Shrug It Off+1","floor":30},{"not_picked":["Fire Breathing","Flex"],"picked":"Rage+1","floor":31},{"not_picked":["Barricade","Brutality"],"picked":"Double Tap","floor":33},{"not_picked":["Hemokinesis","Body Slam","Dropkick+1"],"picked":"SKIP","floor":35},{"not_picked":["Sword Boomerang","Thunderclap+1"],"picked":"Wild Strike+1","floor":36},{"not_picked":["Clothesline","Uppercut"],"picked":"Warcry+1","floor":38},{"not_picked":["Shrug It Off","Havoc"],"picked":"Cleave+1","floor":39}],"player_experience":195696,"relics_obtained":[{"floor":6,"key":"MawBank"},{"floor":9,"key":"Regal Pillow"},{"floor":11,"key":"Whetstone"},{"floor":14,"key":"Mercury Hourglass"},{"floor":23,"key":"Omamori"},{"floor":25,"key":"Paper Frog"},{"floor":26,"key":"Sundial"}],"event_choices":[{"damage_healed":0,"gold_gain":0,"player_choice":"Entered Light","damage_taken":16,"max_hp_gain":0,"max_hp_loss":0,"event_name":"Shining Light","floor":2,"gold_loss":0,"cards_upgraded":["Strike_R","Strike_R"]},{"damage_healed":0,"gold_gain":0,"player_choice":"Got Potions","damage_taken":0,"max_hp_gain":0,"max_hp_loss":0,"event_name":"Lab","floor":4,"gold_loss":0},{"damage_healed":0,"gold_gain":0,"player_choice":"Copied","damage_taken":0,"max_hp_gain":0,"max_hp_loss":0,"event_name":"Duplicator","floor":21,"gold_loss":0,"cards_obtained":["Perfected Strike"]}],"is_beta":false,"boss_relics":[{"not_picked":["Fusion Hammer","Pandora\u0027s Box"],"picked":"Black Blood"},{"not_picked":["Snecko Eye","White Beast Statue"],"picked":"Velvet Choker"}],"items_purged_floors":[37],"is_endless":false,"potions_floor_spawned":[3,5,14,18,25,27,35,36],"killed_by":"Giant Head","ascension_level":8}