{"gold_per_floor":[118,130,140,90,90,90,115,141,195,206,206,224,224,240,240,342,342,362,379,92,107,117,117,142,142,142,155,155],"floor_reached":28,"playtime":1600,"items_purged":["Strike_B"],"score":244,"play_id":"f63a7770-8e7a-40df-9830-ae59c09b0c18","local_time":"20180828150927","is_ascension_mode":true,"campfire_choices":[{"data":"Redo","floor":6,"key":"SMITH"},{"floor":11,"key":"REST"},{"floor":13,"key":"REST"},{"floor":15,"key":"REST"},{"floor":23,"key":"REST"}],"neow_cost":"NONE","seed_source_timestamp":181204650018948,"circlet_count":0,"master_deck":["Strike_B","Defend_B","Defend_B","Defend_B","Zap","Dualcast","Redo+1","Capacitor","Chaos","Loop","Rainbow","Lockon+1","Metamorphosis","Leap+1"],"relics":["Cracked Core","Boot","Odd Mushroom","Bronze Scales","Lizard Tail","Happy Flower","Bottled Flame"],"potions_floor_usage":[7,16,16,16,22,28],"damage_taken":[{"damage":0,"enemies":"Small Slimes","floor":1,"turns":3},{"damage":4,"enemies":"Jaw Worm","floor":2,"turns":4},{"damage":5,"enemies":"2 Louse","floor":3,"turns":2},{"damage":31,"enemies":"Gremlin Nob","floor":7,"turns":4},{"damage":29,"enemies":"The Mushroom Lair","floor":8,"turns":5},{"damage":7,"enemies":"Looter","floor":10,"turns":3},{"damage":2,"enemies":"2 Fungi Beasts","floor":12,"turns":2},{"damage":4,"enemies":"3 Louse","floor":14,"turns":2},{"damage":5,"enemies":"The Guardian","floor":16,"turns":8},{"damage":35,"enemies":"Shell Parasite","floor":18,"turns":6},{"damage":12,"enemies":"Spheric Guardian","floor":19,"turns":4},{"damage":25,"enemies":"3 Cultists","floor":21,"turns":5},{"damage":34,"enemies":"Shelled Parasite and Fungi","floor":22,"turns":3},{"damage":15,"enemies":"Centurion and Healer","floor":27,"turns":6},{"damage":29,"enemies":"Sentry and Sphere","floor":28,"turns":3}],"seed_played":"5582315709201582605","potions_obtained":[{"floor":2,"key":"PowerPotion"},{"floor":3,"key":"Ancient Potion"},{"floor":8,"key":"FocusPotion"},{"floor":12,"key":"Energy Potion"},{"floor":14,"key":"EssenceOfSteel"},{"floor":21,"key":"Energy Potion"},{"floor":27,"key":"SkillPotion"}],"is_trial":false,"path_per_floor":["M","M","M","?","?","R","E","?","T","M","R","M","R","M","R","B",null,"M","M","$","M","M","R","T","?","T","M"],"character_chosen":"DEFECT","items_purchased":["Metamorphosis"],"campfire_rested":4,"item_purchase_floors":[20],"current_hp_per_floor":[75,71,66,66,71,71,40,11,11,4,28,26,50,46,70,65,80,45,33,33,8,20,44,44,44,44,29,0],"gold":155,"neow_bonus":"REMOVE_CARD","is_prod":false,"is_daily":false,"chose_seed":false,"campfire_upgraded":1,"win_rate":0,"timestamp":1535458167,"path_taken":["M","M","M","?","?","R","E","?","T","M","R","M","R","?","R","BOSS","M","M","$","M","M","R","?","?","T","M","M"],"build_version":"2018-08-23v2","purchased_purges":1,"victory":false,"max_hp_per_floor":[75,75,75,75,80,80,80,80,80,80,80,80,80,80,80,80,80,80,80,80,80,80,80,80,80,80,80,80],"card_choices":[{"not_picked":["Rebound","Streamline"],"picked":"Redo","floor":1},{"not_picked":["Consume","Scrape","Turbo"],"picked":"SKIP","floor":2},{"not_picked":["Hologram","All For One","Steam"],"picked":"SKIP","floor":3},{"not_picked":["Hologram","Tempest"],"picked":"Capacitor","floor":7},{"not_picked":["Barrage","Skim"],"picked":"Chaos","floor":10},{"not_picked":["Consume","Stack"],"picked":"Loop","floor":12},{"not_picked":["Reprogram","Steam","Steam Power"],"picked":"SKIP","floor":14},{"not_picked":["Multi-Cast","Echo Form"],"picked":"Rainbow","floor":16},{"not_picked":["Compile Driver+1","Steam+1"],"picked":"Lockon+1","floor":18},{"not_picked":["Coolheaded","Capacitor","Cold Snap"],"picked":"SKIP","floor":19},{"not_picked":["Double Energy","Steam","Hologram"],"picked":"SKIP","floor":21},{"not_picked":["Hyperbeam","Heatsinks"],"picked":"Leap+1","floor":22},{"not_picked":["Streamline","Force Field","Beam Cell"],"picked":"SKIP","floor":27}],"player_experience":112392,"relics_obtained":[{"floor":7,"key":"Boot"},{"floor":8,"key":"Odd Mushroom"},{"floor":9,"key":"Bronze Scales"},{"floor":24,"key":"Happy Flower"},{"floor":26,"key":"Bottled Flame"}],"event_choices":[{"event_name":"The Cleric","player_choice":"Card Removal","floor":4,"damage_taken":0},{"event_name":"Big Fish","player_choice":"Donut","floor":5,"damage_taken":0},{"event_name":"Mushrooms","player_choice":"Fought Mushrooms","floor":8,"damage_taken":0},{"event_name":"Back to Basics","player_choice":"Elegance","floor":25,"damage_taken":0}],"is_beta":false,"boss_relics":[{"not_picked":["FrozenCore","Eternal Feather"],"picked":"Lizard Tail"}],"items_purged_floors":[20],"is_endless":false,"potions_floor_spawned":[2,3,8,12,14,21,27],"killed_by":"Sentry and Sphere","ascension_level":2}