{"gold_per_floor":[119,132,132,150,150,150,178,178,258,290,290,5,5,5,5,104,104,122,122,138,138,138,138,156,156,156,167,178,178,25,60,60,160,160,176,193,1192,1246,1246,1246,1346,1381,1405,1417,1417,1428,1445,1457,1457,1457],"floor_reached":51,"playtime":2193,"items_purged":["Strike_B"],"score":811,"play_id":"3965f382-6431-4387-8db1-583f3666981d","local_time":"20180827105633","is_ascension_mode":true,"campfire_choices":[{"data":"Doom and Gloom","floor":6,"key":"SMITH"},{"data":"Multi-Cast","floor":8,"key":"SMITH"},{"floor":13,"key":"REST"},{"data":"Core Surge","floor":15,"key":"SMITH"},{"floor":23,"key":"REST"},{"data":"Biased Cognition","floor":25,"key":"SMITH"},{"floor":29,"key":"REST"},{"floor":32,"key":"REST"},{"floor":40,"key":"REST"},{"floor":45,"key":"REST"},{"floor":49,"key":"REST"}],"neow_cost":"NONE","seed_source_timestamp":79025356553776,"circlet_count":0,"master_deck":["Zap","Dualcast","Doom and Gloom+1","Storm+1","Multi-Cast+1","Core Surge+1","Heatsinks","Biased Cognition+1","Steam+1","Leap+1","White Noise+1","Fusion+1","Leap+1","Static Discharge+1","Self Repair","Amplify+1","Genetic Algorithm+1","White Noise+1","White Noise+1","Echo Form","Streamline","Cold Snap","Coolheaded+1","Defragment","Skim+1","Sweeping Beam","Steam+1","Ball Lightning+1","Barrage+1","Normality","Chaos+1","Conserve Battery+1","Rainbow+1","BootSequence+1","Steam Power+1","Recycle+1","Redo+1"],"relics":["Cracked Core","Art of War","Juzu Bracelet","Omamori","Toxic Egg 2","Dream Catcher","FaceOfCleric","Regal Pillow","Centennial Puzzle","Inserter","Boot","Mercury Hourglass","Bag of Marbles","Pandora\u0027s Box","Sundial","Du-Vu Doll","Anchor"],"potions_floor_usage":[7,22,33,42,48,50],"damage_taken":[{"damage":0,"enemies":"2 Louse","floor":1,"turns":2},{"damage":0,"enemies":"Cultist","floor":2,"turns":4},{"damage":10,"enemies":"Jaw Worm","floor":4,"turns":4},{"damage":26,"enemies":"Lagavulin","floor":7,"turns":6},{"damage":23,"enemies":"Gremlin Nob","floor":10,"turns":4},{"damage":20,"enemies":"Slime Boss","floor":16,"turns":5},{"damage":5,"enemies":"Chosen","floor":18,"turns":4},{"damage":30,"enemies":"Shell Parasite","floor":20,"turns":4},{"damage":20,"enemies":"Colosseum Slavers","floor":22,"turns":2},{"damage":12,"enemies":"Snake Plant","floor":24,"turns":4},{"damage":8,"enemies":"Centurion and Healer","floor":27,"turns":5},{"damage":22,"enemies":"Sentry and Sphere","floor":28,"turns":3},{"damage":27,"enemies":"Gremlin Leader","floor":31,"turns":2},{"damage":70,"enemies":"Champ","floor":33,"turns":6},{"damage":13,"enemies":"3 Shapes","floor":35,"turns":2},{"damage":3,"enemies":"Orb Walker","floor":36,"turns":3},{"damage":40,"enemies":"Mysterious Sphere","floor":38,"turns":3},{"damage":62,"enemies":"2 Orb Walkers","floor":42,"turns":4},{"damage":18,"enemies":"Spire Growth","floor":44,"turns":4},{"damage":0,"enemies":"4 Shapes","floor":46,"turns":3},{"damage":9,"enemies":"Transient","floor":47,"turns":5},{"damage":20,"enemies":"Spire Growth","floor":48,"turns":3},{"damage":39,"enemies":"Donu and Deca","floor":50,"turns":6}],"seed_played":"-154734053598109439","potions_obtained":[{"floor":2,"key":"SpeedPotion"},{"floor":4,"key":"SkillPotion"},{"floor":20,"key":"AttackPotion"},{"floor":28,"key":"LiquidBronze"},{"floor":33,"key":"SteroidPotion"},{"floor":35,"key":"Energy Potion"},{"floor":38,"key":"PowerPotion"},{"floor":47,"key":"Weak Potion"},{"floor":48,"key":"Ancient Potion"}],"is_trial":false,"path_per_floor":["M","M","?","M","?","R","E","R","T","E","?","$","R","?","R","B",null,"M","?","M","?","?","R","M","R","T","M","M","R","$","E","R","B",null,"M","M","?","?","?","R","?","E","T","M","R","M","M","M","R","B"],"character_chosen":"DEFECT","items_purchased":["Regal Pillow","Core Surge","Genetic Algorithm+1"],"campfire_rested":7,"item_purchase_floors":[12,12,30],"current_hp_per_floor":[75,75,75,65,65,65,39,39,39,16,16,16,53,46,46,27,76,72,72,43,43,24,62,51,51,51,44,23,62,62,50,83,21,84,79,86,86,47,47,87,87,33,33,23,64,72,78,66,92,54],"gold":1457,"neow_bonus":"RANDOM_COMMON_RELIC","is_prod":false,"is_daily":false,"chose_seed":false,"campfire_upgraded":4,"win_rate":0,"timestamp":1535356593,"path_taken":["M","M","?","M","?","R","E","R","T","E","?","$","R","?","R","BOSS","M","?","M","?","?","R","M","R","T","M","M","R","?","E","R","BOSS","M","M","?","?","?","R","?","E","T","M","R","M","M","M","R","BOSS"],"build_version":"2018-08-23v2","purchased_purges":1,"victory":true,"max_hp_per_floor":[75,75,75,75,75,75,75,75,75,75,75,75,75,75,75,76,76,77,77,78,78,79,79,80,80,80,81,82,82,82,83,83,84,84,85,86,86,87,87,87,87,88,88,89,89,90,91,92,92,93],"card_choices":[{"not_picked":["Beam Cell","Leap"],"picked":"Doom and Gloom","floor":1},{"not_picked":["Blizzard","Streamline","Coolheaded"],"picked":"SKIP","floor":2},{"not_picked":["Coolheaded","Steam"],"picked":"Storm","floor":4},{"not_picked":["Compile Driver","Reprogram"],"picked":"Multi-Cast","floor":7},{"not_picked":["Coolheaded+1","Rebound","Consume+1"],"picked":"SKIP","floor":10},{"not_picked":["Beam Cell","Streamline"],"picked":"Heatsinks","floor":13},{"not_picked":["Thunder Strike","Buffer"],"picked":"Biased Cognition","floor":16},{"not_picked":["Gash","Blizzard"],"picked":"Steam+1","floor":18},{"not_picked":["Streamline+1","Defragment+1"],"picked":"Leap+1","floor":20},{"not_picked":["Heatsinks+1","Rebound"],"picked":"Fusion+1","floor":23},{"not_picked":["Scrape","Amplify+1"],"picked":"Leap+1","floor":24},{"not_picked":["Scrape","Gash"],"picked":"Static Discharge+1","floor":27},{"not_picked":["Force Field+1","Steam+1"],"picked":"Self Repair","floor":28},{"not_picked":["FTL","Go for the Eyes"],"picked":"Amplify+1","floor":29},{"not_picked":["Redo+1","Leap+1"],"picked":"White Noise+1","floor":31},{"not_picked":["Leap+1","Static Discharge"],"picked":"White Noise+1","floor":32},{"not_picked":["Core Surge","Hyperbeam"],"picked":"Echo Form","floor":33},{"not_picked":["Stack+1","Barrage"],"picked":"Ball Lightning+1","floor":35},{"not_picked":["Streamline","Genetic Algorithm+1"],"picked":"Barrage+1","floor":36},{"not_picked":["Rebound","Barrage"],"picked":"Chaos+1","floor":38},{"not_picked":["Turbo+1","Defragment+1"],"picked":"Conserve Battery+1","floor":40},{"not_picked":["Go for the Eyes+1","Streamline"],"picked":"Rainbow+1","floor":42},{"not_picked":["Undo+1","Streamline"],"picked":"BootSequence+1","floor":44},{"not_picked":["Reinforced Body+1","Fusion+1"],"picked":"Steam Power+1","floor":46},{"not_picked":["Compile Driver","Streamline+1","Reinforced Body+1"],"picked":"SKIP","floor":47},{"not_picked":["Sunder","Fusion+1"],"picked":"Recycle+1","floor":48},{"not_picked":["Stack+1","Hologram+1"],"picked":"Redo+1","floor":49}],"player_experience":103608,"relics_obtained":[{"floor":7,"key":"Omamori"},{"floor":9,"key":"Toxic Egg 2"},{"floor":10,"key":"Dream Catcher"},{"floor":26,"key":"Mercury Hourglass"},{"floor":31,"key":"Bag of Marbles"},{"floor":38,"key":"Sundial"},{"floor":42,"key":"Du-Vu Doll"},{"floor":43,"key":"Anchor"}],"event_choices":[{"event_name":"WeMeetAgain","player_choice":"Potion","floor":3,"damage_taken":0},{"event_name":"Living Wall","player_choice":"Grow","floor":5,"damage_taken":0},{"event_name":"FaceTrader","player_choice":"Trade","floor":11,"damage_taken":0},{"event_name":"Scrap Ooze","player_choice":"success","floor":14,"damage_taken":7},{"event_name":"Accursed Blacksmith","player_choice":"Rummage","floor":19,"damage_taken":0},{"event_name":"The Library","player_choice":"Read","floor":21,"damage_taken":0},{"event_name":"Colosseum","player_choice":"Fight","floor":22,"damage_taken":0},{"event_name":"Colosseum","player_choice":"Fled From Nobs","floor":22,"damage_taken":0},{"event_name":"MindBloom","player_choice":"Gold","floor":37,"damage_taken":0},{"event_name":"Mysterious Sphere","player_choice":"Fight","floor":38,"damage_taken":0},{"event_name":"Tomb of Lord Red Mask","player_choice":"Ignored","floor":39,"damage_taken":0},{"event_name":"Golden Shrine","player_choice":"Pray","floor":41,"damage_taken":0}],"is_beta":false,"boss_relics":[{"not_picked":["Eternal Feather","Tiny House"],"picked":"Inserter"},{"not_picked":["FrozenCore","Cursed Key"],"picked":"Pandora\u0027s Box"}],"items_purged_floors":[30],"is_endless":false,"potions_floor_spawned":[2,4,20,28,33,35,38,47,48],"ascension_level":1}