{"gold_per_floor":[361,380,75,95,95,95,109,109,109,133,149,149,149,169,169,290,290,303,328,353,111,127,127,163,163,163,176,199,220,244,269,269,392,392,411,426,151,166,166,166,189,189,268,268,268,281,281],"floor_reached":47,"playtime":2625,"items_purged":["Defend_B","Strike_B","Normality"],"score":564,"play_id":"a566d1c0-cd3c-49a7-bc70-f1828ccae459","local_time":"20180829150347","is_ascension_mode":true,"campfire_choices":[{"data":"Rainbow","floor":6,"key":"SMITH"},{"data":"Defragment","floor":8,"key":"SMITH"},{"floor":15,"key":"REST"},{"floor":23,"key":"REST"},{"floor":32,"key":"REST"},{"data":"Electrodynamics","floor":40,"key":"SMITH"},{"data":"Conserve Battery","floor":42,"key":"SMITH"}],"neow_cost":"TEN_PERCENT_HP_LOSS","seed_source_timestamp":266232036967970,"circlet_count":0,"master_deck":["Defend_B","Defend_B","Zap","Dualcast","Conserve Battery+1","Ball Lightning","Rainbow+1","Defragment+1","Injury","Ball Lightning","Leap","Echo Form","Hologram+1","Leap+1","Melter","Self Repair","BootSequence","Ball Lightning+1","Bite","Bite","Bite","Bite","Bite","Sweeping Beam+1","Barrage+1","Capacitor+1","Storm+1","Electrodynamics+1","BootSequence","Regret","Madness+1","Madness+1"],"relics":["Cracked Core","Golden Idol","Torii","Ornamental Fan","Cursed Key","Bottled Tornado","Pear","Sozu","Oddly Smooth Stone","Toxic Egg 2"],"potions_floor_usage":[7,16,16,29,30,33,33,33],"damage_taken":[{"damage":6,"enemies":"Jaw Worm","floor":1,"turns":4},{"damage":0,"enemies":"Small Slimes","floor":2,"turns":3},{"damage":5,"enemies":"2 Louse","floor":4,"turns":3},{"damage":0,"enemies":"Large Slime","floor":7,"turns":4},{"damage":13,"enemies":"Blue Slaver","floor":10,"turns":3},{"damage":6,"enemies":"2 Fungi Beasts","floor":11,"turns":3},{"damage":11,"enemies":"Gremlin Gang","floor":14,"turns":4},{"damage":4,"enemies":"The Guardian","floor":16,"turns":10},{"damage":7,"enemies":"Chosen","floor":18,"turns":4},{"damage":0,"enemies":"Spheric Guardian","floor":19,"turns":3},{"damage":19,"enemies":"Snecko","floor":20,"turns":4},{"damage":18,"enemies":"Sentry and Sphere","floor":22,"turns":4},{"damage":39,"enemies":"Book of Stabbing","floor":24,"turns":6},{"damage":2,"enemies":"Centurion and Healer","floor":27,"turns":6},{"damage":16,"enemies":"Snake Plant","floor":28,"turns":4},{"damage":27,"enemies":"3 Cultists","floor":29,"turns":4},{"damage":43,"enemies":"Cultist and Chosen","floor":30,"turns":8},{"damage":10,"enemies":"Shelled Parasite and Fungi","floor":31,"turns":5},{"damage":31,"enemies":"Collector","floor":33,"turns":7},{"damage":21,"enemies":"Flame Bruiser 1 Orb","floor":35,"turns":4},{"damage":1,"enemies":"3 Darklings","floor":36,"turns":5},{"damage":0,"enemies":"4 Shapes","floor":38,"turns":3},{"damage":8,"enemies":"Transient","floor":41,"turns":5},{"damage":34,"enemies":"Flame Bruiser 2 Orb","floor":46,"turns":5},{"damage":77,"enemies":"Giant Head","floor":47,"turns":7}],"seed_played":"-2418650760997146739","potions_obtained":[{"floor":2,"key":"FocusPotion"},{"floor":10,"key":"PowerPotion"},{"floor":14,"key":"Swift Potion"},{"floor":20,"key":"Explosive Potion"},{"floor":28,"key":"Dexterity Potion"},{"floor":29,"key":"SkillPotion"},{"floor":30,"key":"GamblersBrew"},{"floor":31,"key":"PowerPotion"},{"floor":33,"key":"Energy Potion"}],"is_trial":false,"path_per_floor":["M","M","$","M","?","R","M","R","T","M","M","?","T","M","R","B",null,"M","M","M","$","M","R","E","?","T","M","M","M","M","M","R","B",null,"M","M","$","M","$","R","M","R","T","?","?","M"],"character_chosen":"DEFECT","items_purchased":["Rainbow","Defragment","Self Repair","BootSequence","Oddly Smooth Stone"],"campfire_rested":3,"item_purchase_floors":[3,3,21,21,37],"current_hp_per_floor":[62,62,62,57,57,57,57,57,57,44,38,38,38,27,47,43,68,61,61,42,42,31,51,19,19,29,57,49,46,31,41,57,37,57,42,57,57,57,57,57,57,57,57,50,50,35,0],"gold":281,"neow_bonus":"TWO_FIFTY_GOLD","is_prod":false,"is_daily":false,"chose_seed":false,"campfire_upgraded":4,"win_rate":0,"timestamp":1535544227,"path_taken":["M","M","$","M","?","R","M","R","T","M","M","?","?","M","R","BOSS","M","?","M","$","M","R","E","?","T","M","M","M","?","?","R","BOSS","M","M","$","?","$","R","M","R","T","?","?","M","E"],"build_version":"2018-08-23v2","purchased_purges":3,"victory":false,"max_hp_per_floor":[68,68,68,68,68,68,68,68,68,68,68,68,68,68,68,68,68,68,68,68,68,68,68,68,47,57,57,57,57,57,57,57,57,57,57,57,57,57,57,57,57,57,57,57,57,57,57],"card_choices":[{"not_picked":["Cold Snap","Beam Cell"],"picked":"Conserve Battery","floor":1},{"not_picked":["Double Energy","Loop"],"picked":"Ball Lightning","floor":2},{"not_picked":["Hello World","Coolheaded","Beam Cell"],"picked":"SKIP","floor":4},{"not_picked":["Steam","Scrape","Undo"],"picked":"SKIP","floor":7},{"not_picked":["Coolheaded","Thunder Strike"],"picked":"Ball Lightning","floor":10},{"not_picked":["Redo","Rebound"],"picked":"Leap","floor":11},{"not_picked":["Gash","Coolheaded","Steam"],"picked":"SKIP","floor":14},{"not_picked":["Rainbow","Biased Cognition"],"picked":"Echo Form","floor":16},{"not_picked":["Conserve Battery","Streamline"],"picked":"Hologram+1","floor":18},{"not_picked":["Consume+1","Reinforced Body+1"],"picked":"Leap+1","floor":19},{"not_picked":["Turbo","Conserve Battery"],"picked":"Melter","floor":20},{"not_picked":["Compile Driver","Cold Snap+1","Recycle"],"picked":"SKIP","floor":22},{"not_picked":["Reprogram","Hello World"],"picked":"Ball Lightning+1","floor":24},{"not_picked":["Go for the Eyes","Turbo+1"],"picked":"Sweeping Beam+1","floor":27},{"not_picked":["Conserve Battery","Stack"],"picked":"Barrage+1","floor":28},{"not_picked":["Chaos+1","Sunder"],"picked":"Capacitor+1","floor":29},{"not_picked":["Hologram","Sunder"],"picked":"Storm+1","floor":30},{"not_picked":["Stack","Gash","Cold Snap"],"picked":"SKIP","floor":31},{"not_picked":["All For One","Fission"],"picked":"Electrodynamics","floor":33},{"not_picked":["Undo+1","Conserve Battery"],"picked":"BootSequence","floor":35},{"not_picked":["Cold Snap","Go for the Eyes","Hologram"],"picked":"SKIP","floor":36},{"not_picked":["Fusion+1","Sweeping Beam","Redo"],"picked":"SKIP","floor":38},{"not_picked":["Skim","Blizzard","Conserve Battery"],"picked":"SKIP","floor":41},{"not_picked":["Cold Snap","Steam+1","Self Repair+1"],"picked":"SKIP","floor":46}],"player_experience":127659,"relics_obtained":[{"floor":9,"key":"Torii"},{"floor":13,"key":"Ornamental Fan"},{"floor":24,"key":"Bottled Tornado"},{"floor":26,"key":"Pear"},{"floor":43,"key":"Toxic Egg 2"}],"event_choices":[{"event_name":"Golden Idol","player_choice":"Take Wound","floor":5,"damage_taken":0},{"event_name":"Living Wall","player_choice":"Forget","floor":12,"damage_taken":0},{"event_name":"Vampires","player_choice":"Became a vampire","floor":25,"damage_taken":0},{"event_name":"Winding Halls","player_choice":"Embrace Madness","floor":44,"damage_taken":0},{"event_name":"Falling","player_choice":"Removed Skill","floor":45,"damage_taken":0}],"is_beta":false,"boss_relics":[{"not_picked":["Ectoplasm","Coffee Dripper"],"picked":"Cursed Key"},{"not_picked":["Tiny House","Runic Pyramid"],"picked":"Sozu"}],"items_purged_floors":[3,21,37],"is_endless":false,"potions_floor_spawned":[2,10,14,20,28,29,30,31,33,36],"killed_by":"Giant Head","ascension_level":3}