{"gold_per_floor":[116,127,147,161,161,161,175,175,175,175,206,222,73,93,93,93],"floor_reached":16,"playtime":566,"items_purged":["Strike_B"],"score":139,"play_id":"98da369d-6158-4327-b433-008f6a668127","local_time":"20180827110638","is_ascension_mode":true,"campfire_choices":[{"data":"Double Energy","floor":6,"key":"SMITH"},{"floor":8,"key":"REST"},{"floor":15,"key":"REST"}],"neow_cost":"NONE","seed_source_timestamp":81274337416061,"circlet_count":0,"master_deck":["Strike_B","Strike_B","Strike_B","Defend_B","Defend_B","Defend_B","Zap","Dualcast","Genetic Algorithm","Double Energy+1","Ball Lightning","Capacitor"],"relics":["Cracked Core","Gremlin Horn","Pear","Pantograph"],"potions_floor_usage":[11,16],"damage_taken":[{"damage":1,"enemies":"Cultist","floor":1,"turns":4},{"damage":10,"enemies":"Small Slimes","floor":2,"turns":3},{"damage":2,"enemies":"Jaw Worm","floor":3,"turns":3},{"damage":10,"enemies":"Blue Slaver","floor":4,"turns":4},{"damage":19,"enemies":"3 Louse","floor":7,"turns":3},{"damage":38,"enemies":"3 Sentries","floor":11,"turns":10},{"damage":13,"enemies":"Gremlin Gang","floor":12,"turns":4},{"damage":4,"enemies":"Red Slaver","floor":14,"turns":3},{"damage":57,"enemies":"The Guardian","floor":16,"turns":9}],"seed_played":"6633189834494275415","potions_obtained":[{"floor":1,"key":"Block Potion"},{"floor":7,"key":"GamblersBrew"},{"floor":14,"key":"AttackPotion"}],"is_trial":false,"path_per_floor":["M","M","M","M","?","R","M","R","T","?","E","M","$","M","R"],"character_chosen":"DEFECT","items_purchased":["Capacitor"],"campfire_rested":2,"item_purchase_floors":[13],"current_hp_per_floor":[74,64,62,52,57,57,38,62,62,60,22,9,9,5,32,0],"gold":93,"neow_bonus":"REMOVE_CARD","is_prod":false,"is_daily":false,"chose_seed":false,"campfire_upgraded":1,"win_rate":0,"timestamp":1535357198,"path_taken":["M","M","M","?","?","R","M","R","T","?","E","M","?","?","R","BOSS"],"build_version":"2018-08-23v2","purchased_purges":1,"victory":false,"max_hp_per_floor":[75,75,75,75,80,80,80,80,80,90,90,90,90,90,90,90],"card_choices":[{"not_picked":["Force Field","Coolheaded","Streamline"],"picked":"SKIP","floor":1},{"not_picked":["Cold Snap","Blizzard","Go for the Eyes"],"picked":"SKIP","floor":2},{"not_picked":["Force Field","Recycle"],"picked":"Genetic Algorithm","floor":3},{"not_picked":["Sunder","Gash"],"picked":"Double Energy","floor":4},{"not_picked":["Aggregate","Go for the Eyes","Blizzard"],"picked":"SKIP","floor":7},{"not_picked":["Fusion","Rip and Tear"],"picked":"Ball Lightning","floor":11},{"not_picked":["Rebound","Streamline","Cold Snap"],"picked":"SKIP","floor":12},{"not_picked":["Gash","Turbo","Rebound"],"picked":"SKIP","floor":14}],"player_experience":105801,"relics_obtained":[{"floor":9,"key":"Gremlin Horn"},{"floor":11,"key":"Pantograph"}],"event_choices":[{"event_name":"Big Fish","player_choice":"Donut","floor":5,"damage_taken":0},{"event_name":"Scrap Ooze","player_choice":"success","floor":10,"damage_taken":12}],"is_beta":false,"boss_relics":[],"items_purged_floors":[13],"is_endless":false,"potions_floor_spawned":[1,7,14],"killed_by":"The Guardian","ascension_level":2}