{"gold_per_floor":[16,191,191,208,222,222,254,254,277,289,289,10,23,0,0,0],"floor_reached":16,"playtime":837,"items_purged":["Strike_R"],"score":160,"play_id":"c1298dbd-dbd2-4562-9d05-581ad2fffcb1","local_time":"20190607005404","is_ascension_mode":true,"campfire_choices":[{"data":"Bash","floor":6,"key":"SMITH"},{"data":"Barricade","floor":8,"key":"SMITH"},{"data":"Entrench","floor":11,"key":"SMITH"},{"floor":15,"key":"REST"}],"neow_cost":"NO_GOLD","seed_source_timestamp":14791469405500,"circlet_count":0,"master_deck":["Strike_R","Strike_R","Strike_R","Strike_R","Defend_R","Defend_R","Defend_R","Defend_R","Bash+1","Doubt","Combust","Pommel Strike","Barricade+1","Entrench+1","Impervious"],"relics":["Burning Blood","Potion Belt","Regal Pillow","Membership Card"],"potions_floor_usage":[16,16,16],"damage_taken":[{"damage":8,"enemies":"2 Louse","floor":1,"turns":3},{"damage":4,"enemies":"Small Slimes","floor":4,"turns":5},{"damage":4,"enemies":"Cultist","floor":5,"turns":4},{"damage":42,"enemies":"Gremlin Nob","floor":7,"turns":5},{"damage":14,"enemies":"Red Slaver","floor":10,"turns":5},{"damage":25,"enemies":"2 Fungi Beasts","floor":13,"turns":4},{"damage":96,"enemies":"Hexaghost","floor":16,"turns":14}],"seed_played":"5385261418410537475","potions_obtained":[{"floor":3,"key":"SmokeBomb"},{"floor":3,"key":"Fruit Juice"},{"floor":3,"key":"FairyPotion"},{"floor":7,"key":"Dexterity Potion"},{"floor":10,"key":"BloodPotion"}],"is_trial":false,"path_per_floor":["M","?","?","M","M","R","E","R","T","M","R","$","M","?","R","B"],"character_chosen":"IRONCLAD","items_purchased":["Membership Card","Impervious"],"campfire_rested":1,"item_purchase_floors":[12,12],"current_hp_per_floor":[86,86,86,88,90,90,54,54,54,46,46,46,27,27,70,0],"gold":0,"neow_bonus":"TWENTY_PERCENT_HP_BONUS","is_prod":false,"is_daily":false,"chose_seed":false,"campfire_upgraded":3,"win_rate":0,"timestamp":1559858044,"path_taken":["M","?","?","?","M","R","E","R","T","M","R","?","M","?","R","BOSS"],"build_version":"2019-01-23","purchased_purges":1,"victory":false,"max_hp_per_floor":[96,96,96,96,96,96,96,96,96,96,96,96,96,96,96,101],"card_choices":[{"not_picked":["Havoc","Twin Strike","Dual Wield"],"picked":"SKIP","floor":1},{"not_picked":["Sever Soul","Warcry"],"picked":"Combust","floor":4},{"not_picked":["Body Slam","Heavy Blade"],"picked":"Pommel Strike","floor":5},{"not_picked":["Rage","Twin Strike"],"picked":"Barricade","floor":7},{"not_picked":["Rage","True Grit"],"picked":"Entrench","floor":10},{"not_picked":["Perfected Strike","Double Tap","Searing Blow"],"picked":"SKIP","floor":13}],"player_experience":172911,"relics_obtained":[{"floor":7,"key":"Potion Belt"},{"floor":9,"key":"Regal Pillow"}],"event_choices":[{"damage_healed":0,"gold_gain":175,"player_choice":"AGREE","damage_taken":0,"max_hp_gain":0,"max_hp_loss":0,"event_name":"Liars Game","floor":2,"gold_loss":0,"cards_obtained":["Doubt"]},{"damage_healed":0,"gold_gain":0,"player_choice":"Got Potions","damage_taken":0,"max_hp_gain":0,"max_hp_loss":0,"event_name":"Lab","floor":3,"gold_loss":0},{"damage_healed":0,"gold_gain":0,"player_choice":"Left Gold","damage_taken":0,"max_hp_gain":0,"max_hp_loss":0,"event_name":"World of Goop","floor":14,"gold_loss":23}],"is_beta":false,"boss_relics":[],"items_purged_floors":[12],"is_endless":false,"potions_floor_spawned":[4,7,10],"killed_by":"Hexaghost","ascension_level":7}