{"gold_per_floor":[127,139,162,189,201,242,254,276,288,300,277,289,318,355,367,451,463,495,525,554,73,73],"floor_reached":22,"playtime":1702,"items_purged":["Strike_B"],"score":333,"play_id":"1079f842-6eaa-44aa-9e4d-1cc3ea0fc5b4","local_time":"20190605122923","is_ascension_mode":true,"campfire_choices":[{"data":"Go for the Eyes","floor":7,"key":"SMITH"},{"data":"Hologram","floor":10,"key":"SMITH"},{"data":"Defend_B","floor":15,"key":"SMITH"}],"neow_cost":"NONE","seed_source_timestamp":1390594942922565,"circlet_count":0,"master_deck":["AscendersBane","Strike_B","Strike_B","Defend_B+1","Defend_B","Defend_B","Defend_B","Zap","Dualcast","Sweeping Beam","Go for the Eyes+1","Conserve Battery","Conserve Battery","Hologram+1","Glacier","Echo Form","Defragment"],"relics":["Cracked Core","MawBank","Art of War","Omamori","Dodecahedron","Matryoshka","Snecko Eye","Chemical X","Potion Belt"],"potions_floor_usage":[6,6,22],"damage_taken":[{"damage":1,"enemies":"Cultist","floor":1,"turns":3},{"damage":8,"enemies":"Small Slimes","floor":3,"turns":3},{"damage":0,"enemies":"2 Louse","floor":4,"turns":2},{"damage":8,"enemies":"Lagavulin","floor":6,"turns":7},{"damage":0,"enemies":"2 Fungi Beasts","floor":8,"turns":3},{"damage":0,"enemies":"Red Slaver","floor":13,"turns":4},{"damage":8,"enemies":"3 Sentries","floor":14,"turns":7},{"damage":37,"enemies":"The Guardian","floor":16,"turns":21},{"damage":0,"enemies":"Spheric Guardian","floor":18,"turns":5},{"damage":7,"enemies":"3 Byrds","floor":19,"turns":7},{"damage":20,"enemies":"Snake Plant","floor":20,"turns":9},{"damage":31,"enemies":"3 Cultists","floor":22,"turns":6}],"seed_played":"-4656491740440345500","potions_obtained":[{"floor":3,"key":"Fire Potion"},{"floor":4,"key":"SkillPotion"},{"floor":13,"key":"Swift Potion"},{"floor":14,"key":"SteroidPotion"},{"floor":19,"key":"EssenceOfSteel"}],"is_trial":false,"path_per_floor":["M","T","M","M","?","E","R","M","T","R","?","$","M","E","R","B",null,"M","M","M","$","M"],"character_chosen":"DEFECT","items_purchased":["Defragment","Chemical X","Potion Belt"],"campfire_rested":0,"item_purchase_floors":[21,21,21],"current_hp_per_floor":[63,63,55,55,48,40,40,40,40,40,57,57,57,49,49,12,56,56,49,29,29,0],"gold":73,"neow_bonus":"RANDOM_COMMON_RELIC","is_prod":false,"is_daily":false,"chose_seed":false,"campfire_upgraded":3,"win_rate":0,"timestamp":1559752163,"path_taken":["M","?","M","M","?","E","R","M","T","R","?","$","M","E","R","BOSS","M","M","M","$","M"],"build_version":"2019-01-23","purchased_purges":1,"victory":false,"max_hp_per_floor":[71,71,71,71,71,71,71,71,71,71,71,71,71,71,71,71,71,71,71,71,71,71],"card_choices":[{"not_picked":["Redo","Recycle"],"picked":"Sweeping Beam","floor":1},{"not_picked":["Ball Lightning","Static Discharge"],"picked":"Go for the Eyes","floor":3},{"not_picked":["Scrape","Stack"],"picked":"Conserve Battery","floor":4},{"not_picked":["Redo","Turbo"],"picked":"Conserve Battery","floor":6},{"not_picked":["Darkness","Hello World"],"picked":"Hologram","floor":8},{"not_picked":["Turbo","Barrage","Go for the Eyes"],"picked":"SKIP","floor":13},{"not_picked":["Undo","Ball Lightning"],"picked":"Glacier","floor":14},{"not_picked":["Machine Learning","Thunder Strike"],"picked":"Echo Form","floor":16},{"not_picked":["Rebound","Go for the Eyes","Cold Snap"],"picked":"SKIP","floor":18},{"not_picked":["Steam","Ball Lightning","Streamline"],"picked":"SKIP","floor":19},{"not_picked":["Compile Driver","Tempest","Ball Lightning"],"picked":"SKIP","floor":20}],"player_experience":737905,"relics_obtained":[{"floor":2,"key":"Art of War"},{"floor":6,"key":"Omamori"},{"floor":9,"key":"Dodecahedron"},{"floor":14,"key":"Matryoshka"}],"event_choices":[{"cards_removed":["Strike_B"],"damage_healed":0,"gold_gain":0,"player_choice":"Card Removal","damage_taken":7,"max_hp_gain":0,"max_hp_loss":0,"event_name":"Golden Wing","floor":5,"gold_loss":0},{"damage_healed":17,"gold_gain":0,"player_choice":"Healed","damage_taken":0,"max_hp_gain":0,"max_hp_loss":0,"event_name":"The Cleric","floor":11,"gold_loss":35}],"is_beta":false,"boss_relics":[{"not_picked":["Pandora\u0027s Box","Orrery"],"picked":"Snecko Eye"}],"items_purged_floors":[21],"is_endless":false,"potions_floor_spawned":[3,4,13,14,16,19,20],"killed_by":"3 Cultists","ascension_level":14}