{"gold_per_floor":[113,63,63,79,97,97,116,116,140,158,158,168,168,168,168,272,272,287,298,318,338,338,338,308,22,49,49,49,60,60,73,73,171,171,190,207,207,226,226,253,273,290,290,39,39,54,73,73,73,73],"floor_reached":50,"playtime":2640,"items_purged":["Strike_R"],"score":468,"play_id":"8e676aad-2ba3-4d6a-ac67-f131fe597158","local_time":"20180818050911","is_ascension_mode":false,"campfire_choices":[{"data":"Feel No Pain","floor":6,"key":"SMITH"},{"data":"Corruption","floor":11,"key":"SMITH"},{"data":"Demon Form","floor":13,"key":"SMITH"},{"floor":15,"key":"REST"},{"floor":23,"key":"REST"},{"floor":27,"key":"REST"},{"data":"RitualDagger","floor":32,"key":"SMITH"},{"floor":45,"key":"REST"},{"data":"Immolate","floor":49,"key":"SMITH"}],"neow_cost":"NONE","seed_source_timestamp":282033401266791,"circlet_count":0,"master_deck":["Strike_R","Defend_R","Defend_R","Bash","Thunderclap","Feel No Pain+1","Demon Form+1","True Grit","Immolate+1","Pommel Strike+1","Pommel Strike+1","Infernal Blade","Cleave","Thunderclap+1","RitualDagger+1","Disarm","Reaper","Combust+1","Disarm+1","Offering+1","Intimidate+1","Entrench+1","Rage","Shrug It Off","True Grit+1","Warcry","Warcry+1"],"relics":["Burning Blood","NeowsBlessing","Pen Nib","Bag of Marbles","Busted Crown","Meat on the Bone","Regal Pillow","Astrolabe","Red Skull","Darkstone Periapt","Oddly Smooth Stone"],"potions_floor_usage":[16,16,16,21,33,33,33,40,50],"damage_taken":[{"damage":0,"enemies":"2 Louse","floor":1,"turns":1},{"damage":0,"enemies":"Jaw Worm","floor":4,"turns":1},{"damage":0,"enemies":"Cultist","floor":5,"turns":1},{"damage":38,"enemies":"Exordium Thugs","floor":7,"turns":5},{"damage":12,"enemies":"Blue Slaver","floor":10,"turns":4},{"damage":0,"enemies":"Large Slime","floor":12,"turns":4},{"damage":53,"enemies":"Hexaghost","floor":16,"turns":6},{"damage":32,"enemies":"2 Thieves","floor":18,"turns":4},{"damage":20,"enemies":"Spheric Guardian","floor":19,"turns":4},{"damage":0,"enemies":"Snecko","floor":20,"turns":3},{"damage":30,"enemies":"Centurion and Healer","floor":21,"turns":4},{"damage":21,"enemies":"Snake Plant","floor":29,"turns":2},{"damage":5,"enemies":"Cultist and Chosen","floor":31,"turns":3},{"damage":67,"enemies":"Automaton","floor":33,"turns":8},{"damage":21,"enemies":"Orb Walker","floor":35,"turns":3},{"damage":47,"enemies":"3 Darklings","floor":36,"turns":4},{"damage":20,"enemies":"Sphere and 2 Shapes","floor":38,"turns":4},{"damage":78,"enemies":"Giant Head","floor":40,"turns":7},{"damage":24,"enemies":"Spire Growth","floor":41,"turns":3},{"damage":35,"enemies":"Maw","floor":42,"turns":6},{"damage":17,"enemies":"Transient","floor":46,"turns":5},{"damage":32,"enemies":"Flame Bruiser 2 Orb","floor":47,"turns":5},{"damage":124,"enemies":"Awakened One","floor":50,"turns":9}],"seed_played":"5128178960634367304","potions_obtained":[{"floor":5,"key":"Energy Potion"},{"floor":7,"key":"Fire Potion"},{"floor":12,"key":"EssenceOfSteel"},{"floor":18,"key":"Explosive Potion"},{"floor":21,"key":"Fire Potion"},{"floor":24,"key":"Swift Potion"},{"floor":24,"key":"EssenceOfSteel"},{"floor":31,"key":"BloodPotion"},{"floor":36,"key":"Regen Potion"},{"floor":42,"key":"SmokeBomb"},{"floor":46,"key":"Block Potion"}],"is_trial":false,"path_per_floor":["M","?","?","M","M","R","M","$","T","M","R","M","R","?","R","B",null,"M","M","M","M","?","R","?","$","T","R","$","M","?","M","R","B",null,"M","M","?","M","?","E","M","M","T","$","R","M","M","?","R"],"character_chosen":"IRONCLAD","items_purchased":["Meat on the Bone","Cleave","Oddly Smooth Stone","Warcry"],"campfire_rested":4,"item_purchase_floors":[25,25,44,44],"current_hp_per_floor":[80,80,80,80,80,80,48,48,48,42,42,48,48,48,72,25,80,54,40,46,22,22,46,46,46,46,80,80,65,59,60,60,19,80,65,51,51,49,49,25,29,26,26,26,65,54,48,80,80,0],"gold":73,"neow_bonus":"THREE_ENEMY_KILL","is_prod":false,"is_daily":false,"chose_seed":false,"campfire_upgraded":5,"win_rate":0.0,"timestamp":1534558151,"path_taken":["M","?","?","?","M","R","M","$","T","M","R","M","R","?","R","BOSS","M","M","M","M","?","R","?","$","T","R","$","?","?","M","R","BOSS","M","M","?","M","?","E","M","M","T","?","R","?","M","?","R","BOSS"],"build_version":"2018-08-16","purchased_purges":1,"victory":false,"max_hp_per_floor":[80,80,80,80,80,80,80,80,80,80,80,80,80,80,80,80,80,80,80,80,80,80,80,80,80,80,80,80,80,80,80,80,80,80,80,80,80,80,80,80,80,80,80,80,80,80,80,80,80,80],"card_choices":[{"not_picked":["Blood for Blood","Perfected Strike"],"picked":"Thunderclap","floor":1},{"not_picked":["Sever Soul","Thunderclap"],"picked":"Feel No Pain","floor":4},{"not_picked":["Anger","Twin Strike"],"picked":"Ghostly Armor","floor":5},{"not_picked":["Evolve","Wild Strike"],"picked":"Demon Form","floor":7},{"not_picked":["Wild Strike","Heavy Blade"],"picked":"Corruption","floor":10},{"not_picked":["Reckless Charge","Wild Strike"],"picked":"True Grit","floor":12},{"not_picked":["Brutality","Dark Embrace"],"picked":"Immolate","floor":16},{"not_picked":[],"picked":"Pommel Strike+1","floor":18},{"not_picked":[],"picked":"Pommel Strike+1","floor":19},{"not_picked":["True Grit"],"picked":"SKIP","floor":20},{"not_picked":[],"picked":"Infernal Blade","floor":21},{"not_picked":[],"picked":"Thunderclap+1","floor":29},{"not_picked":[],"picked":"Disarm","floor":31},{"not_picked":[],"picked":"Reaper","floor":33},{"not_picked":[],"picked":"Intimidate+1","floor":35},{"not_picked":["Carnage"],"picked":"SKIP","floor":36},{"not_picked":[],"picked":"Entrench+1","floor":38},{"not_picked":[],"picked":"Rage","floor":40},{"not_picked":[],"picked":"Shrug It Off","floor":41},{"not_picked":[],"picked":"True Grit+1","floor":42},{"not_picked":[],"picked":"Warcry+1","floor":46},{"not_picked":["Sever Soul"],"picked":"SKIP","floor":47}],"player_experience":30812,"relics_obtained":[{"floor":9,"key":"Pen Nib"},{"floor":26,"key":"Regal Pillow"},{"floor":40,"key":"Red Skull"},{"floor":43,"key":"Darkstone Periapt"}],"event_choices":[{"event_name":"The Cleric","player_choice":"Card Removal","floor":2,"damage_taken":0},{"event_name":"Living Wall","player_choice":"Forget","floor":3,"damage_taken":0},{"event_name":"Big Fish","player_choice":"Box","floor":14,"damage_taken":0},{"event_name":"Ghosts","player_choice":"Ignored","floor":22,"damage_taken":0},{"event_name":"The Woman in Blue","player_choice":"Bought 2 Potions","floor":24,"damage_taken":0},{"event_name":"Nest","player_choice":"Joined the Cult","floor":30,"damage_taken":0},{"event_name":"Fountain of Cleansing","player_choice":"Removed Curse","floor":37,"damage_taken":0},{"event_name":"Falling","player_choice":"Removed Skill","floor":39,"damage_taken":0},{"event_name":"Bonfire Elementals","player_choice":"UNCOMMON","floor":48,"damage_taken":0}],"is_beta":false,"boss_relics":[{"not_picked":["Orrery","Runic Cube"],"picked":"Busted Crown"},{"not_picked":["Coffee Dripper","Philosopher\u0027s Stone"],"picked":"Astrolabe"}],"items_purged_floors":[44],"is_endless":false,"potions_floor_spawned":[5,7,12,18,21,31,36,42,46],"killed_by":"Awakened One","ascension_level":0}