{"gold_per_floor":[112,112,112,37,112,112,62,94,94,94,109,140,64,76,76,76],"floor_reached":16,"playtime":490,"items_purged":[],"score":143,"play_id":"c46b1c81-4a68-47c6-a3d3-0f0859f4cff7","local_time":"20190603211444","is_ascension_mode":true,"campfire_choices":[{"floor":6,"key":"REST"},{"floor":10,"key":"REST"},{"floor":15,"key":"REST"}],"neow_cost":"NONE","seed_source_timestamp":15332941502100,"circlet_count":0,"master_deck":["Strike_B","Strike_B","Defend_B","Defend_B","Defend_B","Defend_B","Zap","Dualcast","Ball Lightning","Capacitor","Ball Lightning","Sweeping Beam","Stack","Self Repair","Undo"],"relics":["Cracked Core","Juzu Bracelet","Bottled Flame","Sundial","Dead Branch"],"potions_floor_usage":[12],"damage_taken":[{"damage":2,"enemies":"Jaw Worm","floor":1,"turns":3},{"damage":50,"enemies":"3 Sentries","floor":8,"turns":7},{"damage":0,"enemies":"Small Slimes","floor":11,"turns":2},{"damage":15,"enemies":"Lagavulin","floor":12,"turns":7},{"damage":0,"enemies":"2 Louse","floor":14,"turns":2},{"damage":41,"enemies":"Slime Boss","floor":16,"turns":7}],"seed_played":"3518705155241707150","potions_obtained":[{"floor":0,"key":"FairyPotion"},{"floor":0,"key":"Dexterity Potion"},{"floor":0,"key":"Poison Potion"},{"floor":12,"key":"FocusPotion"},{"floor":14,"key":"AttackPotion"}],"is_trial":false,"path_per_floor":["M","?","?","$","?","R","?","E","T","R","M","E","$","M","R","B"],"character_chosen":"DEFECT","items_purchased":["Capacitor","Self Repair"],"campfire_rested":3,"item_purchase_floors":[4,13],"current_hp_per_floor":[66,59,47,47,36,58,58,8,8,30,30,15,15,15,37,0],"gold":76,"neow_bonus":"THREE_SMALL_POTIONS","is_prod":false,"is_daily":false,"chose_seed":false,"campfire_upgraded":0,"win_rate":0,"timestamp":1559576684,"path_taken":["M","?","?","$","?","R","?","E","T","R","M","E","$","M","R","BOSS"],"build_version":"2019-01-23","purchased_purges":0,"victory":false,"max_hp_per_floor":[75,75,75,75,75,75,75,75,75,75,75,75,75,75,75,75],"card_choices":[{"not_picked":["Rip and Tear","Undo"],"picked":"Ball Lightning","floor":1},{"not_picked":["Leap","Double Energy"],"picked":"Ball Lightning","floor":8},{"not_picked":["Steam","Double Energy"],"picked":"Sweeping Beam","floor":11},{"not_picked":["Storm","Reboot"],"picked":"Stack","floor":12},{"not_picked":["Turbo","Heatsinks"],"picked":"Undo","floor":14}],"player_experience":259434,"relics_obtained":[{"floor":8,"key":"Bottled Flame"},{"floor":9,"key":"Sundial"},{"floor":12,"key":"Dead Branch"}],"event_choices":[{"cards_removed":["Strike_B"],"damage_healed":0,"gold_gain":0,"player_choice":"Card Removal","damage_taken":7,"max_hp_gain":0,"max_hp_loss":0,"event_name":"Golden Wing","floor":2,"gold_loss":0},{"damage_healed":0,"gold_gain":0,"player_choice":"Success","damage_taken":12,"relics_obtained":["Juzu Bracelet"],"max_hp_gain":0,"max_hp_loss":0,"event_name":"Scrap Ooze","floor":3,"gold_loss":0},{"damage_healed":0,"gold_gain":75,"player_choice":"Gather Gold","damage_taken":11,"max_hp_gain":0,"max_hp_loss":0,"event_name":"World of Goop","floor":5,"gold_loss":0},{"cards_removed":["Strike_B"],"damage_healed":0,"gold_gain":0,"player_choice":"Card Removal","damage_taken":0,"max_hp_gain":0,"max_hp_loss":0,"event_name":"The Cleric","floor":7,"gold_loss":50}],"is_beta":false,"boss_relics":[],"items_purged_floors":[],"is_endless":false,"potions_floor_spawned":[8,12,14],"killed_by":"Slime Boss","ascension_level":7}