{"gold_per_floor":[116,130,146,146,163,191,191,216,216,216,216,24,40,40,40,141,141,154,167,185,204,303,632,632,661,661,661,314,314,314,324,324,427,427,447,457,477,352,352,352,379,379,379,379,379,391,391,410,410,410],"floor_reached":51,"playtime":1620,"items_purged":["Defend_R","Strike_R","Strike_R"],"score":1077,"play_id":"b4ddeb16-0421-4ef1-b60f-da27e25c1820","local_time":"20190611121840","is_ascension_mode":true,"campfire_choices":[{"floor":7,"key":"REST"},{"floor":15,"key":"REST"},{"data":"Perfected Strike","floor":24,"key":"SMITH"},{"data":"Perfected Strike","floor":27,"key":"SMITH"},{"data":"Perfected Strike","floor":32,"key":"SMITH"},{"floor":40,"key":"REST"},{"floor":42,"key":"REST"},{"data":"Trip","floor":45,"key":"SMITH"},{"floor":49,"key":"REST"}],"neow_cost":"NONE","seed_source_timestamp":400668929104200,"circlet_count":0,"master_deck":["Strike_R+1","Strike_R+1","Strike_R+1","Trip+1","Flame Barrier+1","Shrug It Off+1","Perfected Strike+1","Perfected Strike+1","Perfected Strike+1","Immolate+1","True Grit+1","Pommel Strike+1","Whirlwind+1","Perfected Strike+1","Twin Strike+1","Body Slam+1","Perfected Strike+1","Twin Strike+1","Perfected Strike+1","Iron Wave+1","Impervious+1","Uppercut+1","Entrench+1","Bludgeon+1","Wild Strike+1","Madness+1","Madness+1","Intimidate+1"],"relics":["Burning Blood","Shuriken","Gremlin Horn","Oddly Smooth Stone","Letter Opener","Self Forming Clay","Tiny Chest","Velvet Choker","Old Coin","Red Mask","Dodecahedron","Dream Catcher","Du-Vu Doll","Astrolabe","Mercury Hourglass","Happy Flower","Mark of the Bloom"],"potions_floor_usage":[16,21,21,33,36,41,50],"damage_taken":[{"damage":1,"enemies":"Cultist","floor":1,"turns":3},{"damage":8,"enemies":"Jaw Worm","floor":2,"turns":4},{"damage":7,"enemies":"2 Louse","floor":3,"turns":3},{"damage":7,"enemies":"Looter","floor":5,"turns":4},{"damage":24,"enemies":"Gremlin Nob","floor":6,"turns":4},{"damage":37,"enemies":"3 Sentries","floor":8,"turns":9},{"damage":0,"enemies":"Large Slime","floor":13,"turns":3},{"damage":20,"enemies":"Slime Boss","floor":16,"turns":8},{"damage":1,"enemies":"Shell Parasite","floor":18,"turns":2},{"damage":0,"enemies":"Spheric Guardian","floor":19,"turns":3},{"damage":12,"enemies":"Cultist and Chosen","floor":20,"turns":4},{"damage":15,"enemies":"Centurion and Healer","floor":21,"turns":3},{"damage":0,"enemies":"Gremlin Leader","floor":23,"turns":3},{"damage":5,"enemies":"Masked Bandits","floor":25,"turns":3},{"damage":0,"enemies":"Snake Plant","floor":31,"turns":1},{"damage":43,"enemies":"Collector","floor":33,"turns":4},{"damage":16,"enemies":"3 Darklings","floor":35,"turns":3},{"damage":8,"enemies":"3 Shapes","floor":36,"turns":2},{"damage":4,"enemies":"Spire Growth","floor":37,"turns":2},{"damage":40,"enemies":"Reptomancer","floor":41,"turns":4},{"damage":0,"enemies":"Jaw Worm Horde","floor":46,"turns":3},{"damage":0,"enemies":"Maw","floor":48,"turns":4},{"damage":56,"enemies":"Time Eater","floor":50,"turns":6}],"seed_played":"6785684362969154433","potions_obtained":[{"floor":1,"key":"Swift Potion"},{"floor":6,"key":"SneckoOil"},{"floor":13,"key":"Swift Potion"},{"floor":16,"key":"EssenceOfSteel"},{"floor":19,"key":"BloodPotion"},{"floor":20,"key":"BloodPotion"},{"floor":31,"key":"SkillPotion"},{"floor":33,"key":"Fire Potion"},{"floor":41,"key":"SteroidPotion"},{"floor":46,"key":"Swift Potion"}],"is_trial":false,"path_per_floor":["M","M","M","T","M","E","R","E","T","?","T","$","M","$","R","B",null,"M","M","M","M","?","E","R","?","T","R","$","T","?","M","R","B",null,"M","M","M","$","?","R","E","R","T","?","R","M","?","M","R","B",null],"character_chosen":"IRONCLAD","items_purchased":["Tiny Chest","Dream Catcher","Perfected Strike","Twin Strike"],"campfire_rested":5,"item_purchase_floors":[12,28,28,28],"current_hp_per_floor":[77,75,74,74,73,55,79,48,48,41,41,41,47,47,71,57,74,79,80,74,80,80,80,80,80,80,80,80,80,80,80,80,43,71,61,59,61,61,51,75,41,65,65,65,65,71,71,71,71,15],"gold":410,"neow_bonus":"RANDOM_COLORLESS","is_prod":false,"is_daily":false,"chose_seed":false,"campfire_upgraded":4,"win_rate":0,"timestamp":1560244720,"path_taken":["M","M","M","?","M","E","R","E","T","?","?","?","M","$","R","BOSS","M","M","M","M","?","E","R","?","T","R","?","?","?","M","R","BOSS","M","?","?","$","?","R","E","R","T","?","R","?","?","M","R","BOSS"],"build_version":"2019-01-23","purchased_purges":3,"victory":true,"max_hp_per_floor":[80,80,80,80,80,80,80,80,80,80,80,80,80,80,80,80,80,80,80,80,80,80,80,80,80,80,80,80,80,80,80,80,80,80,80,80,80,80,80,80,80,80,80,80,80,80,80,80,80,80],"card_choices":[{"not_picked":["Cleave","Shrug It Off"],"picked":"Flame Barrier","floor":1},{"not_picked":["Cleave","Reckless Charge"],"picked":"Shrug It Off","floor":2},{"not_picked":["Headbutt","Infernal Blade"],"picked":"Perfected Strike","floor":3},{"not_picked":["Anger","Dark Embrace"],"picked":"Perfected Strike","floor":5},{"not_picked":["Rage","Flex","Spot Weakness"],"picked":"SKIP","floor":6},{"not_picked":["Clash","True Grit","Havoc"],"picked":"SKIP","floor":8},{"not_picked":["Clash","Dropkick"],"picked":"Perfected Strike","floor":13},{"not_picked":["Demon Form","Feed"],"picked":"Immolate","floor":16},{"not_picked":["Second Wind","Iron Wave"],"picked":"True Grit","floor":18},{"not_picked":["Body Slam","Feel No Pain"],"picked":"Pommel Strike","floor":19},{"not_picked":["Thunderclap","Rampage"],"picked":"Whirlwind","floor":20},{"not_picked":["Pommel Strike","True Grit"],"picked":"Perfected Strike","floor":21},{"not_picked":["Flex","Bloodletting"],"picked":"Twin Strike","floor":23},{"not_picked":["Pummel","Cleave"],"picked":"Body Slam+1","floor":25},{"not_picked":["Anger","Pommel Strike"],"picked":"Iron Wave+1","floor":31},{"not_picked":["Dark Embrace","Exhume"],"picked":"Impervious","floor":33},{"not_picked":["Entrench+1","Cleave","Iron Wave+1"],"picked":"SKIP","floor":35},{"not_picked":["Hemokinesis","Clash+1"],"picked":"Wild Strike+1","floor":36},{"not_picked":["Feel No Pain","Iron Wave","True Grit"],"picked":"SKIP","floor":37},{"not_picked":["Feel No Pain","Warcry","Burning Pact+1"],"picked":"SKIP","floor":41},{"not_picked":["Uppercut","True Grit+1"],"picked":"Intimidate+1","floor":42},{"not_picked":["Metallicize+1","Carnage+1","Havoc+1"],"picked":"SKIP","floor":46},{"not_picked":["Flex+1","Sword Boomerang","Metallicize"],"picked":"SKIP","floor":48}],"player_experience":199070,"relics_obtained":[{"floor":4,"key":"Shuriken"},{"floor":6,"key":"Gremlin Horn"},{"floor":8,"key":"Oddly Smooth Stone"},{"floor":9,"key":"Letter Opener"},{"floor":11,"key":"Self Forming Clay"},{"floor":23,"key":"Old Coin"},{"floor":25,"key":"Red Mask"},{"floor":26,"key":"Dodecahedron"},{"floor":29,"key":"Du-Vu Doll"},{"floor":41,"key":"Mercury Hourglass"},{"floor":43,"key":"Happy Flower"}],"event_choices":[{"cards_removed":["Defend_R"],"damage_healed":0,"gold_gain":0,"player_choice":"Card Removal","damage_taken":7,"max_hp_gain":0,"max_hp_loss":0,"event_name":"Golden Wing","floor":10,"gold_loss":0},{"damage_healed":0,"gold_gain":99,"player_choice":"Stole From Cult","damage_taken":0,"max_hp_gain":0,"max_hp_loss":0,"event_name":"Nest","floor":22,"gold_loss":0},{"damage_healed":0,"gold_gain":0,"player_choice":"Fought Bandits","damage_taken":0,"max_hp_gain":0,"max_hp_loss":0,"event_name":"Masked Bandits","floor":25,"gold_loss":0},{"damage_healed":0,"gold_gain":0,"player_choice":"Copied","damage_taken":0,"max_hp_gain":0,"max_hp_loss":0,"event_name":"Duplicator","floor":30,"gold_loss":0,"cards_obtained":["Perfected Strike"]},{"damage_healed":0,"gold_gain":0,"player_choice":"Embrace Madness","damage_taken":10,"max_hp_gain":0,"max_hp_loss":0,"event_name":"Winding Halls","floor":39,"gold_loss":0,"cards_obtained":["Madness","Madness"]},{"damage_healed":0,"gold_gain":0,"player_choice":"Memory 1","damage_taken":0,"max_hp_gain":0,"max_hp_loss":0,"event_name":"SensoryStone","floor":44,"gold_loss":0},{"damage_healed":0,"gold_gain":0,"player_choice":"Upgrade","damage_taken":0,"relics_obtained":["Mark of the Bloom"],"max_hp_gain":0,"max_hp_loss":0,"event_name":"MindBloom","floor":47,"gold_loss":0,"cards_upgraded":["Strike_R","Strike_R","Strike_R","Flame Barrier","Shrug It Off","Perfected Strike","Perfected Strike","Immolate","True Grit","Pommel Strike","Whirlwind","Twin Strike","Twin Strike","Impervious","Madness","Madness"]}],"is_beta":false,"boss_relics":[{"not_picked":["Empty Cage","Calling Bell"],"picked":"Velvet Choker"},{"not_picked":["Black Blood","Pandora\u0027s Box"],"picked":"Astrolabe"}],"items_purged_floors":[12,28,38],"is_endless":false,"potions_floor_spawned":[1,6,13,16,19,20,31,33,41,46],"ascension_level":8}