{"gold_per_floor":[116,133,150,100,117,117,147,157,207,251,263,308,331,360,372,487,499,529,552,564,590,250,282,282,298,298,298,328,328,362,372,372,472,472,489,238,238,254,305,368,368,379,406,738,748,748,767,783,783,783,783,783,346,378,378],"floor_reached":56,"playtime":4648,"items_purged":["Strike_R","Strike_R","Strike_R"],"score":1739,"play_id":"0d4ee181-aa1b-47ae-8d5c-fa4efacf59a6","local_time":"20190603223317","is_ascension_mode":true,"campfire_choices":[{"data":"Carnage","floor":6,"key":"SMITH"},{"floor":11,"key":"REST"},{"floor":15,"key":"REST"},{"data":"Demon Form","floor":24,"key":"SMITH"},{"data":"True Grit","floor":29,"key":"SMITH"},{"data":"Juggernaut","floor":32,"key":"SMITH"},{"floor":46,"key":"RECALL"},{"data":"Disarm","floor":49,"key":"SMITH"},{"data":"Feel No Pain","floor":52,"key":"SMITH"}],"neow_cost":"NONE","seed_source_timestamp":15854331433200,"circlet_count":0,"master_deck":["Strike_R","Defend_R","Defend_R","Defend_R","Defend_R","Bash","Clothesline","Sword Boomerang","Feel No Pain+1","Carnage+1","Corruption","Battle Trance","True Grit+1","Armaments","Dark Embrace","Demon Form+1","Whirlwind+1","Heavy Blade","Juggernaut+1","Ghostly Armor","Headbutt","Barricade","Armaments+1","Disarm+1","Bludgeon+1","Apotheosis","Warcry+1","Body Slam+1","Shrug It Off+1","Feel No Pain+1","Rage+1","Metallicize","Intimidate+1"],"relics":["Burning Blood","Ancient Tea Set","MawBank","Question Card","Boot","Snecko Eye","Sling","Sundial","Bag of Preparation","MutagenicStrength","Ornamental Fan","Red Skull","Sozu","Pen Nib","Nunchaku","Tiny Chest","Old Coin","Whetstone","Anchor","Magic Flower"],"potions_floor_usage":[8,10,18,25,28,28,40,55,55],"damage_taken":[{"damage":6,"enemies":"Cultist","floor":1,"turns":4},{"damage":5,"enemies":"Jaw Worm","floor":2,"turns":4},{"damage":7,"enemies":"Small Slimes","floor":3,"turns":3},{"damage":13,"enemies":"2 Fungi Beasts","floor":5,"turns":4},{"damage":30,"enemies":"3 Sentries","floor":7,"turns":7},{"damage":6,"enemies":"3 Louse","floor":8,"turns":3},{"damage":32,"enemies":"Gremlin Nob","floor":10,"turns":4},{"damage":12,"enemies":"3 Sentries","floor":12,"turns":10},{"damage":17,"enemies":"Large Slime","floor":13,"turns":4},{"damage":9,"enemies":"Red Slaver","floor":14,"turns":4},{"damage":38,"enemies":"Slime Boss","floor":16,"turns":12},{"damage":12,"enemies":"2 Thieves","floor":18,"turns":4},{"damage":0,"enemies":"Spheric Guardian","floor":19,"turns":3},{"damage":13,"enemies":"Centurion and Healer","floor":21,"turns":4},{"damage":33,"enemies":"Slavers","floor":23,"turns":5},{"damage":13,"enemies":"Snecko","floor":25,"turns":3},{"damage":4,"enemies":"Book of Stabbing","floor":28,"turns":3},{"damage":0,"enemies":"Slavers","floor":30,"turns":1},{"damage":17,"enemies":"3 Cultists","floor":31,"turns":4},{"damage":0,"enemies":"Automaton","floor":33,"turns":5},{"damage":0,"enemies":"3 Shapes","floor":35,"turns":5},{"damage":8,"enemies":"3 Darklings","floor":38,"turns":5},{"damage":30,"enemies":"2 Orb Walkers","floor":39,"turns":5},{"damage":13,"enemies":"Giant Head","floor":40,"turns":5},{"damage":0,"enemies":"Spire Growth","floor":42,"turns":2},{"damage":33,"enemies":"Nemesis","floor":44,"turns":5},{"damage":0,"enemies":"4 Shapes","floor":45,"turns":5},{"damage":3,"enemies":"Maw","floor":47,"turns":4},{"damage":1,"enemies":"Writhing Mass","floor":48,"turns":4},{"damage":13,"enemies":"Donu and Deca","floor":50,"turns":5},{"damage":92,"enemies":"Shield and Spear","floor":54,"turns":5},{"damage":1,"enemies":"The Heart","floor":55,"turns":6}],"seed_played":"-7394892162439051084","potions_obtained":[{"floor":2,"key":"Explosive Potion"},{"floor":5,"key":"LiquidBronze"},{"floor":7,"key":"PowerPotion"},{"floor":12,"key":"LiquidBronze"},{"floor":16,"key":"Regen Potion"},{"floor":18,"key":"AttackPotion"},{"floor":25,"key":"LiquidBronze"},{"floor":28,"key":"Energy Potion"},{"floor":31,"key":"Dexterity Potion"}],"is_trial":false,"path_per_floor":["M","M","M","?","M","R","E","M","T","E","R","E","M","M","R","B",null,"M","M","?","M","$","E","R","M","T","?","E","R","E","M","R","B",null,"M","$","?","M","?","E","?","M","T","E","M","R","M","M","R","B",null,"R","$","E","B",null],"character_chosen":"IRONCLAD","items_purchased":["Ghostly Armor","Sling","Pen Nib","Whetstone","Anchor"],"campfire_rested":2,"item_purchase_floors":[22,22,36,53,53],"current_hp_per_floor":[80,81,80,80,73,73,49,49,49,23,49,43,32,29,55,23,72,78,84,84,77,77,50,50,43,43,43,45,45,51,40,40,46,78,84,84,74,72,48,41,98,98,98,71,77,77,80,85,85,78,93,93,93,7,15],"gold":378,"neow_bonus":"TEN_PERCENT_HP_BONUS","is_prod":false,"is_daily":false,"chose_seed":false,"campfire_upgraded":6,"win_rate":0,"timestamp":1559581397,"path_taken":["M","?","M","?","M","R","E","M","T","E","R","E","M","M","R","BOSS","M","M","?","M","$","E","R","M","T","?","E","R","E","M","R","BOSS","M","$","?","M","?","E","?","M","T","E","?","R","M","M","R","BOSS","R","$","E","BOSS"],"build_version":"2019-01-23","purchased_purges":3,"victory":true,"max_hp_per_floor":[88,88,88,88,88,88,88,88,88,88,88,88,88,88,88,88,88,88,88,88,88,88,88,88,88,88,88,88,88,88,88,88,88,88,88,88,88,88,88,88,98,98,98,98,98,98,98,98,98,98,98,98,98,98,98],"card_choices":[{"not_picked":["True Grit","Armaments"],"picked":"Clothesline","floor":1},{"not_picked":["Bloodletting","Warcry"],"picked":"Sword Boomerang","floor":2},{"not_picked":["Pommel Strike","Limit Break"],"picked":"Feel No Pain","floor":3},{"not_picked":["Second Wind","Wild Strike"],"picked":"Carnage","floor":5},{"not_picked":["Sword Boomerang","Clash"],"picked":"Corruption","floor":7},{"not_picked":["True Grit","Thunderclap"],"picked":"Battle Trance","floor":8},{"not_picked":["Bludgeon","Sever Soul"],"picked":"True Grit","floor":10},{"not_picked":["Sentinel","Feel No Pain","Thunderclap"],"picked":"Armaments","floor":12},{"not_picked":["Searing Blow","Heavy Blade","Corruption","True Grit"],"picked":"SKIP","floor":13},{"not_picked":["Second Wind","Havoc","Corruption"],"picked":"Dark Embrace","floor":14},{"not_picked":["Bludgeon","Feed","Barricade"],"picked":"Demon Form","floor":16},{"not_picked":["Cleave+1","Blood for Blood","Seeing Red"],"picked":"Whirlwind","floor":18},{"not_picked":["Perfected Strike","Flex","Havoc"],"picked":"Heavy Blade","floor":19},{"not_picked":["Burning Pact+1","Clothesline","Iron Wave"],"picked":"Juggernaut","floor":21},{"not_picked":["Perfected Strike","Sever Soul","Anger"],"picked":"Headbutt","floor":23},{"not_picked":["Wild Strike+1","Pommel Strike","Clothesline","Heavy Blade"],"picked":"SKIP","floor":25},{"not_picked":["Juggernaut","Dropkick","Cleave"],"picked":"Barricade","floor":28},{"not_picked":["Shrug It Off","Havoc+1","Uppercut"],"picked":"Armaments+1","floor":30},{"not_picked":["Anger","Cleave","Battle Trance"],"picked":"Disarm","floor":31},{"not_picked":["Immolate","Offering","Dark Embrace"],"picked":"Bludgeon","floor":33},{"not_picked":["Havoc+1","Cleave","Heavy Blade","Disarm"],"picked":"SKIP","floor":35},{"not_picked":["Secret Technique","Jack Of All Trades","Deep Breath"],"picked":"Apotheosis","floor":37},{"not_picked":["Purity","Trip","Bandage Up"],"picked":"Chrysalis","floor":37},{"not_picked":["Hemokinesis","Iron Wave+1","Clash+1","Sever Soul"],"picked":"SKIP","floor":38},{"not_picked":["Clash","Perfected Strike","Armaments"],"picked":"Warcry+1","floor":39},{"not_picked":["Dual Wield","Twin Strike","Armaments+1","Barricade"],"picked":"SKIP","floor":40},{"not_picked":["Anger+1","Perfected Strike","Reckless Charge+1"],"picked":"Body Slam+1","floor":42},{"not_picked":["Warcry","Heavy Blade+1","Twin Strike+1"],"picked":"Shrug It Off+1","floor":44},{"not_picked":["Pummel+1","Combust","Clothesline"],"picked":"Feel No Pain+1","floor":45},{"not_picked":["Armaments+1","Burning Pact+1","Flex+1"],"picked":"Rage+1","floor":47},{"not_picked":["Pummel","Twin Strike","Havoc"],"picked":"Metallicize","floor":48},{"not_picked":["Hemokinesis+1","Pummel","Havoc"],"picked":"Intimidate+1","floor":54}],"player_experience":259924,"relics_obtained":[{"floor":7,"key":"Ancient Tea Set"},{"floor":9,"key":"MawBank"},{"floor":10,"key":"Question Card"},{"floor":12,"key":"Boot"},{"floor":23,"key":"Sundial"},{"floor":26,"key":"Bag of Preparation"},{"floor":28,"key":"Ornamental Fan"},{"floor":30,"key":"Red Skull"},{"floor":39,"key":"Nunchaku"},{"floor":40,"key":"Tiny Chest"},{"floor":44,"key":"Old Coin"},{"floor":54,"key":"Magic Flower"}],"event_choices":[{"cards_removed":["Strike_R"],"damage_healed":0,"gold_gain":0,"player_choice":"Card Removal","damage_taken":0,"max_hp_gain":0,"max_hp_loss":0,"event_name":"The Cleric","floor":4,"gold_loss":50},{"damage_healed":0,"gold_gain":0,"player_choice":"Ignored","damage_taken":0,"max_hp_gain":0,"max_hp_loss":0,"event_name":"Ghosts","floor":20,"gold_loss":0},{"damage_healed":0,"gold_gain":0,"player_choice":"Inject Mutagens","damage_taken":0,"relics_obtained":["MutagenicStrength"],"max_hp_gain":0,"max_hp_loss":0,"event_name":"Drug Dealer","floor":27,"gold_loss":0},{"damage_healed":0,"gold_gain":0,"player_choice":"Memory 3","damage_taken":10,"max_hp_gain":0,"max_hp_loss":0,"event_name":"SensoryStone","floor":37,"gold_loss":0},{"damage_healed":0,"gold_gain":0,"player_choice":"Fight","damage_taken":0,"max_hp_gain":0,"max_hp_loss":0,"event_name":"Mysterious Sphere","floor":39,"gold_loss":0},{"cards_removed":["Chrysalis"],"damage_healed":47,"gold_gain":0,"player_choice":"Offered Rare","damage_taken":0,"max_hp_gain":10,"max_hp_loss":0,"event_name":"Bonfire Elementals","floor":41,"gold_loss":0}],"is_beta":false,"boss_relics":[{"not_picked":["Velvet Choker","Runic Cube"],"picked":"Snecko Eye"},{"not_picked":["Lizard Tail","Runic Dome"],"picked":"Sozu"}],"items_purged_floors":[22,36,53],"is_endless":false,"potions_floor_spawned":[2,5,7,12,16,18,25,28,31,35,40,42,45,54],"ascension_level":7}