{"gold_per_floor":[110,110,122,222,242,242,256,281,306,322,322,353,353,303,303,404,404,424,424,443,76,87,119,119,119,146,126,137,168,168,178,178,275,275,285,301,319,85,85,115,41,57,103,135,135,152,152,164,164,164,164,164,71,104,104],"floor_reached":55,"playtime":4743,"items_purged":["Pain"],"score":1108,"play_id":"a0f296b8-7afc-4597-9124-087972e6e4e8","local_time":"20190609135142","is_ascension_mode":true,"campfire_choices":[{"data":"Dagger Throw","floor":6,"key":"SMITH"},{"data":"Leg Sweep","floor":13,"key":"SMITH"},{"data":"Neutralize","floor":15,"key":"SMITH"},{"floor":24,"key":"REST"},{"floor":30,"key":"REST"},{"floor":32,"key":"RECALL"},{"floor":47,"key":"REST"},{"floor":49,"key":"REST"},{"floor":52,"key":"REST"}],"neow_cost":"NONE","seed_source_timestamp":40574802836400,"circlet_count":0,"master_deck":["Defend_G","Defend_G","Defend_G","Defend_G","Defend_G","Strike_G+1","Survivor","Neutralize+1","Deflect","Backflip","Sucker Punch+1","Skewer+1","Leg Sweep+1","Burst","A Thousand Cuts","Acrobatics+1","Caltrops","Endless Agony+1","Adrenaline+1","Crippling Poison+1","Crippling Poison+1","Well Laid Plans","Expertise+1","Caltrops","Tactician","Outmaneuver+1","Catalyst+1","Flying Knee+1","Catalyst+1","Noxious Fumes","Catalyst"],"relics":["Ring of the Snake","Happy Flower","Blood Vial","Whetstone","Fusion Hammer","WarpedTongs","Tingsha","Gremlin Horn","Orichalcum","Regal Pillow","Astrolabe","TwistedFunnel","FossilizedHelix","Dream Catcher","Anchor","Kunai"],"potions_floor_usage":[16,23,29,33,50,54,55,55],"damage_taken":[{"damage":3,"enemies":"2 Louse","floor":1,"turns":4},{"damage":0,"enemies":"Small Slimes","floor":3,"turns":3},{"damage":1,"enemies":"Cultist","floor":5,"turns":3},{"damage":0,"enemies":"Large Slime","floor":7,"turns":7},{"damage":14,"enemies":"3 Sentries","floor":8,"turns":10},{"damage":1,"enemies":"2 Fungi Beasts","floor":10,"turns":4},{"damage":22,"enemies":"Gremlin Nob","floor":12,"turns":5},{"damage":14,"enemies":"Hexaghost","floor":16,"turns":9},{"damage":6,"enemies":"Shell Parasite","floor":18,"turns":7},{"damage":1,"enemies":"3 Byrds","floor":20,"turns":6},{"damage":12,"enemies":"Cultist and Chosen","floor":22,"turns":7},{"damage":16,"enemies":"Gremlin Leader","floor":23,"turns":11},{"damage":2,"enemies":"Snecko","floor":28,"turns":6},{"damage":24,"enemies":"Book of Stabbing","floor":29,"turns":9},{"damage":7,"enemies":"Shelled Parasite and Fungi","floor":31,"turns":7},{"damage":0,"enemies":"Automaton","floor":33,"turns":13},{"damage":11,"enemies":"3 Darklings","floor":35,"turns":3},{"damage":0,"enemies":"Orb Walker","floor":36,"turns":4},{"damage":3,"enemies":"3 Darklings","floor":37,"turns":3},{"damage":6,"enemies":"Nemesis","floor":40,"turns":11},{"damage":0,"enemies":"Spire Growth","floor":42,"turns":6},{"damage":35,"enemies":"Giant Head","floor":44,"turns":11},{"damage":19,"enemies":"Jaw Worm Horde","floor":46,"turns":4},{"damage":0,"enemies":"3 Darklings","floor":48,"turns":3},{"damage":18,"enemies":"Donu and Deca","floor":50,"turns":6},{"damage":31,"enemies":"Shield and Spear","floor":54,"turns":5},{"damage":81,"enemies":"The Heart","floor":55,"turns":3}],"seed_played":"-5951944141266508890","potions_obtained":[{"floor":1,"key":"Ancient Potion"},{"floor":7,"key":"Strength Potion"},{"floor":8,"key":"Strength Potion"},{"floor":18,"key":"AttackPotion"},{"floor":23,"key":"SpeedPotion"},{"floor":27,"key":"GhostInAJar"},{"floor":31,"key":"Dexterity Potion"},{"floor":40,"key":"Fire Potion"},{"floor":48,"key":"PowerPotion"}],"is_trial":false,"path_per_floor":["M","?","M","?","M","R","M","E","T","M","?","E","R","?","R","B",null,"M","?","M","$","M","E","R","?","T","?","M","E","R","M","R","B",null,"M","M","M","$","?","E","$","M","T","E","?","M","R","M","R","B",null,"R","$","E","B"],"character_chosen":"THE_SILENT","items_purchased":["Tingsha","Well Laid Plans","TwistedFunnel","Caltrops","Noxious Fumes","Block Potion"],"campfire_rested":5,"item_purchase_floors":[21,38,38,41,53,53],"current_hp_per_floor":[60,65,65,65,64,64,64,50,50,51,51,31,31,31,31,19,61,57,57,58,58,48,34,56,42,42,42,42,20,59,54,54,56,74,65,67,66,66,90,84,84,86,86,53,53,36,78,80,90,72,86,90,90,59,0],"gold":104,"neow_bonus":"RANDOM_COMMON_RELIC","is_prod":false,"is_daily":false,"chose_seed":false,"campfire_upgraded":3,"win_rate":0,"timestamp":1560068502,"path_taken":["M","?","M","?","M","R","M","E","T","?","?","E","R","?","R","BOSS","M","?","M","$","?","E","R","?","T","?","M","E","R","M","R","BOSS","M","?","M","$","?","E","$","?","T","E","?","M","R","M","R","BOSS","R","$","E","BOSS"],"build_version":"2019-01-23","purchased_purges":1,"victory":false,"max_hp_per_floor":[70,75,75,75,75,75,75,75,75,75,75,75,75,75,75,75,75,75,75,75,75,75,75,75,80,80,80,80,80,80,80,80,80,80,80,80,80,80,90,90,90,90,90,90,90,90,90,90,90,90,90,90,90,90,90],"card_choices":[{"not_picked":["Flying Knee","Quick Slash"],"picked":"Dagger Throw","floor":1},{"not_picked":["Blade Dance","Flechettes"],"picked":"Deflect","floor":3},{"not_picked":["Distraction","Acrobatics"],"picked":"Backflip","floor":5},{"not_picked":["Slice","Prepared"],"picked":"Sucker Punch","floor":7},{"not_picked":["Deadly Poison","Deflect"],"picked":"Skewer","floor":8},{"not_picked":["Dagger Spray","Quick Slash"],"picked":"Leg Sweep","floor":10},{"not_picked":["Masterful Stab","Outmaneuver"],"picked":"Burst","floor":12},{"not_picked":["Wraith Form v2","Burst"],"picked":"A Thousand Cuts","floor":16},{"not_picked":["Outmaneuver","Eviscerate","Dagger Spray"],"picked":"SKIP","floor":18},{"not_picked":["Backstab","Reflex"],"picked":"Acrobatics+1","floor":20},{"not_picked":["Backflip","Sucker Punch","Slice"],"picked":"SKIP","floor":22},{"not_picked":["Phantasmal Killer","Concentrate","Catalyst"],"picked":"SKIP","floor":23},{"not_picked":["Outmaneuver","Deadly Poison","Eviscerate"],"picked":"SKIP","floor":28},{"not_picked":["Concentrate","Dodge and Roll+1"],"picked":"Caltrops","floor":29},{"not_picked":["Heel Hook","Sucker Punch+1"],"picked":"Endless Agony+1","floor":31},{"not_picked":["Adrenaline","Wraith Form v2"],"picked":"Tools of the Trade","floor":33},{"not_picked":["Dagger Throw","Blade Dance","Slice"],"picked":"SKIP","floor":35},{"not_picked":["Flying Knee","Poisoned Stab+1","Distraction"],"picked":"SKIP","floor":36},{"not_picked":["Endless Agony","Doppelganger","Cloak And Dagger+1"],"picked":"SKIP","floor":37},{"not_picked":["Dagger Throw","Prepared"],"picked":"Expertise+1","floor":40},{"not_picked":["Reflex","Endless Agony"],"picked":"Tactician","floor":42},{"not_picked":["Deflect","Flying Knee"],"picked":"Outmaneuver+1","floor":44},{"not_picked":["Deadly Poison+1","Eviscerate"],"picked":"Catalyst+1","floor":46},{"not_picked":["Endless Agony","Poisoned Stab"],"picked":"Flying Knee+1","floor":47},{"not_picked":["Skewer+1","Distraction+1"],"picked":"Catalyst+1","floor":48},{"not_picked":["Backstab+1","Crippling Poison+1"],"picked":"Catalyst","floor":54}],"player_experience":273032,"relics_obtained":[{"floor":8,"key":"Blood Vial"},{"floor":12,"key":"Whetstone"},{"floor":23,"key":"Gremlin Horn"},{"floor":26,"key":"Orichalcum"},{"floor":29,"key":"Regal Pillow"},{"floor":40,"key":"FossilizedHelix"},{"floor":43,"key":"Dream Catcher"},{"floor":44,"key":"Anchor"},{"floor":54,"key":"Kunai"}],"event_choices":[{"damage_healed":0,"gold_gain":0,"player_choice":"Donut","damage_taken":0,"max_hp_gain":5,"max_hp_loss":0,"event_name":"Big Fish","floor":2,"gold_loss":0},{"damage_healed":0,"gold_gain":100,"player_choice":"Gold","damage_taken":0,"max_hp_gain":0,"max_hp_loss":0,"event_name":"Wheel of Change","floor":4,"gold_loss":0},{"damage_healed":0,"gold_gain":0,"player_choice":"Grow","damage_taken":0,"max_hp_gain":0,"max_hp_loss":0,"event_name":"Living Wall","floor":11,"gold_loss":0,"cards_upgraded":["Skewer"]},{"cards_removed":["Strike_G"],"damage_healed":0,"gold_gain":0,"player_choice":"Card Removal","damage_taken":0,"max_hp_gain":0,"max_hp_loss":0,"event_name":"The Cleric","floor":14,"gold_loss":50},{"damage_healed":0,"gold_gain":0,"player_choice":"Rummage","damage_taken":0,"relics_obtained":["WarpedTongs"],"max_hp_gain":0,"max_hp_loss":0,"event_name":"Accursed Blacksmith","floor":19,"gold_loss":0,"cards_obtained":["Pain"]},{"damage_healed":0,"gold_gain":0,"player_choice":"Shed Blood","damage_taken":19,"max_hp_gain":5,"max_hp_loss":0,"event_name":"Forgotten Altar","floor":25,"gold_loss":0},{"damage_healed":0,"gold_gain":0,"player_choice":"Bought 1 Potion","damage_taken":0,"max_hp_gain":0,"max_hp_loss":0,"event_name":"The Woman in Blue","floor":27,"gold_loss":0},{"cards_removed":["Tools of the Trade"],"damage_healed":14,"gold_gain":0,"player_choice":"Offered Rare","damage_taken":0,"max_hp_gain":10,"max_hp_loss":0,"event_name":"Bonfire Elementals","floor":39,"gold_loss":0},{"cards_removed":["Dagger Throw"],"damage_healed":0,"gold_gain":0,"player_choice":"Removed Attack","damage_taken":0,"max_hp_gain":0,"max_hp_loss":0,"event_name":"Falling","floor":45,"gold_loss":0}],"is_beta":false,"boss_relics":[{"not_picked":["Orrery","HoveringKite"],"picked":"Fusion Hammer"},{"not_picked":["Velvet Choker","WristBlade"],"picked":"Astrolabe"}],"items_purged_floors":[21],"is_endless":false,"potions_floor_spawned":[1,7,8,10,18,23,31,40,46,48],"killed_by":"The Heart","ascension_level":7}