{"gold_per_floor":[117,117,128,144,156,156,183,200,200,200,220,295,295,328,328,427,427,446,356],"floor_reached":19,"playtime":1395,"items_purged":[],"score":224,"play_id":"b104fe51-ae36-4053-86f3-5d4320b74cd1","local_time":"20180828113817","is_ascension_mode":true,"campfire_choices":[{"data":"White Noise","floor":6,"key":"SMITH"},{"floor":10,"key":"REST"},{"floor":13,"key":"REST"},{"data":"Genetic Algorithm","floor":15,"key":"SMITH"}],"neow_cost":"NONE","seed_source_timestamp":168740676053698,"circlet_count":0,"master_deck":["Strike_B","Strike_B","Strike_B","Defend_B","Defend_B","Defend_B","Zap","Dualcast","Sweeping Beam","White Noise+1","Steam","Conserve Battery","BootSequence","Genetic Algorithm+1","Machine Learning+1","Storm+1"],"relics":["Cracked Core","Matryoshka","Frozen Egg 2","Kunai","Torii","Velvet Choker"],"potions_floor_usage":[14,14,16],"damage_taken":[{"damage":1,"enemies":"Cultist","floor":1,"turns":3},{"damage":5,"enemies":"Small Slimes","floor":3,"turns":3},{"damage":1,"enemies":"2 Louse","floor":4,"turns":3},{"damage":3,"enemies":"2 Fungi Beasts","floor":5,"turns":3},{"damage":20,"enemies":"3 Sentries","floor":7,"turns":6},{"damage":21,"enemies":"Gremlin Gang","floor":8,"turns":4},{"damage":0,"enemies":"3 Louse","floor":11,"turns":2},{"damage":0,"enemies":"Lagavulin","floor":14,"turns":6},{"damage":37,"enemies":"Slime Boss","floor":16,"turns":9},{"damage":31,"enemies":"3 Byrds","floor":18,"turns":6},{"damage":46,"enemies":"2 Thieves","floor":19,"turns":3}],"seed_played":"-2261152742019025415","potions_obtained":[{"floor":3,"key":"SteroidPotion"},{"floor":7,"key":"FocusPotion"},{"floor":8,"key":"EssenceOfSteel"},{"floor":18,"key":"SteroidPotion"}],"is_trial":false,"path_per_floor":["M","?","M","M","M","R","E","M","T","R","M","?","R","E","R","B",null,"M"],"character_chosen":"DEFECT","items_purchased":[],"campfire_rested":2,"item_purchase_floors":[],"current_hp_per_floor":[74,74,69,68,65,65,45,24,24,46,46,35,57,57,57,20,75,44,0],"gold":356,"neow_bonus":"REMOVE_CARD","is_prod":false,"is_daily":false,"chose_seed":false,"campfire_upgraded":2,"win_rate":0,"timestamp":1535445497,"path_taken":["M","?","M","M","M","R","E","M","T","R","M","?","R","E","R","BOSS","M","M"],"build_version":"2018-08-23v2","purchased_purges":0,"victory":false,"max_hp_per_floor":[75,75,75,75,75,75,75,75,75,75,75,75,75,75,75,75,75,75,75],"card_choices":[{"not_picked":["Rip and Tear","Rebound"],"picked":"Sweeping Beam","floor":1},{"not_picked":["Force Field","Blizzard","Coolheaded"],"picked":"SKIP","floor":3},{"not_picked":["Fusion","Chaos"],"picked":"White Noise","floor":4},{"not_picked":["Compile Driver","Rip and Tear"],"picked":"Steam","floor":5},{"not_picked":["Sweeping Beam","Meteor Strike"],"picked":"Conserve Battery","floor":7},{"not_picked":["Sweeping Beam","Gash"],"picked":"BootSequence","floor":8},{"not_picked":["Chill","Cold Snap","Gash"],"picked":"SKIP","floor":11},{"not_picked":["Glacier","Lockon"],"picked":"Genetic Algorithm","floor":14},{"not_picked":["Fission","Amplify"],"picked":"Machine Learning+1","floor":16},{"not_picked":["Compile Driver+1","Force Field"],"picked":"Storm+1","floor":18}],"player_experience":108075,"relics_obtained":[{"floor":7,"key":"Matryoshka"},{"floor":9,"key":"Frozen Egg 2"},{"floor":9,"key":"Kunai"},{"floor":14,"key":"Torii"}],"event_choices":[{"event_name":"Living Wall","player_choice":"Forget","floor":2,"damage_taken":0},{"event_name":"World of Goop","player_choice":"Gather Gold","floor":12,"damage_taken":0}],"is_beta":false,"boss_relics":[{"not_picked":["Runic Pyramid","Snecko Eye"],"picked":"Velvet Choker"}],"items_purged_floors":[],"is_endless":false,"potions_floor_spawned":[3,7,8,18],"killed_by":"2 Thieves","ascension_level":2}