{"gold_per_floor":[112,125,135,146,321,321,353,353,353,370,382,59,59,334,334,432,432,413,413,413,413,433,433,446,463,463,137,152,152,152,67,67,169,169,189,0,52,52,16,16,41,41,41,55,72,72,88,88,88,88],"floor_reached":51,"playtime":2760,"items_purged":["Strike_R","Regret"],"score":848,"play_id":"19fcc9e0-fe85-4279-881c-82abe2e5c406","local_time":"20180829162730","is_ascension_mode":true,"campfire_choices":[{"data":"Shockwave","floor":6,"key":"SMITH"},{"data":"Shrug It Off","floor":8,"key":"SMITH"},{"data":"Armaments","floor":13,"key":"SMITH"},{"floor":15,"key":"REST"},{"data":"Demon Form","floor":23,"key":"SMITH"},{"floor":29,"key":"REST"},{"data":"Body Slam","floor":32,"key":"SMITH"},{"data":"Heavy Blade","floor":40,"key":"SMITH"},{"data":"Flex","floor":42,"key":"SMITH"},{"data":"Iron Wave","floor":49,"key":"SMITH"}],"neow_cost":"NONE","seed_source_timestamp":271114123691415,"circlet_count":0,"master_deck":["Defend_R","Defend_R","Defend_R","Bash","Flex+1","Body Slam+1","Shockwave+1","Doubt","Shrug It Off+1","Armaments+1","Demon Form+1","Iron Wave+1","Decay","Heavy Blade+1","Bite","Bite","Bite","Bite","Bite","Seeing Red+1","Shockwave+1","Infernal Blade+1","True Grit+1","Madness+1","Madness+1"],"relics":["Burning Blood","Ginger","Mango","Pantograph","Runic Pyramid","Mummified Hand","Anchor","Toxic Egg 2","Pear","Busted Crown","Red Mask","Champion Belt","Bird Faced Urn","Question Card","Mercury Hourglass"],"potions_floor_usage":[7,16,28,33,33,33,41,47,50],"damage_taken":[{"damage":16,"enemies":"2 Louse","floor":1,"turns":3},{"damage":4,"enemies":"Small Slimes","floor":2,"turns":4},{"damage":1,"enemies":"Cultist","floor":3,"turns":4},{"damage":21,"enemies":"Blue Slaver","floor":4,"turns":3},{"damage":28,"enemies":"Lagavulin","floor":7,"turns":8},{"damage":25,"enemies":"Exordium Thugs","floor":10,"turns":5},{"damage":10,"enemies":"2 Fungi Beasts","floor":11,"turns":4},{"damage":68,"enemies":"Hexaghost","floor":16,"turns":14},{"damage":43,"enemies":"2 Thieves","floor":18,"turns":4},{"damage":27,"enemies":"3 Byrds","floor":22,"turns":7},{"damage":28,"enemies":"Snecko","floor":24,"turns":4},{"damage":44,"enemies":"Snake Plant","floor":25,"turns":5},{"damage":25,"enemies":"Shelled Parasite and Fungi","floor":28,"turns":10},{"damage":53,"enemies":"Collector","floor":33,"turns":9},{"damage":26,"enemies":"Flame Bruiser 1 Orb","floor":35,"turns":5},{"damage":20,"enemies":"Mysterious Sphere","floor":37,"turns":4},{"damage":0,"enemies":"Mind Bloom Boss Battle","floor":38,"turns":6},{"damage":57,"enemies":"Giant Head","floor":41,"turns":8},{"damage":7,"enemies":"3 Shapes","floor":44,"turns":3},{"damage":32,"enemies":"Sphere and 2 Shapes","floor":45,"turns":5},{"damage":0,"enemies":"Flame Bruiser 2 Orb","floor":47,"turns":3},{"damage":89,"enemies":"Time Eater","floor":50,"turns":11}],"seed_played":"809116042384419610","potions_obtained":[{"floor":2,"key":"Ancient Potion"},{"floor":3,"key":"SkillPotion"},{"floor":10,"key":"Dexterity Potion"},{"floor":25,"key":"Ancient Potion"},{"floor":28,"key":"Regen Potion"},{"floor":33,"key":"GamblersBrew"},{"floor":35,"key":"EssenceOfSteel"},{"floor":37,"key":"Block Potion"},{"floor":45,"key":"Fruit Juice"}],"is_trial":false,"path_per_floor":["M","M","M","M","?","R","E","R","T","M","M","$","R","?","R","B",null,"M","?","?","?","M","R","M","M","T","$","M","R","T","?","R","B",null,"M","?","?","?","$","R","E","R","T","M","M","$","M","?","R","B"],"character_chosen":"IRONCLAD","items_purchased":["Pantograph","Anchor","BloodPotion","Shockwave+1"],"campfire_rested":2,"item_purchase_floors":[12,27,27,39],"current_hp_per_floor":[70,72,77,62,62,62,40,40,54,35,31,31,31,31,59,22,94,57,57,57,57,56,56,40,9,9,9,31,50,50,60,60,57,75,64,64,60,75,75,75,42,42,42,50,40,40,55,45,45,18],"gold":88,"neow_bonus":"REMOVE_CARD","is_prod":false,"is_daily":false,"chose_seed":false,"campfire_upgraded":8,"win_rate":0,"timestamp":1535549250,"path_taken":["M","M","M","M","?","R","E","R","T","M","M","?","R","?","R","BOSS","M","?","?","?","M","R","M","M","T","$","M","R","?","?","R","BOSS","M","?","?","?","?","R","E","R","T","?","M","?","M","?","R","BOSS"],"build_version":"2018-08-23v2","purchased_purges":2,"victory":true,"max_hp_per_floor":[80,80,80,80,80,80,80,80,94,94,94,94,94,94,94,94,94,94,94,94,65,65,65,65,65,65,65,65,65,65,75,75,75,75,75,75,75,75,75,75,75,75,75,75,78,78,83,83,83,83],"card_choices":[{"not_picked":["Headbutt","Bloodletting"],"picked":"Flex","floor":1},{"not_picked":["Perfected Strike","Sword Boomerang","Havoc"],"picked":"SKIP","floor":2},{"not_picked":["Headbutt","Rampage"],"picked":"Body Slam","floor":3},{"not_picked":["Seeing Red","Rage"],"picked":"Shockwave","floor":4},{"not_picked":["Cleave","Flex"],"picked":"Shrug It Off","floor":7},{"not_picked":["Perfected Strike","Anger"],"picked":"Armaments","floor":10},{"not_picked":["Shrug It Off","Headbutt","Twin Strike"],"picked":"SKIP","floor":11},{"not_picked":["Limit Break","Offering"],"picked":"Demon Form","floor":16},{"not_picked":["Body Slam","Corruption"],"picked":"Iron Wave","floor":18},{"not_picked":["Thunderclap","Rampage+1","Heavy Blade"],"picked":"SKIP","floor":22},{"not_picked":["Combust","Perfected Strike","Cleave"],"picked":"SKIP","floor":24},{"not_picked":["Headbutt","Twin Strike"],"picked":"Seeing Red+1","floor":25},{"not_picked":["Inflame","Burning Pact","Second Wind"],"picked":"SKIP","floor":28},{"not_picked":["Warcry+1"],"picked":"SKIP","floor":35},{"not_picked":[],"picked":"Infernal Blade+1","floor":41},{"not_picked":["Wild Strike+1","Clash+1"],"picked":"SKIP","floor":44},{"not_picked":["Wild Strike","Clothesline+1"],"picked":"SKIP","floor":45},{"not_picked":["Second Wind+1"],"picked":"True Grit+1","floor":47}],"player_experience":130284,"relics_obtained":[{"floor":7,"key":"Ginger"},{"floor":9,"key":"Mango"},{"floor":26,"key":"Mummified Hand"},{"floor":30,"key":"Toxic Egg 2"},{"floor":37,"key":"Champion Belt"},{"floor":38,"key":"Bird Faced Urn"},{"floor":41,"key":"Question Card"},{"floor":43,"key":"Mercury Hourglass"}],"event_choices":[{"event_name":"Liars Game","player_choice":"agreed","floor":5,"damage_taken":0},{"event_name":"Golden Shrine","player_choice":"Desecrate","floor":14,"damage_taken":0},{"event_name":"Wheel of Change","player_choice":"Curse","floor":19,"damage_taken":0},{"event_name":"The Library","player_choice":"Read","floor":20,"damage_taken":0},{"event_name":"Vampires","player_choice":"Became a vampire","floor":21,"damage_taken":0},{"event_name":"Addict","player_choice":"Obtained Relic","floor":31,"damage_taken":0},{"event_name":"Tomb of Lord Red Mask","player_choice":"Paid","floor":36,"damage_taken":0},{"event_name":"Mysterious Sphere","player_choice":"Fight","floor":37,"damage_taken":0},{"event_name":"MindBloom","player_choice":"Fight","floor":38,"damage_taken":0},{"event_name":"Winding Halls","player_choice":"Embrace Madness","floor":48,"damage_taken":0}],"is_beta":false,"boss_relics":[{"not_picked":["Philosopher\u0027s Stone","Fusion Hammer"],"picked":"Runic Pyramid"},{"not_picked":["Black Star","Orrery"],"picked":"Busted Crown"}],"items_purged_floors":[12,27],"is_endless":false,"potions_floor_spawned":[2,3,10,25,28,33,35,37,38,45],"ascension_level":3}