{"gold_per_floor":[115,115,127,55,72,105,105,138,192,227,38,57,72,72,72,169,169,179,192,192,40,50,50,78,78,130,130,130,143,178,190,190,289,289,308,308,324,0,0,30,30,65,65,65,81,114,126,87,87,87],"floor_reached":51,"playtime":3367,"items_purged":["Defend_B","Defend_B","Defend_B"],"score":1168,"play_id":"01f60150-9630-4a3c-9c6a-c527b2d7e774","local_time":"20190611225445","is_ascension_mode":true,"campfire_choices":[{"data":"Double Energy","floor":7,"key":"SMITH"},{"floor":15,"key":"REST"},{"data":"Self Repair","floor":23,"key":"SMITH"},{"data":"Buffer","floor":27,"key":"SMITH"},{"data":"1","floor":32,"key":"LIFT"},{"data":"2","floor":44,"key":"LIFT"},{"data":"3","floor":47,"key":"LIFT"},{"data":"Beam Cell","floor":49,"key":"SMITH"}],"neow_cost":"NONE","seed_source_timestamp":448827833525406,"circlet_count":0,"master_deck":["Strike_B","Strike_B","Strike_B","Strike_B","Defend_B+1","Zap","Dualcast+1","Genetic Algorithm+1","Melter","Hello World","Buffer+1","Double Energy+1","Rip and Tear","Gash","Rip and Tear","FTL","Self Repair+1","Beam Cell+1","All For One","Go for the Eyes","Seek","Ghostly","Ghostly","Ghostly","Ghostly","Ghostly","Go for the Eyes","Clumsy","Beam Cell+1"],"relics":["Cursed Key","Shuriken","Omamori","War Paint","Unceasing Top","Gambling Chip","Coffee Dripper","Lantern","Bronze Scales","Girya","Black Star","Ice Cream","Medical Kit","Red Mask","Blood Vial","Bottled Flame","Anchor","Molten Egg 2","Bottled Tornado","MawBank","Gremlin Horn"],"potions_floor_usage":[10,24,24],"damage_taken":[{"damage":4,"enemies":"Small Slimes","floor":1,"turns":3},{"damage":1,"enemies":"Cultist","floor":3,"turns":4},{"damage":4,"enemies":"Jaw Worm","floor":5,"turns":4},{"damage":15,"enemies":"3 Sentries","floor":6,"turns":8},{"damage":4,"enemies":"Lagavulin","floor":8,"turns":7},{"damage":8,"enemies":"Gremlin Nob","floor":10,"turns":3},{"damage":12,"enemies":"Exordium Wildlife","floor":12,"turns":3},{"damage":0,"enemies":"Blue Slaver","floor":13,"turns":3},{"damage":0,"enemies":"Slime Boss","floor":16,"turns":6},{"damage":0,"enemies":"3 Byrds","floor":18,"turns":2},{"damage":0,"enemies":"Spheric Guardian","floor":19,"turns":1},{"damage":0,"enemies":"Snake Plant","floor":22,"turns":2},{"damage":28,"enemies":"Slavers","floor":24,"turns":5},{"damage":0,"enemies":"Shelled Parasite and Fungi","floor":29,"turns":3},{"damage":1,"enemies":"Gremlin Leader","floor":30,"turns":4},{"damage":0,"enemies":"Centurion and Healer","floor":31,"turns":3},{"damage":0,"enemies":"Champ","floor":33,"turns":6},{"damage":0,"enemies":"3 Darklings","floor":35,"turns":3},{"damage":0,"enemies":"Orb Walker","floor":37,"turns":2},{"damage":0,"enemies":"Giant Head","floor":40,"turns":3},{"damage":1,"enemies":"Reptomancer","floor":42,"turns":5},{"damage":0,"enemies":"Transient","floor":45,"turns":5},{"damage":0,"enemies":"Giant Head","floor":46,"turns":4},{"damage":0,"enemies":"Awakened One","floor":50,"turns":5}],"seed_played":"6831409917691948691","potions_obtained":[{"floor":5,"key":"SteroidPotion"},{"floor":12,"key":"SpeedPotion"},{"floor":13,"key":"EssenceOfSteel"},{"floor":16,"key":"EssenceOfSteel"},{"floor":30,"key":"SpeedPotion"},{"floor":40,"key":"GamblersBrew"},{"floor":42,"key":"GamblersBrew"}],"is_trial":false,"path_per_floor":["M","?","M","$","M","E","R","E","T","E","$","M","M","?","R","B",null,"M","M","?","$","M","R","E","?","T","R","?","M","E","M","R","B",null,"M","?","M","$","?","E","$","E","T","R","M","E","R","$","R","B",null],"character_chosen":"DEFECT","items_purchased":["Hello World","Rip and Tear","FTL","Go for the Eyes","Medical Kit","Block Potion"],"campfire_rested":1,"item_purchase_floors":[4,11,11,21,38,48],"current_hp_per_floor":[71,71,70,70,66,51,51,47,47,39,39,27,34,34,56,56,75,75,75,61,61,68,68,50,40,40,40,40,40,40,40,40,40,40,40,40,40,40,40,40,40,40,40,40,40,40,40,40,40,40],"gold":87,"neow_bonus":"BOSS_RELIC","is_prod":false,"is_daily":false,"chose_seed":false,"campfire_upgraded":4,"win_rate":0,"timestamp":1560308085,"path_taken":["M","?","M","$","M","E","R","E","T","E","?","?","M","?","R","BOSS","M","M","?","$","M","R","E","?","T","R","?","M","E","M","R","BOSS","M","?","?","$","?","E","?","E","T","R","M","E","R","$","R","BOSS"],"build_version":"2019-01-23","purchased_purges":3,"victory":true,"max_hp_per_floor":[75,75,75,75,75,75,75,75,75,75,75,75,75,75,75,75,75,75,75,80,80,80,80,80,40,40,40,40,40,40,40,40,40,40,40,40,40,40,40,40,40,40,40,40,40,40,40,40,40,40],"card_choices":[{"not_picked":["Sweeping Beam","Steam"],"picked":"Genetic Algorithm","floor":1},{"not_picked":["Barrage","Ball Lightning"],"picked":"Melter","floor":3},{"not_picked":["Barrage","Beam Cell"],"picked":"Buffer","floor":5},{"not_picked":["Stack","Turbo"],"picked":"Double Energy","floor":6},{"not_picked":["Ball Lightning","Coolheaded"],"picked":"Rip and Tear","floor":8},{"not_picked":["Meteor Strike","Glacier"],"picked":"Gash","floor":10},{"not_picked":["Blizzard","Force Field"],"picked":"Self Repair","floor":12},{"not_picked":["Steam","Buffer"],"picked":"Beam Cell","floor":13},{"not_picked":["Amplify","Machine Learning"],"picked":"All For One","floor":16},{"not_picked":["Leap+1","Storm","Steam"],"picked":"SKIP","floor":18},{"not_picked":["Ball Lightning","Glacier","Compile Driver"],"picked":"SKIP","floor":19},{"not_picked":["Stack+1","Steam Power+1","Hologram"],"picked":"SKIP","floor":22},{"not_picked":["Beam Cell","Go for the Eyes"],"picked":"Seek","floor":24},{"not_picked":["Compile Driver+1","Cold Snap+1","Scrape"],"picked":"SKIP","floor":29},{"not_picked":["Leap","Ball Lightning"],"picked":"Go for the Eyes","floor":30},{"not_picked":["Conserve Battery","Coolheaded","Fusion"],"picked":"SKIP","floor":31},{"not_picked":["Redo+1","Rebound","Hello World"],"picked":"SKIP","floor":35},{"not_picked":["Streamline","Conserve Battery+1","Steam"],"picked":"SKIP","floor":37},{"not_picked":["Coolheaded","Buffer","Stack"],"picked":"SKIP","floor":40},{"not_picked":["Ball Lightning","Hologram","Aggregate+1"],"picked":"SKIP","floor":42},{"not_picked":["Redo+1","Ball Lightning+1","Hologram"],"picked":"SKIP","floor":45},{"not_picked":["Force Field+1","Reboot"],"picked":"Beam Cell+1","floor":46}],"player_experience":388694,"relics_obtained":[{"floor":6,"key":"Shuriken"},{"floor":8,"key":"Omamori"},{"floor":9,"key":"War Paint"},{"floor":10,"key":"Unceasing Top"},{"floor":24,"key":"Lantern"},{"floor":26,"key":"Bronze Scales"},{"floor":30,"key":"Girya"},{"floor":40,"key":"Blood Vial"},{"floor":40,"key":"Bottled Flame"},{"floor":42,"key":"Anchor"},{"floor":42,"key":"Molten Egg 2"},{"floor":43,"key":"Bottled Tornado"},{"floor":46,"key":"MawBank"},{"floor":46,"key":"Gremlin Horn"}],"event_choices":[{"damage_healed":0,"gold_gain":0,"player_choice":"Upgraded","damage_taken":0,"max_hp_gain":0,"max_hp_loss":0,"event_name":"Upgrade Shrine","floor":2,"gold_loss":0,"cards_upgraded":["Genetic Algorithm"]},{"damage_healed":0,"gold_gain":0,"player_choice":"Searched \u00272\u0027 times","damage_taken":0,"relics_obtained":["Gambling Chip"],"max_hp_gain":0,"max_hp_loss":0,"event_name":"Dead Adventurer","floor":14,"gold_loss":0},{"damage_healed":0,"gold_gain":0,"player_choice":"Shed Blood","damage_taken":19,"max_hp_gain":5,"max_hp_loss":0,"event_name":"Forgotten Altar","floor":20,"gold_loss":0},{"damage_healed":0,"gold_gain":0,"player_choice":"Became a Ghost","damage_taken":0,"max_hp_gain":0,"max_hp_loss":40,"event_name":"Ghosts","floor":25,"gold_loss":0,"cards_obtained":["Ghostly","Ghostly","Ghostly","Ghostly","Ghostly"]},{"damage_healed":0,"gold_gain":0,"player_choice":"Ignored","damage_taken":0,"max_hp_gain":0,"max_hp_loss":0,"event_name":"Vampires","floor":28,"gold_loss":0},{"damage_healed":0,"gold_gain":0,"player_choice":"Gave Potion","damage_taken":0,"relics_obtained":["Ice Cream"],"max_hp_gain":0,"max_hp_loss":0,"event_name":"WeMeetAgain","floor":36,"gold_loss":0},{"damage_healed":0,"gold_gain":0,"player_choice":"Paid","damage_taken":0,"relics_obtained":["Red Mask"],"max_hp_gain":0,"max_hp_loss":0,"event_name":"Tomb of Lord Red Mask","floor":39,"gold_loss":0}],"is_beta":false,"boss_relics":[{"not_picked":["White Beast Statue","Runic Pyramid"],"picked":"Coffee Dripper"},{"not_picked":["Eternal Feather","Snecko Eye"],"picked":"Black Star"}],"items_purged_floors":[11,21,38],"is_endless":false,"potions_floor_spawned":[5,12,13,16,18,22,30,40,42],"ascension_level":2}