{"gold_per_floor":[118,132,145,160,176,176,210,210,210,210,210,235,269,293,293,293],"floor_reached":16,"playtime":569,"items_purged":[],"score":140,"play_id":"2c0c4b09-dae4-44d6-a717-57d53f03787e","local_time":"20190611002559","is_ascension_mode":true,"campfire_choices":[{"data":"True Grit","floor":6,"key":"SMITH"},{"floor":8,"key":"REST"},{"floor":11,"key":"REST"},{"floor":15,"key":"REST"}],"neow_cost":"NONE","seed_source_timestamp":358972643946300,"circlet_count":0,"master_deck":["Strike_R","Strike_R","Strike_R","Strike_R","Strike_R","Defend_R","Defend_R","Defend_R","Defend_R","Bash","True Grit+1","Cleave","Iron Wave","Injury","Spot Weakness"],"relics":["Burning Blood","Turnip","Boot","Golden Idol","Odd Mushroom"],"potions_floor_usage":[7,7,13,16],"damage_taken":[{"damage":2,"enemies":"2 Louse","floor":1,"turns":3},{"damage":4,"enemies":"Jaw Worm","floor":2,"turns":6},{"damage":0,"enemies":"Small Slimes","floor":3,"turns":3},{"damage":21,"enemies":"Exordium Thugs","floor":4,"turns":5},{"damage":14,"enemies":"Looter","floor":5,"turns":4},{"damage":53,"enemies":"3 Sentries","floor":7,"turns":9},{"damage":13,"enemies":"Exordium Wildlife","floor":12,"turns":4},{"damage":33,"enemies":"The Mushroom Lair","floor":13,"turns":5},{"damage":6,"enemies":"Exordium Thugs","floor":14,"turns":4},{"damage":65,"enemies":"Hexaghost","floor":16,"turns":10}],"seed_played":"-6630958365131693300","potions_obtained":[{"floor":1,"key":"Swift Potion"},{"floor":5,"key":"Dexterity Potion"},{"floor":7,"key":"SkillPotion"},{"floor":13,"key":"FearPotion"}],"is_trial":false,"path_per_floor":["M","M","M","M","M","R","E","R","T","?","R","M","?","M","R","B"],"character_chosen":"IRONCLAD","items_purchased":[],"campfire_rested":3,"item_purchase_floors":[],"current_hp_per_floor":[84,86,88,73,65,65,18,44,44,44,70,63,36,36,62,0],"gold":293,"neow_bonus":"TEN_PERCENT_HP_BONUS","is_prod":false,"is_daily":false,"chose_seed":false,"campfire_upgraded":1,"win_rate":0,"timestamp":1560201959,"path_taken":["M","M","M","M","M","R","E","R","T","?","R","M","?","?","R","BOSS"],"build_version":"2019-01-23","purchased_purges":0,"victory":false,"max_hp_per_floor":[88,88,88,88,88,88,88,88,88,88,88,88,88,88,88,88],"card_choices":[{"not_picked":["Dual Wield","Heavy Blade"],"picked":"True Grit","floor":1},{"not_picked":["Shockwave","Armaments"],"picked":"Cleave","floor":2},{"not_picked":["Flex","Headbutt"],"picked":"Iron Wave","floor":3},{"not_picked":["Thunderclap","Body Slam","Sentinel"],"picked":"SKIP","floor":4},{"not_picked":["Twin Strike","True Grit","Warcry"],"picked":"SKIP","floor":5},{"not_picked":["Brutality","True Grit","Flex"],"picked":"SKIP","floor":7},{"not_picked":["Thunderclap","Clash","Infernal Blade"],"picked":"SKIP","floor":12},{"not_picked":["Sever Soul","Disarm"],"picked":"Spot Weakness","floor":13},{"not_picked":["Combust","Headbutt","Thunderclap"],"picked":"SKIP","floor":14}],"player_experience":192795,"relics_obtained":[{"floor":7,"key":"Turnip"},{"floor":9,"key":"Boot"},{"floor":13,"key":"Odd Mushroom"}],"event_choices":[{"damage_healed":0,"gold_gain":0,"player_choice":"Take Wound","damage_taken":0,"relics_obtained":["Golden Idol"],"max_hp_gain":0,"max_hp_loss":0,"event_name":"Golden Idol","floor":10,"gold_loss":0,"cards_obtained":["Injury"]},{"damage_healed":0,"gold_gain":0,"player_choice":"Fought Mushrooms","damage_taken":0,"max_hp_gain":0,"max_hp_loss":0,"event_name":"Mushrooms","floor":13,"gold_loss":0}],"is_beta":false,"boss_relics":[],"items_purged_floors":[],"is_endless":false,"potions_floor_spawned":[1,5,7,13],"killed_by":"Hexaghost","ascension_level":7}