{"gold_per_floor":[116,134,151,171,171,171,211,234,234,275,275,450,450,132,132,253,253,273,188,188,202,202,243,243,281,281,295,315,64,105,118,118,241,241,259,259,272,293,318,318,339,382,407,442,460,483,58,72,72,72],"floor_reached":51,"playtime":2821,"items_purged":["Doubt","Strike_B","Defend_B"],"score":937,"play_id":"ec11b032-d2cd-4f34-84d5-42e3e6b212b7","local_time":"20180828161733","is_ascension_mode":true,"campfire_choices":[{"data":"Multi-Cast","floor":6,"key":"SMITH"},{"data":"Doom and Gloom","floor":11,"key":"SMITH"},{"floor":13,"key":"REST"},{"data":"Defragment","floor":15,"key":"SMITH"},{"data":"Biased Cognition","floor":24,"key":"SMITH"},{"floor":32,"key":"REST"},{"data":"Rainbow","floor":40,"key":"SMITH"},{"floor":49,"key":"REST"}],"neow_cost":"NONE","seed_source_timestamp":184060574480365,"circlet_count":0,"master_deck":["Strike_B+1","Strike_B","Defend_B","Zap","Dualcast+1","Doom and Gloom+1","Multi-Cast+1","Leap","Defragment+1","Rainbow+1","Conserve Battery+1","Biased Cognition+1","Double Energy+1","Lockon+1","Genetic Algorithm","Reinforced Body+1","Reboot+1","Buffer","Double Energy+1","Static Discharge+1","Capacitor+1","White Noise+1","Recycle+1"],"relics":["Cracked Core","Vajra","Golden Idol","Incense Burner","Torii","Du-Vu Doll","Chemical X","Runic Pyramid","Dead Branch","Blood Vial","Lantern","Cables","Dream Catcher","Bird Faced Urn","Empty Cage","Gambling Chip","Potion Belt","War Paint","Whetstone","Thread and Needle"],"potions_floor_usage":[7,7,10,25,25,25,30,42,50,50,50],"damage_taken":[{"damage":7,"enemies":"2 Louse","floor":1,"turns":3},{"damage":2,"enemies":"Jaw Worm","floor":2,"turns":3},{"damage":7,"enemies":"Small Slimes","floor":3,"turns":3},{"damage":2,"enemies":"2 Fungi Beasts","floor":4,"turns":3},{"damage":2,"enemies":"Gremlin Nob","floor":7,"turns":3},{"damage":0,"enemies":"Large Slime","floor":8,"turns":3},{"damage":22,"enemies":"Lagavulin","floor":10,"turns":7},{"damage":24,"enemies":"The Guardian","floor":16,"turns":7},{"damage":0,"enemies":"Chosen","floor":18,"turns":4},{"damage":0,"enemies":"Spheric Guardian","floor":21,"turns":2},{"damage":5,"enemies":"Gremlin Leader","floor":23,"turns":4},{"damage":30,"enemies":"Slavers","floor":25,"turns":4},{"damage":6,"enemies":"Centurion and Healer","floor":27,"turns":4},{"damage":0,"enemies":"Snecko","floor":28,"turns":3},{"damage":0,"enemies":"Gremlin Leader","floor":30,"turns":4},{"damage":0,"enemies":"Snake Plant","floor":31,"turns":3},{"damage":0,"enemies":"Automaton","floor":33,"turns":6},{"damage":11,"enemies":"3 Darklings","floor":35,"turns":4},{"damage":0,"enemies":"Mind Bloom Boss Battle","floor":36,"turns":5},{"damage":0,"enemies":"Flame Bruiser 1 Orb","floor":37,"turns":4},{"damage":0,"enemies":"Maw","floor":38,"turns":4},{"damage":9,"enemies":"4 Shapes","floor":39,"turns":4},{"damage":30,"enemies":"Flame Bruiser 2 Orb","floor":41,"turns":4},{"damage":22,"enemies":"2 Orb Walkers","floor":42,"turns":3},{"damage":41,"enemies":"Giant Head","floor":44,"turns":8},{"damage":0,"enemies":"Transient","floor":45,"turns":5},{"damage":23,"enemies":"3 Darklings","floor":46,"turns":3},{"damage":0,"enemies":"Maw","floor":48,"turns":4},{"damage":21,"enemies":"Awakened One","floor":50,"turns":9}],"seed_played":"5126596475988373158","potions_obtained":[{"floor":1,"key":"FocusPotion"},{"floor":2,"key":"EssenceOfSteel"},{"floor":8,"key":"Fire Potion"},{"floor":10,"key":"Strength Potion"},{"floor":22,"key":"Dexterity Potion"},{"floor":23,"key":"Energy Potion"},{"floor":25,"key":"Explosive Potion"},{"floor":30,"key":"Ancient Potion"},{"floor":36,"key":"FearPotion"},{"floor":41,"key":"Regen Potion"},{"floor":44,"key":"Swift Potion"},{"floor":48,"key":"SpeedPotion"}],"is_trial":false,"path_per_floor":["M","M","M","M","?","R","E","M","T","E","R","?","R","$","R","B",null,"M","?","?","M","?","E","R","E","T","M","M","$","E","M","R","B",null,"M","?","M","M","M","R","M","E","T","E","M","M","$","M","R","B"],"character_chosen":"DEFECT","items_purchased":["Defragment","Chemical X","Dream Catcher","Thread and Needle"],"campfire_rested":3,"item_purchase_floors":[14,14,29,47],"current_hp_per_floor":[68,66,59,57,57,57,55,55,55,33,33,33,53,53,53,29,69,69,69,69,69,69,64,64,36,36,32,34,34,36,44,64,69,69,58,64,69,69,62,62,42,41,41,24,40,33,33,51,69,48],"gold":72,"neow_bonus":"RANDOM_COMMON_RELIC","is_prod":false,"is_daily":false,"chose_seed":false,"campfire_upgraded":5,"win_rate":0,"timestamp":1535462253,"path_taken":["M","M","M","M","?","R","E","M","T","E","R","?","R","$","R","BOSS","M","?","?","M","?","E","R","E","T","M","M","$","E","M","R","BOSS","M","?","M","M","M","R","M","E","T","E","M","M","$","?","R","BOSS"],"build_version":"2018-08-23v2","purchased_purges":3,"victory":true,"max_hp_per_floor":[75,75,75,75,69,69,69,69,69,69,69,69,69,69,69,69,69,69,69,69,69,69,69,69,69,69,69,69,69,69,69,69,69,69,69,69,69,69,69,69,69,69,69,69,69,69,69,69,69,69],"card_choices":[{"not_picked":["Cold Snap","Skim"],"picked":"Doom and Gloom","floor":1},{"not_picked":["Hello World","Gash","Barrage"],"picked":"SKIP","floor":2},{"not_picked":["Redo","Cold Snap","Undo"],"picked":"SKIP","floor":3},{"not_picked":["Turbo","Compile Driver"],"picked":"Multi-Cast","floor":4},{"not_picked":["Tempest","Blizzard"],"picked":"Leap","floor":7},{"not_picked":["Coolheaded","Reprogram","Tempest"],"picked":"SKIP","floor":8},{"not_picked":["Barrage","Streamline","FTL"],"picked":"SKIP","floor":10},{"not_picked":["All For One","Fission"],"picked":"Rainbow","floor":16},{"not_picked":["Stack","Chaos"],"picked":"Conserve Battery+1","floor":18},{"not_picked":["Go for the Eyes","Steam"],"picked":"Double Energy+1","floor":21},{"not_picked":["Reinforced Body","Leap"],"picked":"Lockon","floor":23},{"not_picked":["Redo","Go for the Eyes+1","Hello World"],"picked":"SKIP","floor":25},{"not_picked":["Steam","Recycle"],"picked":"Genetic Algorithm","floor":27},{"not_picked":["Undo","Compile Driver"],"picked":"Reinforced Body+1","floor":28},{"not_picked":["Rip and Tear+1","Scrape+1","Conserve Battery"],"picked":"SKIP","floor":30},{"not_picked":["Leap","Compile Driver","Stack"],"picked":"SKIP","floor":31},{"not_picked":["Go for the Eyes+1","Compile Driver"],"picked":"Reboot","floor":32},{"not_picked":["Seek","Thunder Strike"],"picked":"Buffer","floor":33},{"not_picked":["Leap+1","Barrage"],"picked":"Double Energy+1","floor":35},{"not_picked":["Scrape+1","Redo+1"],"picked":"Static Discharge+1","floor":37},{"not_picked":["Fusion","Conserve Battery","Ball Lightning+1"],"picked":"SKIP","floor":38},{"not_picked":["FTL+1","Barrage"],"picked":"Capacitor+1","floor":39},{"not_picked":["Ball Lightning+1","Sweeping Beam","Turbo"],"picked":"SKIP","floor":41},{"not_picked":["Hologram","Beam Cell+1"],"picked":"White Noise+1","floor":42},{"not_picked":["Rip and Tear","Buffer"],"picked":"Recycle+1","floor":44},{"not_picked":["Reprogram","Lockon","Reinforced Body+1"],"picked":"SKIP","floor":45},{"not_picked":["Leap+1","Streamline","Rebound"],"picked":"SKIP","floor":46},{"not_picked":["Steam Power","Barrage+1","Streamline+1"],"picked":"SKIP","floor":48}],"player_experience":113992,"relics_obtained":[{"floor":7,"key":"Incense Burner"},{"floor":9,"key":"Torii"},{"floor":10,"key":"Du-Vu Doll"},{"floor":23,"key":"Blood Vial"},{"floor":25,"key":"Lantern"},{"floor":26,"key":"Cables"},{"floor":30,"key":"Bird Faced Urn"},{"floor":36,"key":"Gambling Chip"},{"floor":42,"key":"Potion Belt"},{"floor":43,"key":"War Paint"},{"floor":44,"key":"Whetstone"}],"event_choices":[{"event_name":"Golden Idol","player_choice":"Lose Max HP","floor":5,"damage_taken":0},{"event_name":"Liars Game","player_choice":"agreed","floor":12,"damage_taken":0},{"event_name":"Addict","player_choice":"Obtained Relic","floor":19,"damage_taken":0},{"event_name":"Transmorgrifier","player_choice":"Transform","floor":20,"damage_taken":0},{"event_name":"The Lab","player_choice":"Got Potions","floor":22,"damage_taken":0},{"event_name":"MindBloom","player_choice":"Fight","floor":36,"damage_taken":0}],"is_beta":false,"boss_relics":[{"not_picked":["Ectoplasm","Lizard Tail"],"picked":"Runic Pyramid"},{"not_picked":["Tiny House","Runic Dome"],"picked":"Empty Cage"}],"items_purged_floors":[14,29,47],"is_endless":false,"potions_floor_spawned":[1,2,8,10,23,25,30,36,41,44,48],"ascension_level":2}