{"gold_per_floor":[115,129,147,164,164,164,197,122,146,146,163,178,190,206,206,306,306,318,418,418,30,45,45,57,88,88,88,108,108,108,124,124,229,229,240,258,258,276,40,71,71,84,84,84,58,70,70,170,170,170],"floor_reached":51,"playtime":11840,"items_purged":["Strike_G","Strike_G","Strike_G+1"],"score":760,"play_id":"946b23e1-75c0-451b-be33-6d7e86ed605b","local_time":"20190611142901","is_ascension_mode":true,"campfire_choices":[{"data":"Neutralize","floor":6,"key":"SMITH"},{"data":"Dagger Spray","floor":10,"key":"SMITH"},{"data":"Dagger Spray","floor":15,"key":"SMITH"},{"floor":23,"key":"REST"},{"floor":27,"key":"REST"},{"floor":32,"key":"REST"},{"floor":41,"key":"REST"},{"floor":44,"key":"REST"},{"floor":47,"key":"REST"},{"floor":49,"key":"REST"}],"neow_cost":"NONE","seed_source_timestamp":2246474028662600,"circlet_count":0,"master_deck":["Defend_G+1","Defend_G+1","Defend_G+1","Defend_G+1","Defend_G+1","Strike_G+1","Strike_G+1","Survivor","Neutralize+1","Dagger Spray+1","Bouncing Flask","Backstab","Backstab","PiercingWail+1","Dagger Spray+1","Deflect","Poisoned Stab","Glass Knife","Cloak And Dagger+1","Terror+1","Necronomicurse","Caltrops","Deadly Poison+1","Deflect+1","PiercingWail+1","Night Terror+1","Cloak And Dagger+1","Backflip+1","Backflip+1","Noxious Fumes","Catalyst+1","Burst+1","PiercingWail+1","Backflip+1","Deadly Poison+1","Backflip+1"],"relics":["Lizard Tail","Lantern","Ancient Tea Set","Fusion Hammer","Torii","Ninja Scroll","Necronomicon","Toxic Egg 2","Strawberry","Blue Candle","White Beast Statue","War Paint","Turnip","Gambling Chip"],"potions_floor_usage":[7,11,16,19,19,25,33,42,46,50,50,50],"damage_taken":[{"damage":1,"enemies":"Jaw Worm","floor":1,"turns":5},{"damage":2,"enemies":"Cultist","floor":2,"turns":6},{"damage":0,"enemies":"Small Slimes","floor":3,"turns":3},{"damage":0,"enemies":"3 Louse","floor":4,"turns":3},{"damage":13,"enemies":"Lagavulin","floor":7,"turns":5},{"damage":0,"enemies":"Looter","floor":11,"turns":1},{"damage":0,"enemies":"Blue Slaver","floor":12,"turns":3},{"damage":13,"enemies":"Exordium Thugs","floor":13,"turns":3},{"damage":0,"enemies":"Large Slime","floor":14,"turns":6},{"damage":13,"enemies":"Hexaghost","floor":16,"turns":12},{"damage":11,"enemies":"Shell Parasite","floor":18,"turns":5},{"damage":15,"enemies":"Colosseum Slavers","floor":19,"turns":4},{"damage":5,"enemies":"Colosseum Nobs","floor":19,"turns":5},{"damage":1,"enemies":"Chosen","floor":22,"turns":4},{"damage":8,"enemies":"Centurion and Healer","floor":24,"turns":6},{"damage":7,"enemies":"Book of Stabbing","floor":25,"turns":4},{"damage":1,"enemies":"Snecko","floor":28,"turns":3},{"damage":3,"enemies":"Snake Plant","floor":31,"turns":3},{"damage":48,"enemies":"Automaton","floor":33,"turns":11},{"damage":1,"enemies":"3 Darklings","floor":35,"turns":3},{"damage":5,"enemies":"3 Shapes","floor":36,"turns":7},{"damage":38,"enemies":"Maw","floor":38,"turns":10},{"damage":48,"enemies":"Nemesis","floor":40,"turns":9},{"damage":17,"enemies":"Jaw Worm Horde","floor":42,"turns":5},{"damage":7,"enemies":"Sphere and 2 Shapes","floor":46,"turns":5},{"damage":0,"enemies":"Mind Bloom Boss Battle","floor":48,"turns":5},{"damage":40,"enemies":"Awakened One","floor":50,"turns":17}],"seed_played":"6576512058022999620","potions_obtained":[{"floor":2,"key":"Energy Potion"},{"floor":3,"key":"SteroidPotion"},{"floor":4,"key":"Weak Potion"},{"floor":5,"key":"Explosive Potion"},{"floor":5,"key":"FairyPotion"},{"floor":5,"key":"PowerPotion"},{"floor":13,"key":"SkillPotion"},{"floor":16,"key":"PowerPotion"},{"floor":18,"key":"Dexterity Potion"},{"floor":22,"key":"Ancient Potion"},{"floor":28,"key":"Fire Potion"},{"floor":31,"key":"PowerPotion"},{"floor":35,"key":"Weak Potion"},{"floor":36,"key":"Dexterity Potion"},{"floor":38,"key":"Strength Potion"},{"floor":40,"key":"GamblersBrew"},{"floor":42,"key":"Swift Potion"},{"floor":46,"key":"Fire Potion"}],"is_trial":false,"path_per_floor":["M","M","M","M","?","R","E","$","T","R","M","M","M","M","R","B",null,"M","?","?","$","M","R","M","E","T","R","M","?","$","M","R","B",null,"M","M","?","M","$","E","R","M","T","R","$","M","R","?","R","B",null],"character_chosen":"THE_SILENT","items_purchased":["Toxic Egg 2","PowerPotion","Noxious Fumes","Catalyst+1","Backflip+1"],"campfire_rested":7,"item_purchase_floors":[21,21,39,39,45],"current_hp_per_floor":[69,67,67,67,67,67,54,54,54,54,54,54,41,41,41,28,70,59,39,23,23,22,43,35,35,35,58,57,57,57,54,77,29,77,76,71,71,33,33,7,30,13,13,36,36,29,52,52,75,35],"gold":170,"neow_bonus":"BOSS_RELIC","is_prod":false,"is_daily":false,"chose_seed":false,"campfire_upgraded":3,"win_rate":0,"timestamp":1560277741,"path_taken":["M","M","M","M","?","R","E","$","T","R","?","M","M","M","R","BOSS","M","?","?","$","M","R","M","E","T","R","M","?","?","M","R","BOSS","M","M","?","M","?","E","R","M","T","R","$","M","R","?","R","BOSS"],"build_version":"2019-01-23","purchased_purges":3,"victory":true,"max_hp_per_floor":[70,70,70,70,70,70,70,70,70,70,70,70,70,70,70,70,70,70,70,70,70,70,70,70,77,77,77,77,77,77,77,77,77,77,77,77,77,77,77,77,77,77,77,77,77,77,77,77,77,77],"card_choices":[{"not_picked":["Cloak And Dagger","Dagger Throw"],"picked":"Dagger Spray","floor":1},{"not_picked":["Escape Plan","Accuracy"],"picked":"Bouncing Flask","floor":2},{"not_picked":["Infinite Blades","Sucker Punch"],"picked":"Backstab","floor":3},{"not_picked":["Quick Slash","Dagger Spray"],"picked":"Backstab","floor":4},{"not_picked":["Corpse Explosion","Bane"],"picked":"PiercingWail","floor":7},{"not_picked":["Dash","PiercingWail"],"picked":"Dagger Spray","floor":11},{"not_picked":["Slice","Dodge and Roll"],"picked":"Deflect","floor":12},{"not_picked":["PiercingWail","Eviscerate"],"picked":"Poisoned Stab","floor":13},{"not_picked":["Flying Knee","Tools of the Trade","Underhanded Strike"],"picked":"SKIP","floor":14},{"not_picked":["Bullet Time","Tools of the Trade"],"picked":"Glass Knife","floor":16},{"not_picked":["PiercingWail","Predator+1"],"picked":"Cloak And Dagger+1","floor":18},{"not_picked":["Reflex+1","Dagger Throw"],"picked":"Terror","floor":19},{"not_picked":["Quick Slash","Flechettes"],"picked":"Caltrops","floor":22},{"not_picked":["Flying Knee+1","Setup+1"],"picked":"Deadly Poison+1","floor":24},{"not_picked":["Distraction+1","Setup+1"],"picked":"Deflect+1","floor":25},{"not_picked":["Riddle With Holes","Poisoned Stab+1","Prepared+1"],"picked":"SKIP","floor":28},{"not_picked":["Dagger Spray","Acrobatics+1"],"picked":"PiercingWail+1","floor":31},{"not_picked":["Grand Finale","Doppelganger+1"],"picked":"Night Terror+1","floor":33},{"not_picked":["Dash","Poisoned Stab+1"],"picked":"Cloak And Dagger+1","floor":35},{"not_picked":["Dagger Throw+1","Prepared+1"],"picked":"Backflip+1","floor":36},{"not_picked":["Finisher","Cloak And Dagger+1"],"picked":"Backflip+1","floor":38},{"not_picked":["Prepared+1","Slice"],"picked":"Burst+1","floor":40},{"not_picked":["Dodge and Roll+1","Accuracy"],"picked":"PiercingWail+1","floor":42},{"not_picked":["Poisoned Stab+1","Riddle With Holes"],"picked":"Deadly Poison+1","floor":46},{"not_picked":["Dodge and Roll+1","All Out Attack"],"picked":"Backflip+1","floor":48}],"player_experience":1264065,"relics_obtained":[{"floor":7,"key":"Lantern"},{"floor":9,"key":"Ancient Tea Set"},{"floor":19,"key":"Torii"},{"floor":19,"key":"Ninja Scroll"},{"floor":20,"key":"Necronomicon"},{"floor":25,"key":"Strawberry"},{"floor":26,"key":"Blue Candle"},{"floor":40,"key":"War Paint"},{"floor":43,"key":"Turnip"},{"floor":48,"key":"Gambling Chip"}],"event_choices":[{"damage_healed":0,"gold_gain":0,"player_choice":"Got Potions","damage_taken":0,"max_hp_gain":0,"max_hp_loss":0,"event_name":"Lab","floor":5,"gold_loss":0},{"damage_healed":0,"gold_gain":0,"player_choice":"Fight","damage_taken":0,"max_hp_gain":0,"max_hp_loss":0,"event_name":"Colosseum","floor":19,"gold_loss":0},{"damage_healed":0,"gold_gain":0,"player_choice":"Fought Nobs","damage_taken":0,"max_hp_gain":0,"max_hp_loss":0,"event_name":"Colosseum","floor":19,"gold_loss":0},{"damage_healed":0,"gold_gain":0,"player_choice":"Obtained Book","damage_taken":16,"max_hp_gain":0,"max_hp_loss":0,"event_name":"Cursed Tome","floor":20,"gold_loss":0},{"damage_healed":0,"gold_gain":0,"player_choice":"Simplicity","damage_taken":0,"max_hp_gain":0,"max_hp_loss":0,"event_name":"Back to Basics","floor":29,"gold_loss":0,"cards_upgraded":["Defend_G","Defend_G","Defend_G","Defend_G","Defend_G","Strike_G","Strike_G","Strike_G"]},{"damage_healed":0,"gold_gain":0,"player_choice":"Ignored","damage_taken":0,"max_hp_gain":0,"max_hp_loss":0,"event_name":"NoteForYourself","floor":37,"gold_loss":0},{"damage_healed":0,"gold_gain":0,"player_choice":"Fight","damage_taken":0,"max_hp_gain":0,"max_hp_loss":0,"event_name":"MindBloom","floor":48,"gold_loss":0}],"is_beta":false,"boss_relics":[{"not_picked":["Runic Dome","Calling Bell"],"picked":"Fusion Hammer"},{"not_picked":["Eternal Feather","Philosopher\u0027s Stone"],"picked":"White Beast Statue"}],"items_purged_floors":[8,21,39],"is_endless":false,"potions_floor_spawned":[2,3,4,13,16,18,22,28,31,35,36,38,40,42,46,48],"ascension_level":1}