{"gold_per_floor":[115,115,129,143,154,154,165,175,198,198,212,137,154,154,154,258,258,273,291,47,47,47,47,47],"floor_reached":24,"playtime":1689,"items_purged":["Defend_R"],"score":200,"play_id":"2f01fae1-a650-450d-b49f-d837e4b2f786","local_time":"20180819130913","is_ascension_mode":true,"campfire_choices":[{"data":"Double Tap","floor":6,"key":"SMITH"},{"data":"Armaments","floor":10,"key":"SMITH"},{"data":"Evolve","floor":15,"key":"SMITH"},{"data":"Shrug It Off","floor":23,"key":"SMITH"}],"neow_cost":"NONE","seed_source_timestamp":398180747414978,"circlet_count":0,"master_deck":["Strike_R","Strike_R","Strike_R","Strike_R","Strike_R","Defend_R","Defend_R","Defend_R","Bash+1","Armaments+1","Shrug It Off","Cleave","Double Tap+1","Evolve+1","Ghostly Armor","Shrug It Off","Shrug It Off+1","Bash","Madness"],"relics":["Burning Blood","Dead Branch","Boot","Pen Nib","Black Star","Frozen Egg 2"],"potions_floor_usage":[16],"damage_taken":[{"damage":8,"enemies":"Jaw Worm","floor":1,"turns":3},{"damage":6,"enemies":"2 Louse","floor":3,"turns":2},{"damage":1,"enemies":"Cultist","floor":4,"turns":4},{"damage":10,"enemies":"Gremlin Gang","floor":5,"turns":4},{"damage":16,"enemies":"Large Slime","floor":7,"turns":6},{"damage":11,"enemies":"Lots of Slimes","floor":8,"turns":3},{"damage":1,"enemies":"Red Slaver","floor":11,"turns":5},{"damage":10,"enemies":"Looter","floor":13,"turns":3},{"damage":14,"enemies":"Slime Boss","floor":16,"turns":7},{"damage":35,"enemies":"Shell Parasite","floor":18,"turns":8},{"damage":10,"enemies":"Chosen","floor":19,"turns":4},{"damage":92,"enemies":"Gremlin Leader","floor":24,"turns":6}],"seed_played":"4690799124507821852","potions_obtained":[{"floor":1,"key":"FearPotion"},{"floor":5,"key":"BloodPotion"},{"floor":8,"key":"FearPotion"},{"floor":11,"key":"Energy Potion"},{"floor":13,"key":"EntropicBrew"}],"is_trial":false,"path_per_floor":["M","?","M","M","M","R","M","M","T","R","M","$","M","?","R","B",null,"M","M","$","?","?","R"],"character_chosen":"IRONCLAD","items_purchased":["Frozen Egg 2"],"campfire_rested":0,"item_purchase_floors":[20],"current_hp_per_floor":[78,75,75,80,76,76,66,61,61,61,66,66,62,62,62,54,80,51,47,47,47,90,90,0],"gold":47,"neow_bonus":"UPGRADE_CARD","is_prod":false,"is_daily":false,"chose_seed":false,"campfire_upgraded":4,"win_rate":0,"timestamp":1534673353,"path_taken":["M","?","M","M","M","R","M","M","T","R","M","$","?","?","R","BOSS","M","M","$","?","?","R","E"],"build_version":"2018-08-16","purchased_purges":1,"victory":false,"max_hp_per_floor":[80,80,80,80,80,80,80,80,80,80,80,80,80,80,80,80,80,80,80,80,80,90,90,90],"card_choices":[{"not_picked":["Anger","Warcry"],"picked":"Armaments","floor":1},{"not_picked":["Perfected Strike","Rupture"],"picked":"Shrug It Off","floor":3},{"not_picked":["Armaments","Anger"],"picked":"Cleave","floor":4},{"not_picked":["Hemokinesis","Heavy Blade"],"picked":"Double Tap","floor":5},{"not_picked":["Cleave","Anger"],"picked":"Evolve","floor":7},{"not_picked":["Sword Boomerang","Flex"],"picked":"Ghostly Armor","floor":8},{"not_picked":["Bloodletting","Dual Wield"],"picked":"Shrug It Off","floor":11},{"not_picked":["Warcry","Seeing Red","Anger"],"picked":"SKIP","floor":13},{"not_picked":["Double Tap","Bludgeon"],"picked":"Juggernaut","floor":16},{"not_picked":["Twin Strike","Inflame","Dual Wield"],"picked":"SKIP","floor":18},{"not_picked":["Uppercut","Warcry"],"picked":"Shrug It Off","floor":19}],"player_experience":66517,"relics_obtained":[{"floor":9,"key":"Boot"}],"event_choices":[{"event_name":"Scrap Ooze","player_choice":"success","floor":2,"damage_taken":3},{"event_name":"WeMeetAgain","player_choice":"Potion","floor":14,"damage_taken":0},{"event_name":"Match and Keep!","player_choice":"2 cards matched","floor":21,"damage_taken":0},{"event_name":"Match and Keep!","player_choice":"2 cards matched","floor":21,"damage_taken":0},{"event_name":"Bonfire Elementals","player_choice":"RARE","floor":22,"damage_taken":0}],"is_beta":false,"boss_relics":[{"not_picked":["Lizard Tail","Runic Pyramid"],"picked":"Black Star"}],"items_purged_floors":[12],"is_endless":false,"potions_floor_spawned":[1,5,8,11,13],"killed_by":"Gremlin Leader","ascension_level":1}