{"gold_per_floor":[111,111,111,129,129,129,161,161,161,196,212,51,51,62,62,62],"floor_reached":16,"playtime":622,"items_purged":[],"score":130,"play_id":"767024af-df0e-4b86-a3cd-957b6e487234","local_time":"20180829194503","is_ascension_mode":true,"campfire_choices":[{"data":"Armaments","floor":6,"key":"SMITH"},{"floor":8,"key":"REST"},{"floor":15,"key":"REST"}],"neow_cost":"NONE","seed_source_timestamp":285117844350333,"circlet_count":0,"master_deck":["Strike_R","Strike_R","Strike_R","Strike_R","Defend_R","Defend_R","Defend_R","Bash","Armaments+1","Shrug It Off","True Grit","Heavy Blade"],"relics":["Burning Blood","Potion Belt","Blue Candle","The Courier","Anchor","Toy Ornithopter"],"potions_floor_usage":[7,16,16],"damage_taken":[{"damage":0,"enemies":"2 Louse","floor":1,"turns":2},{"damage":0,"enemies":"Small Slimes","floor":4,"turns":3},{"damage":50,"enemies":"Lagavulin","floor":7,"turns":10},{"damage":59,"enemies":"3 Sentries","floor":10,"turns":15},{"damage":0,"enemies":"Cultist","floor":11,"turns":3},{"damage":1,"enemies":"Red Slaver","floor":14,"turns":4},{"damage":65,"enemies":"Slime Boss","floor":16,"turns":7}],"seed_played":"8761185223431387180","potions_obtained":[{"floor":1,"key":"Regen Potion"},{"floor":11,"key":"Weak Potion"},{"floor":14,"key":"LiquidBronze"}],"is_trial":false,"path_per_floor":["M","?","?","M","?","R","E","R","T","E","M","$","?","M","R"],"character_chosen":"IRONCLAD","items_purchased":["Toy Ornithopter"],"campfire_rested":2,"item_purchase_floors":[12],"current_hp_per_floor":[80,73,61,67,72,72,43,68,68,15,21,21,21,26,51,0],"gold":62,"neow_bonus":"REMOVE_CARD","is_prod":false,"is_daily":false,"chose_seed":false,"campfire_upgraded":1,"win_rate":0,"timestamp":1535561103,"path_taken":["M","?","?","M","?","R","E","R","T","E","?","?","?","?","R","BOSS"],"build_version":"2018-08-23v2","purchased_purges":0,"victory":false,"max_hp_per_floor":[80,80,80,80,85,85,85,85,85,85,85,85,85,85,85,85],"card_choices":[{"not_picked":["Clothesline","Perfected Strike"],"picked":"Armaments","floor":1},{"not_picked":["Clothesline","Rage","Sever Soul"],"picked":"SKIP","floor":4},{"not_picked":["Heavy Blade","Perfected Strike"],"picked":"Shrug It Off","floor":7},{"not_picked":["Pommel Strike","Shrug It Off"],"picked":"True Grit","floor":10},{"not_picked":["Warcry","Rampage","Combust"],"picked":"SKIP","floor":11},{"not_picked":["Warcry","Sever Soul"],"picked":"Heavy Blade","floor":14}],"player_experience":133920,"relics_obtained":[{"floor":7,"key":"Blue Candle"},{"floor":9,"key":"The Courier"},{"floor":10,"key":"Anchor"}],"event_choices":[{"event_name":"Golden Wing","player_choice":"Card Removal","floor":2,"damage_taken":0},{"event_name":"Scrap Ooze","player_choice":"success","floor":3,"damage_taken":12},{"event_name":"Big Fish","player_choice":"Donut","floor":5,"damage_taken":0},{"event_name":"Dead Adventurer","player_choice":"Searched \u00270\u0027 times","floor":13,"damage_taken":0}],"is_beta":false,"boss_relics":[],"items_purged_floors":[],"is_endless":false,"potions_floor_spawned":[1,11,14],"killed_by":"Slime Boss","ascension_level":4}