{"gold_per_floor":[112,130,130,143,143,143,163,174,174,186,220,230,264,277,277,376,426,413,423,423,58,58,90,101,118,118,67,79,93,73,83,83,185,185,200,212,212],"floor_reached":37,"playtime":3248,"items_purged":["Defend_R"],"score":509,"play_id":"06d994e3-6ba4-4465-808e-b49e32491b54","local_time":"20180817002648","is_ascension_mode":false,"campfire_choices":[{"data":"Body Slam","floor":6,"key":"SMITH"},{"floor":15,"key":"REST"},{"floor":32,"key":"REST"}],"neow_cost":"PERCENT_DAMAGE","seed_source_timestamp":178080105321808,"circlet_count":0,"master_deck":["Defend_R","Defend_R+1","Bash","Body Slam+1","Spot Weakness","Headbutt","Cleave","Perfected Strike","Headbutt","Cleave","Pommel Strike","Power Through","Carnage","Uppercut","Battle Trance","Warcry+1","Armaments","Bite","Bite","Bite","Bite","Bite","Necronomicurse","Impervious","Cleave","Infernal Blade","Shrug It Off","Intimidate+1","Twin Strike+1","Warcry+1","Demon Form","Warcry+1","Shrug It Off","Heavy Blade+1","Shockwave","Rampage","Cleave+1","Flex+1"],"relics":["Burning Blood","Pantograph","Sundial","Tiny House","Champion Belt","Necronomicon","Orichalcum","Calipers","Orrery"],"potions_floor_usage":[13,16,16,16,31,37],"damage_taken":[{"damage":5,"enemies":"Cultist","floor":1,"turns":4},{"damage":10,"enemies":"Jaw Worm","floor":2,"turns":5},{"damage":10,"enemies":"2 Louse","floor":4,"turns":3},{"damage":6,"enemies":"Exordium Thugs","floor":7,"turns":3},{"damage":11,"enemies":"Lots of Slimes","floor":8,"turns":4},{"damage":3,"enemies":"Exordium Wildlife","floor":10,"turns":4},{"damage":26,"enemies":"3 Sentries","floor":11,"turns":4},{"damage":8,"enemies":"2 Fungi Beasts","floor":12,"turns":3},{"damage":21,"enemies":"Lagavulin","floor":13,"turns":5},{"damage":10,"enemies":"Looter","floor":14,"turns":3},{"damage":50,"enemies":"Hexaghost","floor":16,"turns":7},{"damage":5,"enemies":"2 Thieves","floor":18,"turns":4},{"damage":9,"enemies":"Chosen","floor":19,"turns":4},{"damage":39,"enemies":"Gremlin Leader","floor":23,"turns":5},{"damage":9,"enemies":"Snake Plant","floor":24,"turns":3},{"damage":26,"enemies":"Centurion and Healer","floor":25,"turns":4},{"damage":12,"enemies":"Cultist and Chosen","floor":28,"turns":5},{"damage":9,"enemies":"Snake Plant","floor":29,"turns":3},{"damage":11,"enemies":"3 Cultists","floor":31,"turns":4},{"damage":68,"enemies":"Automaton","floor":33,"turns":8},{"damage":31,"enemies":"Flame Bruiser 1 Orb","floor":35,"turns":3},{"damage":29,"enemies":"3 Darklings","floor":36,"turns":5},{"damage":75,"enemies":"Flame Bruiser 2 Orb","floor":37,"turns":2}],"seed_played":"6234655435328548547","potions_obtained":[{"floor":1,"key":"Fire Potion"},{"floor":2,"key":"Fire Potion"},{"floor":4,"key":"EssenceOfSteel"},{"floor":14,"key":"FearPotion"},{"floor":16,"key":"EssenceOfSteel"},{"floor":17,"key":"SpeedPotion"},{"floor":18,"key":"Explosive Potion"},{"floor":25,"key":"Ancient Potion"},{"floor":33,"key":"SkillPotion"},{"floor":35,"key":"Weak Potion"}],"is_trial":false,"path_per_floor":["M","M","?","M","$","R","M","M","T","M","E","M","E","M","R","B",null,"M","M","?","$","?","E","M","M","T","$","M","M","?","M","R","B",null,"M","M"],"character_chosen":"IRONCLAD","items_purchased":["Champion Belt","Shrug It Off"],"campfire_rested":2,"item_purchase_floors":[21,27],"current_hp_per_floor":[70,66,66,62,62,62,62,57,57,60,40,40,27,25,53,36,101,101,98,98,98,82,55,54,42,42,42,40,39,39,40,70,39,101,78,63,0],"gold":212,"neow_bonus":"TWENTY_PERCENT_HP_BONUS","is_prod":false,"is_daily":false,"chose_seed":false,"campfire_upgraded":1,"win_rate":0.0,"timestamp":1534454808,"path_taken":["M","M","?","M","?","R","?","M","T","M","E","?","E","M","R","BOSS","M","M","?","$","?","E","M","M","T","$","M","M","?","M","R","BOSS","M","M","M"],"build_version":"2018-08-09","purchased_purges":1,"victory":false,"max_hp_per_floor":[96,96,96,96,96,96,96,96,96,96,96,96,96,96,96,96,101,101,101,101,101,101,101,101,101,101,101,101,101,101,101,101,101,101,101,101,101],"card_choices":[{"not_picked":["Disarm","Reckless Charge"],"picked":"Body Slam","floor":1},{"not_picked":["Iron Wave","Headbutt"],"picked":"Spot Weakness","floor":2},{"not_picked":["Heavy Blade","Feel No Pain"],"picked":"Cleave","floor":4},{"not_picked":["Iron Wave","Spot Weakness"],"picked":"Perfected Strike","floor":7},{"not_picked":["Offering","Sever Soul"],"picked":"Headbutt","floor":8},{"not_picked":["Anger","Perfected Strike"],"picked":"Cleave","floor":10},{"not_picked":["Anger","Fire Breathing"],"picked":"Pommel Strike","floor":11},{"not_picked":["Rampage","Pommel Strike"],"picked":"Power Through","floor":12},{"not_picked":["Warcry","Anger"],"picked":"Carnage","floor":13},{"not_picked":["Headbutt","Reaper"],"picked":"Uppercut","floor":14},{"not_picked":["Headbutt","Anger"],"picked":"Battle Trance","floor":17},{"not_picked":["Clash","Second Wind"],"picked":"Warcry+1","floor":18},{"not_picked":["Heavy Blade","Headbutt"],"picked":"Armaments","floor":19},{"not_picked":["Metallicize+1","Reaper"],"picked":"Impervious","floor":23},{"not_picked":["Pommel Strike","Thunderclap"],"picked":"Cleave","floor":24},{"not_picked":["Carnage","Burning Pact"],"picked":"Infernal Blade","floor":25},{"not_picked":["Body Slam","Clash"],"picked":"Intimidate+1","floor":28},{"not_picked":["Warcry","Metallicize"],"picked":"Twin Strike+1","floor":29},{"not_picked":["Thunderclap","Sword Boomerang"],"picked":"Warcry+1","floor":31},{"not_picked":["Reaper","Juggernaut"],"picked":"Demon Form","floor":33},{"not_picked":["Twin Strike+1","Heavy Blade"],"picked":"Warcry+1","floor":34},{"not_picked":["Bloodletting","Clash"],"picked":"Shrug It Off","floor":34},{"not_picked":["Clash","Iron Wave+1"],"picked":"Heavy Blade+1","floor":34},{"not_picked":["Reckless Charge","Anger"],"picked":"Shockwave","floor":34},{"not_picked":["Sword Boomerang+1","Iron Wave"],"picked":"Rampage","floor":34},{"not_picked":["True Grit","Body Slam"],"picked":"Cleave+1","floor":35},{"not_picked":["Shockwave","Perfected Strike+1"],"picked":"Flex+1","floor":36}],"player_experience":5293,"relics_obtained":[{"floor":9,"key":"Pantograph"},{"floor":11,"key":"Blood Vial"},{"floor":13,"key":"Sundial"},{"floor":22,"key":"Necronomicon"},{"floor":23,"key":"Orichalcum"},{"floor":26,"key":"Calipers"}],"event_choices":[{"event_name":"Living Wall","player_choice":"Change","floor":3,"damage_taken":0},{"event_name":"Vampires","player_choice":"Became a vampire (Vial)","floor":20,"damage_taken":0},{"event_name":"Cursed Tome","player_choice":"Obtained Book","floor":22,"damage_taken":0},{"event_name":"The Woman in Blue","player_choice":"Bought 1 Potion","floor":30,"damage_taken":0}],"is_beta":false,"boss_relics":[{"not_picked":["Cursed Key","Lizard Tail"],"picked":"Tiny House"},{"not_picked":["Empty Cage","Calling Bell"],"picked":"Orrery"}],"items_purged_floors":[21],"is_endless":false,"potions_floor_spawned":[1,2,4,10,14,16,18,23,25,28,33,35,36],"killed_by":"Flame Bruiser 2 Orb","ascension_level":0}