{"gold_per_floor":[110,110,185,185,203,203,234,255,309,309,259,259,294,74,74,74],"floor_reached":16,"playtime":638,"items_purged":["Strike_G"],"score":138,"play_id":"e4639cd1-26a0-449f-a65e-55b96aade08a","local_time":"20190601015851","is_ascension_mode":true,"campfire_choices":[{"data":"Sucker Punch","floor":6,"key":"SMITH"},{"data":"Neutralize","floor":12,"key":"SMITH"},{"floor":15,"key":"REST"}],"neow_cost":"NONE","seed_source_timestamp":34352063091999,"circlet_count":0,"master_deck":["Defend_G","Defend_G","Defend_G","Defend_G","Defend_G","Strike_G","Strike_G","Survivor","Neutralize+1","Sucker Punch+1","Dagger Spray","Dagger Throw","Unload","Tactician","Dodge and Roll"],"relics":["Philosopher\u0027s Stone","Golden Idol","Orichalcum","Art of War","MawBank","Bag of Preparation"],"potions_floor_usage":[7],"damage_taken":[{"damage":0,"enemies":"Cultist","floor":1,"turns":4},{"damage":9,"enemies":"Small Slimes","floor":5,"turns":4},{"damage":17,"enemies":"Lagavulin","floor":7,"turns":6},{"damage":8,"enemies":"Jaw Worm","floor":8,"turns":3},{"damage":10,"enemies":"Gremlin Nob","floor":13,"turns":5},{"damage":28,"enemies":"Hexaghost","floor":16,"turns":14}],"seed_played":"6033733554168994447","potions_obtained":[{"floor":5,"key":"Fire Potion"},{"floor":8,"key":"Weak Potion"},{"floor":13,"key":"Dexterity Potion"}],"is_trial":false,"path_per_floor":["M","?","?","?","M","R","E","M","T","?","?","R","E","$","R","B"],"character_chosen":"THE_SILENT","items_purchased":["Bag of Preparation"],"campfire_rested":1,"item_purchase_floors":[14],"current_hp_per_floor":[63,63,52,52,43,43,26,18,18,18,18,18,8,8,27,0],"gold":74,"neow_bonus":"BOSS_RELIC","is_prod":false,"is_daily":false,"chose_seed":false,"campfire_upgraded":2,"win_rate":0,"timestamp":1559334531,"path_taken":["M","?","?","?","?","R","E","M","T","?","?","R","E","$","R","BOSS"],"build_version":"2019-01-23","purchased_purges":1,"victory":false,"max_hp_per_floor":[70,65,65,65,65,65,65,65,65,65,65,65,65,65,65,65],"card_choices":[{"not_picked":["Dagger Throw","All Out Attack"],"picked":"Sucker Punch","floor":1},{"not_picked":["Cloak And Dagger","Prepared"],"picked":"Dagger Spray","floor":5},{"not_picked":["Cloak And Dagger","Dagger Spray"],"picked":"Dagger Throw","floor":7},{"not_picked":["Cloak And Dagger","Poisoned Stab"],"picked":"Unload","floor":8},{"not_picked":["Sucker Punch","Flechettes"],"picked":"Dodge and Roll","floor":13}],"player_experience":246865,"relics_obtained":[{"floor":7,"key":"Orichalcum"},{"floor":9,"key":"Art of War"},{"floor":13,"key":"MawBank"}],"event_choices":[{"damage_healed":0,"gold_gain":0,"player_choice":"Lose Max HP","damage_taken":0,"relics_obtained":["Golden Idol"],"max_hp_gain":0,"max_hp_loss":5,"event_name":"Golden Idol","floor":2,"gold_loss":0},{"damage_healed":0,"gold_gain":75,"player_choice":"Gather Gold","damage_taken":11,"max_hp_gain":0,"max_hp_loss":0,"event_name":"World of Goop","floor":3,"gold_loss":0},{"damage_healed":0,"gold_gain":0,"player_choice":"Ignored","damage_taken":0,"max_hp_gain":0,"max_hp_loss":0,"event_name":"Liars Game","floor":4,"gold_loss":0},{"damage_healed":0,"gold_gain":0,"cards_transformed":["Strike_G"],"player_choice":"Change","damage_taken":0,"max_hp_gain":0,"max_hp_loss":0,"event_name":"Living Wall","floor":10,"gold_loss":0,"cards_obtained":["Tactician"]},{"cards_removed":["Strike_G"],"damage_healed":0,"gold_gain":0,"player_choice":"Card Removal","damage_taken":0,"max_hp_gain":0,"max_hp_loss":0,"event_name":"The Cleric","floor":11,"gold_loss":50}],"is_beta":false,"boss_relics":[],"items_purged_floors":[14],"is_endless":false,"potions_floor_spawned":[5,8,13],"killed_by":"Hexaghost","ascension_level":6}