{"gold_per_floor":[112,124,135,7,7,35,35,62,62,62,62,82,99,24,24,98,98,114,114,133,160,172,172],"floor_reached":23,"playtime":1283,"items_purged":["Strike_B"],"score":402,"play_id":"38ceb7fc-97d9-47c1-b27a-fa8ab8c478ce","local_time":"20190611152709","is_ascension_mode":true,"campfire_choices":[{"data":"Zap","floor":7,"key":"SMITH"},{"floor":10,"key":"REST"},{"data":"Defragment","floor":15,"key":"SMITH"}],"neow_cost":"NONE","seed_source_timestamp":408946166222200,"circlet_count":0,"master_deck":["AscendersBane","Defend_B","Defend_B","Defend_B","Zap+1","Dualcast+1","Echo Form","Streamline","Undo","Glacier","Compile Driver","Cold Snap","Defragment+1","Fission","Tempest+1","Redo+1","Redo+1","Self Repair+1","Cold Snap","Cold Snap"],"relics":["Cracked Core","Girya","Pantograph","Symbiotic Virus","Astrolabe","Centennial Puzzle"],"potions_floor_usage":[6,6,16,20,23,23],"damage_taken":[{"damage":0,"enemies":"2 Louse","floor":1,"turns":3},{"damage":1,"enemies":"Cultist","floor":2,"turns":4},{"damage":4,"enemies":"Small Slimes","floor":3,"turns":5},{"damage":2,"enemies":"Lagavulin","floor":6,"turns":7},{"damage":32,"enemies":"Gremlin Nob","floor":8,"turns":4},{"damage":7,"enemies":"Exordium Wildlife","floor":12,"turns":3},{"damage":7,"enemies":"2 Fungi Beasts","floor":13,"turns":3},{"damage":45,"enemies":"Hexaghost","floor":16,"turns":11},{"damage":6,"enemies":"3 Byrds","floor":18,"turns":6},{"damage":13,"enemies":"2 Thieves","floor":20,"turns":4},{"damage":9,"enemies":"Snecko","floor":22,"turns":7},{"damage":54,"enemies":"Slavers","floor":23,"turns":3}],"seed_played":"-8732440197470801258","potions_obtained":[{"floor":3,"key":"Energy Potion"},{"floor":6,"key":"LiquidBronze"},{"floor":12,"key":"Dexterity Potion"},{"floor":16,"key":"AttackPotion"},{"floor":20,"key":"Ancient Potion"}],"is_trial":false,"path_per_floor":["M","M","M","$","?","E","R","E","T","R","?","M","M","$","R","B",null,"M","?","M","T","M","E"],"character_chosen":"DEFECT","items_purchased":["Glacier","Weak Potion"],"campfire_rested":1,"item_purchase_floors":[4,4],"current_hp_per_floor":[64,63,59,59,52,50,50,18,18,39,39,32,25,25,25,5,55,49,42,49,49,50,0],"gold":172,"neow_bonus":"ONE_RANDOM_RARE_CARD","is_prod":false,"is_daily":false,"chose_seed":false,"campfire_upgraded":2,"win_rate":0,"timestamp":1560281229,"path_taken":["M","M","M","$","?","E","R","E","T","R","?","M","M","$","R","BOSS","M","?","?","?","M","E"],"build_version":"2019-01-23","purchased_purges":1,"victory":false,"max_hp_per_floor":[71,71,71,71,71,71,71,71,71,71,71,71,71,71,71,71,71,71,71,71,71,71,71],"card_choices":[{"not_picked":["Sweeping Beam","Sunder"],"picked":"Streamline","floor":1},{"not_picked":["Rebound","Reprogram"],"picked":"Undo","floor":2},{"not_picked":["Storm","Skim","Redo"],"picked":"SKIP","floor":3},{"not_picked":["Reinforced Body","Heatsinks"],"picked":"Compile Driver","floor":6},{"not_picked":["Turbo","Storm","Compile Driver"],"picked":"SKIP","floor":8},{"not_picked":["Stack","Steam"],"picked":"Cold Snap","floor":12},{"not_picked":["Darkness","Cold Snap"],"picked":"Defragment","floor":13},{"not_picked":["Machine Learning","Buffer"],"picked":"Fission","floor":16},{"not_picked":["Undo","Streamline"],"picked":"Self Repair+1","floor":18},{"not_picked":["Leap","Hologram"],"picked":"Cold Snap","floor":20},{"not_picked":["Streamline","Heatsinks"],"picked":"Cold Snap","floor":22}],"player_experience":504682,"relics_obtained":[{"floor":6,"key":"Girya"},{"floor":8,"key":"Pantograph"},{"floor":9,"key":"Symbiotic Virus"},{"floor":21,"key":"Centennial Puzzle"}],"event_choices":[{"cards_removed":["Strike_B"],"damage_healed":0,"gold_gain":0,"player_choice":"Card Removal","damage_taken":7,"max_hp_gain":0,"max_hp_loss":0,"event_name":"Golden Wing","floor":5,"gold_loss":0},{"damage_healed":0,"gold_gain":0,"player_choice":"Upgraded","damage_taken":0,"max_hp_gain":0,"max_hp_loss":0,"event_name":"Upgrade Shrine","floor":11,"gold_loss":0,"cards_upgraded":["Dualcast"]},{"damage_healed":0,"gold_gain":0,"player_choice":"","damage_taken":7,"max_hp_gain":0,"max_hp_loss":0,"event_name":"Knowing Skull","floor":19,"potions_obtained":[],"gold_loss":0,"cards_obtained":[]}],"is_beta":false,"boss_relics":[{"not_picked":["Orrery","Sozu"],"picked":"Astrolabe"}],"items_purged_floors":[14],"is_endless":false,"potions_floor_spawned":[3,6,12,16,20],"killed_by":"Slavers","ascension_level":20}