{"gold_per_floor":[112,72,91,111,127,153,153,165,165,45,10,25,25,60,60,162,162,172,191,191,191],"floor_reached":21,"playtime":1041,"items_purged":[],"score":248,"play_id":"c6614cd6-f430-4246-a5a7-28a68dbb6129","local_time":"20190124221705","is_ascension_mode":true,"campfire_choices":[{"data":"Shockwave","floor":7,"key":"SMITH"},{"data":"Flame Barrier","floor":13,"key":"SMITH"},{"data":"Heavy Blade","floor":15,"key":"SMITH"}],"neow_cost":"NONE","seed_source_timestamp":42951930300900,"circlet_count":0,"master_deck":["Bash","Heavy Blade+1","Flame Barrier+1","Cleave+1","Sentinel","Shockwave+1","Evolve","Shrug It Off","True Grit","Limit Break","Juggernaut","Sentinel","Dual Wield","Whirlwind","Dropkick","Battle Trance","Evolve","Rupture","Thunderclap","Bludgeon","Spot Weakness"],"relics":["Burning Blood","Pantograph","Ornamental Fan","Pandora\u0027s Box","Nloth\u0027s Gift"],"potions_floor_usage":[6,14,16,16,19,21],"damage_taken":[{"damage":8,"enemies":"Jaw Worm","floor":1,"turns":5},{"damage":1,"enemies":"Cultist","floor":3,"turns":3},{"damage":2,"enemies":"2 Louse","floor":4,"turns":2},{"damage":19,"enemies":"Red Slaver","floor":5,"turns":4},{"damage":21,"enemies":"3 Sentries","floor":6,"turns":8},{"damage":4,"enemies":"Exordium Thugs","floor":8,"turns":3},{"damage":20,"enemies":"Lots of Slimes","floor":12,"turns":4},{"damage":26,"enemies":"Gremlin Nob","floor":14,"turns":4},{"damage":59,"enemies":"The Guardian","floor":16,"turns":21},{"damage":35,"enemies":"Shell Parasite","floor":18,"turns":5},{"damage":24,"enemies":"2 Thieves","floor":19,"turns":3},{"damage":24,"enemies":"Shelled Parasite and Fungi","floor":21,"turns":4}],"seed_played":"2160204181647097672","potions_obtained":[{"floor":2,"key":"PowerPotion"},{"floor":2,"key":"PowerPotion"},{"floor":2,"key":"SpeedPotion"},{"floor":6,"key":"Poison Potion"},{"floor":14,"key":"AttackPotion"},{"floor":16,"key":"Explosive Potion"}],"is_trial":false,"path_per_floor":["M","?","M","M","M","E","R","M","T","$","?","M","R","E","R","B",null,"M","M","?","M"],"character_chosen":"IRONCLAD","items_purchased":["Evolve","Shrug It Off"],"campfire_rested":0,"item_purchase_floors":[10,10],"current_hp_per_floor":[78,78,83,87,74,59,59,61,61,61,83,69,69,49,49,21,71,42,24,24,0],"gold":191,"neow_bonus":"TEN_PERCENT_HP_BONUS","is_prod":false,"is_daily":false,"chose_seed":false,"campfire_upgraded":3,"win_rate":0,"timestamp":1548357425,"path_taken":["M","?","?","M","M","E","R","M","T","$","?","M","R","E","R","BOSS","M","M","?","M"],"build_version":"2019-01-23","purchased_purges":0,"victory":false,"max_hp_per_floor":[88,88,88,88,88,88,88,88,88,88,88,88,88,88,88,88,88,88,88,88,88],"card_choices":[{"not_picked":["Thunderclap","Cleave"],"picked":"Heavy Blade","floor":1},{"not_picked":["Twin Strike","Ghostly Armor"],"picked":"Flame Barrier","floor":3},{"not_picked":["Metallicize","Twin Strike"],"picked":"Cleave","floor":4},{"not_picked":["Sword Boomerang","Anger"],"picked":"Sentinel","floor":5},{"not_picked":["Blood for Blood","Flex"],"picked":"Shockwave","floor":6},{"not_picked":["Fire Breathing","Rage","Headbutt"],"picked":"SKIP","floor":8},{"not_picked":["Flex","Pummel"],"picked":"True Grit","floor":12},{"not_picked":["Infernal Blade","Clash"],"picked":"Limit Break","floor":14},{"not_picked":["Brutality","Fiend Fire"],"picked":"Juggernaut","floor":16},{"not_picked":["True Grit","Anger+1"],"picked":"Spot Weakness","floor":18},{"not_picked":["Wild Strike","Twin Strike","Headbutt"],"picked":"SKIP","floor":19}],"player_experience":157717,"relics_obtained":[{"floor":6,"key":"Whetstone"},{"floor":9,"key":"Pantograph"},{"floor":14,"key":"Ornamental Fan"}],"event_choices":[{"damage_healed":0,"gold_gain":0,"player_choice":"Bought 3 Potions","damage_taken":0,"max_hp_gain":0,"max_hp_loss":0,"event_name":"The Woman in Blue","floor":2,"gold_loss":0},{"damage_healed":22,"gold_gain":0,"player_choice":"Healed","damage_taken":0,"max_hp_gain":0,"max_hp_loss":0,"event_name":"The Cleric","floor":11,"gold_loss":35},{"damage_healed":0,"gold_gain":0,"player_choice":"Traded Relic","damage_taken":0,"relics_obtained":["Nloth\u0027s Gift"],"max_hp_gain":0,"max_hp_loss":0,"event_name":"N\u0027loth","floor":20,"relics_lost":["Whetstone"],"gold_loss":0}],"is_beta":false,"boss_relics":[{"not_picked":["Philosopher\u0027s Stone","Calling Bell"],"picked":"Pandora\u0027s Box"}],"items_purged_floors":[],"is_endless":false,"potions_floor_spawned":[3,6,8,14,16],"killed_by":"Shelled Parasite and Fungi","ascension_level":6}