{"gold_per_floor":[113,113,133,208,221,221,253,271,296,296,296,357,377,377,377,503,503,523,523,523],"floor_reached":20,"playtime":1354,"items_purged":[],"score":237,"play_id":"de4a0d53-4af7-48d8-a2da-afdf94be61a5","local_time":"20190601014802","is_ascension_mode":true,"campfire_choices":[{"data":"Footwork","floor":6,"key":"SMITH"},{"data":"Terror","floor":10,"key":"SMITH"},{"floor":15,"key":"REST"}],"neow_cost":"NONE","seed_source_timestamp":32987102330100,"circlet_count":0,"master_deck":["Defend_G","Defend_G","Defend_G","Defend_G","Defend_G","Strike_G","Survivor","Neutralize","Footwork+1","Cloak And Dagger","Terror+1","Unload","Sucker Punch","A Thousand Cuts","Choke+1","Noxious Fumes+1","Setup+1","Leg Sweep"],"relics":["Ring of the Snake","Bronze Scales","Anchor","Tiny Chest","Bloody Idol","Astrolabe"],"potions_floor_usage":[7,12,20],"damage_taken":[{"damage":3,"enemies":"2 Louse","floor":1,"turns":3},{"damage":2,"enemies":"Jaw Worm","floor":3,"turns":5},{"damage":0,"enemies":"Small Slimes","floor":5,"turns":4},{"damage":16,"enemies":"3 Sentries","floor":7,"turns":11},{"damage":0,"enemies":"3 Louse","floor":8,"turns":2},{"damage":7,"enemies":"Lagavulin","floor":12,"turns":5},{"damage":1,"enemies":"2 Fungi Beasts","floor":13,"turns":4},{"damage":8,"enemies":"The Guardian","floor":16,"turns":14},{"damage":12,"enemies":"Shell Parasite","floor":18,"turns":6},{"damage":11,"enemies":"Colosseum Slavers","floor":20,"turns":5},{"damage":44,"enemies":"Colosseum Nobs","floor":20,"turns":3}],"seed_played":"2849875904921222741","potions_obtained":[{"floor":5,"key":"Explosive Potion"},{"floor":7,"key":"Weak Potion"},{"floor":8,"key":"LiquidBronze"}],"is_trial":false,"path_per_floor":["M","?","M","?","M","R","E","M","T","R","?","E","M","?","R","B",null,"M","?","?"],"character_chosen":"THE_SILENT","items_purchased":[],"campfire_rested":1,"item_purchase_floors":[],"current_hp_per_floor":[67,67,65,54,54,54,38,38,38,38,31,24,23,23,44,36,62,50,50,0],"gold":523,"neow_bonus":"TEN_PERCENT_HP_BONUS","is_prod":false,"is_daily":false,"chose_seed":false,"campfire_upgraded":2,"win_rate":0,"timestamp":1559333882,"path_taken":["M","?","M","?","M","R","E","M","T","R","?","E","M","?","R","BOSS","M","?","?"],"build_version":"2019-01-23","purchased_purges":0,"victory":false,"max_hp_per_floor":[77,77,77,77,77,77,77,77,77,77,77,77,77,71,71,71,71,71,71,71],"card_choices":[{"not_picked":["Cloak And Dagger","Deadly Poison"],"picked":"Footwork","floor":1},{"not_picked":["Dagger Spray","Underhanded Strike"],"picked":"Cloak And Dagger","floor":3},{"not_picked":["Bullet Time","Outmaneuver"],"picked":"Terror","floor":5},{"not_picked":["Setup","Deflect"],"picked":"Unload","floor":7},{"not_picked":["Deadly Poison","Backflip"],"picked":"Sucker Punch","floor":8},{"not_picked":["Distraction","Catalyst","Bane"],"picked":"SKIP","floor":12},{"not_picked":["Dagger Spray","Underhanded Strike","Riddle With Holes"],"picked":"SKIP","floor":13},{"not_picked":["Die Die Die","Storm of Steel"],"picked":"A Thousand Cuts","floor":16},{"not_picked":["Poisoned Stab","Calculated Gamble+1"],"picked":"Leg Sweep","floor":18}],"player_experience":245511,"relics_obtained":[{"floor":7,"key":"Bronze Scales"},{"floor":9,"key":"Anchor"},{"floor":12,"key":"Tiny Chest"}],"event_choices":[{"damage_healed":0,"gold_gain":0,"player_choice":"Ignored","damage_taken":0,"max_hp_gain":0,"max_hp_loss":0,"event_name":"Liars Game","floor":2,"gold_loss":0},{"damage_healed":0,"gold_gain":75,"player_choice":"Gather Gold","damage_taken":11,"max_hp_gain":0,"max_hp_loss":0,"event_name":"World of Goop","floor":4,"gold_loss":0},{"cards_removed":["Strike_G"],"damage_healed":0,"gold_gain":0,"player_choice":"Card Removal","damage_taken":7,"max_hp_gain":0,"max_hp_loss":0,"event_name":"Golden Wing","floor":11,"gold_loss":0},{"damage_healed":0,"gold_gain":0,"player_choice":"Lose Max HP","damage_taken":0,"relics_obtained":["Golden Idol"],"max_hp_gain":0,"max_hp_loss":6,"event_name":"Golden Idol","floor":14,"gold_loss":0},{"damage_healed":0,"gold_gain":0,"player_choice":"Gave Idol","damage_taken":0,"relics_obtained":["Bloody Idol"],"max_hp_gain":0,"max_hp_loss":0,"event_name":"Forgotten Altar","floor":19,"relics_lost":["Golden Idol"],"gold_loss":0},{"damage_healed":0,"gold_gain":0,"player_choice":"Fight","damage_taken":0,"max_hp_gain":0,"max_hp_loss":0,"event_name":"Colosseum","floor":20,"gold_loss":0},{"damage_healed":0,"gold_gain":0,"player_choice":"Fought Nobs","damage_taken":0,"max_hp_gain":0,"max_hp_loss":0,"event_name":"Colosseum","floor":20,"gold_loss":0}],"is_beta":false,"boss_relics":[{"not_picked":["White Beast Statue","Ring of the Serpent"],"picked":"Astrolabe"}],"items_purged_floors":[],"is_endless":false,"potions_floor_spawned":[5,7,8,20],"killed_by":"Colosseum Nobs","ascension_level":6}