{"gold_per_floor":[117,127,141,141,216,216,248,248,328,346,346,380,394,414,414,511,511,522,536,536,536,536],"floor_reached":22,"playtime":1193,"items_purged":[],"score":245,"play_id":"862f4cb9-5153-4065-b8bb-30ac779196ae","local_time":"20180910215210","is_ascension_mode":true,"campfire_choices":[{"data":"Armaments","floor":6.0,"key":"SMITH"},{"floor":8.0,"key":"REST"},{"floor":11.0,"key":"REST"},{"data":"Disarm","floor":15.0,"key":"SMITH"}],"neow_cost":"PERCENT_DAMAGE","seed_source_timestamp":458118440919352,"circlet_count":0,"master_deck":["Strike_R","Strike_R","Defend_R","Defend_R","Defend_R","Defend_R","Bash","True Grit","Armaments+1","Disarm+1","Shockwave","Metallicize+1","Whirlwind","Spot Weakness","Shrug It Off","Metallicize+1","Feed","Demon Form+1","Uppercut"],"special_seed":0,"relics":["Burning Blood","Prayer Wheel","Frozen Egg 2","Torii","Gremlin Horn","Turnip","Empty Cage"],"potions_floor_usage":[21],"damage_taken":[{"damage":1.0,"enemies":"Cultist","floor":1.0,"turns":3.0},{"damage":1.0,"enemies":"Small Slimes","floor":2.0,"turns":3.0},{"damage":5.0,"enemies":"Jaw Worm","floor":3.0,"turns":5.0},{"damage":45.0,"enemies":"Lagavulin","floor":7.0,"turns":11.0},{"damage":2.0,"enemies":"Exordium Wildlife","floor":10.0,"turns":8.0},{"damage":19.0,"enemies":"Gremlin Nob","floor":12.0,"turns":5.0},{"damage":14.0,"enemies":"Lots of Slimes","floor":13.0,"turns":2.0},{"damage":8.0,"enemies":"Large Slime","floor":14.0,"turns":9.0},{"damage":21.0,"enemies":"The Guardian","floor":16.0,"turns":14.0},{"damage":1.0,"enemies":"Shell Parasite","floor":18.0,"turns":7.0},{"damage":42.0,"enemies":"Spheric Guardian","floor":19.0,"turns":8.0},{"damage":33,"enemies":"Colosseum Slavers","floor":21,"turns":6},{"damage":25,"enemies":"Cultist and Chosen","floor":22,"turns":4}],"seed_played":"6870532705119688942","potions_obtained":[{"floor":7.0,"key":"BloodPotion"},{"floor":10.0,"key":"Ancient Potion"},{"floor":12.0,"key":"Weak Potion"},{"floor":18.0,"key":"Explosive Potion"}],"is_trial":false,"path_per_floor":["M","M","M","T","?","R","E","R","T","M","R","E","M","M","R","B",null,"M","M","?","?"],"character_chosen":"IRONCLAD","items_purchased":[],"campfire_rested":2,"item_purchase_floors":[],"current_hp_per_floor":[61,66,67,67,56,56,17,41,41,45,69,56,48,46,46,43,74,83,47,47,23,0],"gold":536,"neow_bonus":"ONE_RARE_RELIC","is_prod":false,"is_daily":false,"chose_seed":false,"campfire_upgraded":2,"win_rate":0,"timestamp":1536605530,"path_taken":["M","M","M","?","?","R","E","R","T","?","R","E","M","M","R","BOSS","M","M","?","?","M"],"build_version":"2018-09-06","purchased_purges":0,"victory":false,"max_hp_per_floor":[80,80,80,80,80,80,80,80,80,80,80,80,80,80,80,84,84,88,88,88,91,91],"card_choices":[{"not_picked":["Headbutt","Cleave"],"picked":"True Grit","floor":1.0},{"not_picked":["Feel No Pain","True Grit"],"picked":"Armaments","floor":1.0},{"not_picked":["Uppercut","Reckless Charge"],"picked":"Disarm","floor":2.0},{"not_picked":["Iron Wave","Blood for Blood","Cleave"],"picked":"SKIP","floor":2.0},{"not_picked":["Hemokinesis","Body Slam"],"picked":"Shockwave","floor":3.0},{"not_picked":["Thunderclap","Body Slam","Havoc"],"picked":"SKIP","floor":3.0},{"not_picked":["True Grit","Pommel Strike"],"picked":"Metallicize+1","floor":7.0},{"not_picked":["Clash","Clothesline"],"picked":"Whirlwind","floor":10.0},{"not_picked":["Combust+1","Rage"],"picked":"Spot Weakness","floor":10.0},{"not_picked":["Second Wind","Thunderclap","Fire Breathing+1"],"picked":"SKIP","floor":12.0},{"not_picked":["Armaments","Pommel Strike"],"picked":"Shrug It Off","floor":13.0},{"not_picked":["Sentinel","Clothesline"],"picked":"Metallicize+1","floor":13.0},{"not_picked":["Anger","Power Through"],"picked":"Feed","floor":14.0},{"not_picked":["Havoc","Headbutt","Twin Strike"],"picked":"SKIP","floor":14.0},{"not_picked":["Offering","Impervious"],"picked":"Demon Form+1","floor":16.0},{"not_picked":["Sword Boomerang","Iron Wave","Rupture+1"],"picked":"SKIP","floor":18.0},{"not_picked":["Headbutt","Corruption+1","Intimidate+1"],"picked":"SKIP","floor":18.0},{"not_picked":["True Grit+1","Infernal Blade"],"picked":"Uppercut","floor":19.0},{"not_picked":["Warcry","Armaments+1","Clothesline"],"picked":"SKIP","floor":19.0}],"player_experience":148899,"relics_obtained":[{"floor":4.0,"key":"Frozen Egg 2"},{"floor":7.0,"key":"Torii"},{"floor":9.0,"key":"Gremlin Horn"},{"floor":12.0,"key":"Turnip"}],"event_choices":[{"event_name":"World of Goop","player_choice":"Gather Gold","floor":5.0,"damage_taken":0.0},{"event_name":"Back to Basics","player_choice":"Elegance","floor":20.0,"damage_taken":0.0},{"event_name":"Colosseum","player_choice":"Fight","floor":21,"damage_taken":0},{"event_name":"Colosseum","player_choice":"Fled From Nobs","floor":21,"damage_taken":0}],"is_beta":false,"boss_relics":[{"not_picked":["Pandora\u0027s Box","Coffee Dripper"],"picked":"Empty Cage"}],"items_purged_floors":[],"is_endless":false,"potions_floor_spawned":[7,10,12,13,18,21],"killed_by":"Cultist and Chosen","ascension_level":5}