{"gold_per_floor":[113,113,113,42,58,71,88,107,107,107,166,67,67,93,93,167,167,178,209,209,209,16,16,16,27,27,55,55,74,74,84,84,155,155,165,40,51,273,273,273,273,298,298,298,43,63,63,76,76,76],"floor_reached":51,"playtime":5655,"items_purged":["Sunder"],"score":1234,"play_id":"88f87ebf-0f63-4838-bee6-d1eb278745f7","local_time":"20190606135735","is_ascension_mode":true,"campfire_choices":[{"floor":13,"key":"REST"},{"data":"Rainbow","floor":15,"key":"SMITH"},{"floor":23,"key":"REST"},{"data":"Biased Cognition","floor":28,"key":"SMITH"},{"data":"Zap","floor":30,"key":"SMITH"},{"data":"Dualcast","floor":32,"key":"SMITH"},{"data":"Turbo","floor":40,"key":"SMITH"},{"data":"Hologram","floor":49,"key":"SMITH"}],"neow_cost":"NONE","seed_source_timestamp":1478330681648261,"circlet_count":0,"master_deck":["AscendersBane","Strike_B+1","Defend_B+1","Defend_B+1","Defend_B+1","Defend_B+1","Zap+1","Dualcast+1","Biased Cognition+1","Go for the Eyes","Hologram+1","Conserve Battery+1","Steam+1","Rainbow+1","Defragment+1","Machine Learning+1","Gash","Glacier","Sunder","Steam","Swift Strike","Capacitor+1","Chill","Echo Form+1","Gash","Turbo+1","Conserve Battery","Forethought"],"relics":["Cracked Core","Potion Belt","Boot","Frozen Egg 2","Runic Pyramid","Red Mask","Bottled Tornado","War Paint","Lizard Tail","Incense Burner","Happy Flower","Pen Nib"],"potions_floor_usage":[7,11,11,14,19,29,33,42,42,46,50,50,50,50],"damage_taken":[{"damage":7,"enemies":"Jaw Worm","floor":1,"turns":3},{"damage":0,"enemies":"2 Louse","floor":5,"turns":1},{"damage":0,"enemies":"Cultist","floor":6,"turns":4},{"damage":7,"enemies":"Large Slime","floor":7,"turns":6},{"damage":2,"enemies":"Exordium Wildlife","floor":8,"turns":5},{"damage":22,"enemies":"Lagavulin Event","floor":11,"turns":4},{"damage":7,"enemies":"Lagavulin","floor":14,"turns":4},{"damage":8,"enemies":"The Guardian","floor":16,"turns":12},{"damage":0,"enemies":"3 Byrds","floor":18,"turns":4},{"damage":44,"enemies":"Masked Bandits","floor":19,"turns":6},{"damage":3,"enemies":"Spheric Guardian","floor":25,"turns":4},{"damage":0,"enemies":"Book of Stabbing","floor":27,"turns":6},{"damage":10,"enemies":"Snake Plant","floor":29,"turns":4},{"damage":6,"enemies":"Shelled Parasite and Fungi","floor":31,"turns":6},{"damage":4,"enemies":"Champ","floor":33,"turns":13},{"damage":0,"enemies":"Orb Walker","floor":35,"turns":4},{"damage":17,"enemies":"3 Darklings","floor":37,"turns":6},{"damage":0,"enemies":"Giant Head","floor":42,"turns":11},{"damage":17,"enemies":"Writhing Mass","floor":46,"turns":7},{"damage":0,"enemies":"Sphere and 2 Shapes","floor":48,"turns":7},{"damage":9,"enemies":"Donu and Deca","floor":50,"turns":11}],"seed_played":"-4803524978697600526","potions_obtained":[{"floor":3,"key":"FocusPotion"},{"floor":3,"key":"EntropicBrew"},{"floor":5,"key":"PowerPotion"},{"floor":7,"key":"AttackPotion"},{"floor":11,"key":"Block Potion"},{"floor":16,"key":"SteroidPotion"},{"floor":19,"key":"Swift Potion"},{"floor":31,"key":"SpeedPotion"},{"floor":46,"key":"LiquidBronze"}],"is_trial":false,"path_per_floor":["M","?","?","$","M","M","M","M","T","?","?","$","R","E","R","B",null,"M","?","?","?","$","R","?","M","T","E","R","M","R","M","R","B",null,"M","$","M","?","?","R","?","E","T","T","$","M","?","M","R","B",null],"character_chosen":"DEFECT","items_purchased":["Sunder","SpeedPotion","AttackPotion","Steam","Swift Strike","SkillPotion","PowerPotion","FocusPotion","Forethought","Dexterity Potion","Block Potion"],"campfire_rested":2,"item_purchase_floors":[4,12,12,22,22,22,36,36,45,45,45],"current_hp_per_floor":[57,50,50,50,50,50,43,41,41,41,19,19,40,33,33,25,60,60,16,16,16,16,37,37,34,34,34,34,24,24,18,18,14,57,57,57,40,40,40,40,40,40,40,40,40,23,55,55,55,46],"gold":76,"neow_bonus":"ONE_RANDOM_RARE_CARD","is_prod":false,"is_daily":false,"chose_seed":false,"campfire_upgraded":6,"win_rate":0,"timestamp":1559843855,"path_taken":["M","?","?","$","M","M","M","?","T","?","?","$","R","E","R","BOSS","M","?","?","?","$","R","?","M","T","E","R","M","R","M","R","BOSS","M","$","M","?","?","R","?","E","T","?","?","?","?","M","R","BOSS"],"build_version":"2019-01-23","purchased_purges":1,"victory":true,"max_hp_per_floor":[71,71,71,71,71,71,71,71,71,71,71,71,71,71,71,71,71,71,71,71,71,71,71,71,71,71,71,71,71,71,71,71,71,71,71,71,71,71,71,71,67,67,67,67,67,67,55,55,55,55],"card_choices":[{"not_picked":["Beam Cell","Redo"],"picked":"Go for the Eyes","floor":1},{"not_picked":["Compile Driver","Sweeping Beam"],"picked":"Hologram","floor":5},{"not_picked":["Steam","Turbo"],"picked":"Conserve Battery","floor":6},{"not_picked":["Turbo","Stack"],"picked":"Steam","floor":7},{"not_picked":["Conserve Battery","Heatsinks"],"picked":"Rainbow","floor":8},{"not_picked":["Streamline","Ball Lightning"],"picked":"Reinforced Body","floor":11},{"not_picked":["Barrage","Hologram"],"picked":"Defragment","floor":14},{"not_picked":["Amplify","Meteor Strike"],"picked":"Machine Learning+1","floor":16},{"not_picked":["Rebound","Compile Driver"],"picked":"Gash","floor":18},{"not_picked":["Aggregate","Force Field"],"picked":"Glacier","floor":19},{"not_picked":["Rebound","Cold Snap","Steam"],"picked":"SKIP","floor":25},{"not_picked":["Gash","Compile Driver"],"picked":"Capacitor+1","floor":27},{"not_picked":["Ball Lightning","Go for the Eyes"],"picked":"Chill","floor":29},{"not_picked":["Heatsinks+1","Stack","Blizzard+1"],"picked":"SKIP","floor":31},{"not_picked":["All For One","Amplify"],"picked":"Echo Form+1","floor":33},{"not_picked":["Genetic Algorithm+1","Darkness"],"picked":"Gash","floor":35},{"not_picked":["Hello World+1","Darkness+1"],"picked":"Turbo","floor":37},{"not_picked":["Streamline+1","Compile Driver"],"picked":"Conserve Battery","floor":42},{"not_picked":["Melter","Ball Lightning","Barrage"],"picked":"SKIP","floor":46},{"not_picked":["Aggregate","Undo","Fusion"],"picked":"SKIP","floor":48}],"player_experience":746492,"relics_obtained":[{"floor":9,"key":"Potion Belt"},{"floor":11,"key":"Boot"},{"floor":14,"key":"Frozen Egg 2"},{"floor":19,"key":"Red Mask"},{"floor":26,"key":"Bottled Tornado"},{"floor":27,"key":"War Paint"},{"floor":42,"key":"Incense Burner"},{"floor":43,"key":"Happy Flower"},{"floor":44,"key":"Pen Nib"}],"event_choices":[{"cards_removed":["Strike_B"],"damage_healed":0,"gold_gain":0,"player_choice":"Card Removal","damage_taken":7,"max_hp_gain":0,"max_hp_loss":0,"event_name":"Golden Wing","floor":2,"gold_loss":0},{"damage_healed":0,"gold_gain":0,"player_choice":"Got Potions","damage_taken":0,"max_hp_gain":0,"max_hp_loss":0,"event_name":"Lab","floor":3,"gold_loss":0},{"cards_removed":["Strike_B"],"damage_healed":0,"gold_gain":0,"player_choice":"Forget","damage_taken":0,"max_hp_gain":0,"max_hp_loss":0,"event_name":"Living Wall","floor":10,"gold_loss":0},{"damage_healed":0,"gold_gain":0,"player_choice":"Searched \u00271\u0027 times","damage_taken":0,"max_hp_gain":0,"max_hp_loss":0,"event_name":"Dead Adventurer","floor":11,"gold_loss":0},{"damage_healed":0,"gold_gain":0,"player_choice":"Fought Bandits","damage_taken":0,"max_hp_gain":0,"max_hp_loss":0,"event_name":"Masked Bandits","floor":19,"gold_loss":0},{"damage_healed":0,"gold_gain":0,"cards_transformed":["Reinforced Body","Strike_B"],"player_choice":"Became Test Subject","damage_taken":0,"max_hp_gain":0,"max_hp_loss":0,"event_name":"Drug Dealer","floor":20,"gold_loss":0,"cards_obtained":["Doom and Gloom","Sunder"]},{"damage_healed":0,"gold_gain":0,"player_choice":"Simplicity","damage_taken":0,"max_hp_gain":0,"max_hp_loss":0,"event_name":"Back to Basics","floor":21,"gold_loss":0,"cards_upgraded":["Strike_B","Defend_B","Defend_B","Defend_B","Defend_B"]},{"damage_healed":0,"gold_gain":0,"player_choice":"Ignored","damage_taken":0,"max_hp_gain":0,"max_hp_loss":0,"event_name":"Cursed Tome","floor":24,"gold_loss":0},{"damage_healed":0,"gold_gain":222,"player_choice":"Wore Mask","damage_taken":0,"max_hp_gain":0,"max_hp_loss":0,"event_name":"Tomb of Lord Red Mask","floor":38,"gold_loss":0},{"cards_removed":["Doom and Gloom"],"damage_healed":0,"gold_gain":0,"player_choice":"Removed Attack","damage_taken":0,"max_hp_gain":0,"max_hp_loss":0,"event_name":"Falling","floor":39,"gold_loss":0},{"damage_healed":0,"gold_gain":0,"player_choice":"Max HP","damage_taken":0,"max_hp_gain":0,"max_hp_loss":4,"event_name":"Winding Halls","floor":41,"gold_loss":0},{"damage_healed":55,"gold_gain":0,"player_choice":"Heal","damage_taken":0,"max_hp_gain":0,"max_hp_loss":12,"event_name":"The Moai Head","floor":47,"gold_loss":0}],"is_beta":false,"boss_relics":[{"not_picked":["Calling Bell","Ectoplasm"],"picked":"Runic Pyramid"},{"not_picked":["Snecko Eye","Pandora\u0027s Box"],"picked":"Lizard Tail"}],"items_purged_floors":[45],"is_endless":false,"potions_floor_spawned":[5,7,11,16,19,25,31,46],"ascension_level":15}