{"gold_per_floor":[18,28,28,45,57,57,87,104,184,184,259,285,285,285,285,381,381,368,88,88,99,112,112,147,147,147,147,147],"floor_reached":28,"playtime":2107,"items_purged":["Strike_B"],"score":433,"play_id":"cfb9dd72-c039-46d8-b727-4a8ef991baf8","local_time":"20190601221602","is_ascension_mode":true,"campfire_choices":[{"data":"Chaos","floor":6,"key":"SMITH"},{"data":"Coolheaded","floor":13,"key":"SMITH"},{"floor":15,"key":"REST"},{"data":"Defragment","floor":23,"key":"SMITH"},{"floor":27,"key":"REST"}],"neow_cost":"NO_GOLD","seed_source_timestamp":14252094203900,"circlet_count":0,"master_deck":["Strike_B+1","Strike_B+1","Defend_B","Defend_B","Defend_B","Defend_B","Zap","Dualcast","Fission+1","Leap","Rebound","Conserve Battery","Chaos+1","Skim","Coolheaded+1","Compile Driver","Echo Form","Decay","Doubt","Regret","Barrage+1","Defragment+1","Loop","Decay"],"relics":["Cracked Core","Bird Faced Urn","Blue Candle","Pocketwatch","Strawberry","Calling Bell","Orichalcum","Shuriken","Ginger","Runic Capacitor","Regal Pillow","Smiling Mask"],"potions_floor_usage":[7,12,16,24],"damage_taken":[{"damage":0,"enemies":"2 Louse","floor":1,"turns":1},{"damage":1,"enemies":"Jaw Worm","floor":2,"turns":5},{"damage":11,"enemies":"Small Slimes","floor":4,"turns":3},{"damage":0,"enemies":"Looter","floor":5,"turns":3},{"damage":6,"enemies":"Gremlin Nob","floor":7,"turns":3},{"damage":0,"enemies":"Blue Slaver","floor":8,"turns":4},{"damage":0,"enemies":"Lagavulin","floor":12,"turns":6},{"damage":0,"enemies":"The Guardian","floor":16,"turns":12},{"damage":15,"enemies":"2 Thieves","floor":18,"turns":4},{"damage":2,"enemies":"Spheric Guardian","floor":21,"turns":4},{"damage":22,"enemies":"Cultist and Chosen","floor":22,"turns":8},{"damage":43,"enemies":"Gremlin Leader","floor":24,"turns":6},{"damage":71,"enemies":"Slavers","floor":28,"turns":4}],"seed_played":"2386979093096308266","potions_obtained":[{"floor":2,"key":"AttackPotion"},{"floor":8,"key":"Strength Potion"},{"floor":12,"key":"EssenceOfSteel"},{"floor":22,"key":"Regen Potion"}],"is_trial":false,"path_per_floor":["M","M","?","M","M","R","E","M","T","?","?","E","R","?","R","B",null,"M","$","?","M","M","R","E","?","T","R","E"],"character_chosen":"DEFECT","items_purchased":["Runic Capacitor"],"campfire_rested":2,"item_purchase_floors":[19],"current_hp_per_floor":[68,67,67,56,56,56,50,50,50,25,14,21,21,5,29,29,69,54,54,54,56,38,38,9,9,9,48,0],"gold":147,"neow_bonus":"THREE_RARE_CARDS","is_prod":false,"is_daily":false,"chose_seed":false,"campfire_upgraded":3,"win_rate":0,"timestamp":1559407562,"path_taken":["M","M","?","M","M","R","E","M","T","?","?","E","R","?","R","BOSS","M","$","?","?","?","R","E","?","T","R","E"],"build_version":"2019-01-23","purchased_purges":1,"victory":false,"max_hp_per_floor":[75,75,75,75,75,75,75,75,75,75,75,82,82,82,82,82,82,82,82,82,82,82,82,82,82,82,82,82],"card_choices":[{"not_picked":["Thunder Strike","Multi-Cast"],"picked":"Fission","floor":0},{"not_picked":["Streamline","Beam Cell"],"picked":"Leap","floor":1},{"not_picked":["Scrape","Beam Cell"],"picked":"Rebound","floor":2},{"not_picked":["Stack","Compile Driver"],"picked":"Conserve Battery","floor":4},{"not_picked":["Streamline","Conserve Battery"],"picked":"Chaos","floor":5},{"not_picked":["Amplify","Storm"],"picked":"Skim","floor":7},{"not_picked":["Rebound","Conserve Battery"],"picked":"Coolheaded","floor":8},{"not_picked":["Barrage","Redo"],"picked":"Compile Driver","floor":12},{"not_picked":["Multi-Cast","All For One"],"picked":"Echo Form","floor":16},{"not_picked":["Streamline","White Noise"],"picked":"Barrage+1","floor":18},{"not_picked":["Stack","Skim","Sweeping Beam"],"picked":"SKIP","floor":21},{"not_picked":["Barrage","Cold Snap","Steam"],"picked":"SKIP","floor":22},{"not_picked":["Melter+1","Conserve Battery"],"picked":"Loop","floor":24}],"player_experience":255801,"relics_obtained":[{"floor":7,"key":"Bird Faced Urn"},{"floor":9,"key":"Blue Candle"},{"floor":12,"key":"Strawberry"},{"floor":17,"key":"Orichalcum"},{"floor":17,"key":"Shuriken"},{"floor":17,"key":"Ginger"},{"floor":24,"key":"Regal Pillow"},{"floor":26,"key":"Smiling Mask"}],"event_choices":[{"damage_healed":0,"gold_gain":0,"player_choice":"Grow","damage_taken":0,"max_hp_gain":0,"max_hp_loss":0,"event_name":"Living Wall","floor":3,"gold_loss":0,"cards_upgraded":["Fission"]},{"damage_healed":0,"gold_gain":0,"player_choice":"Success","damage_taken":25,"relics_obtained":["Pocketwatch"],"max_hp_gain":0,"max_hp_loss":0,"event_name":"Scrap Ooze","floor":10,"gold_loss":0},{"damage_healed":0,"gold_gain":75,"player_choice":"Gather Gold","damage_taken":11,"max_hp_gain":0,"max_hp_loss":0,"event_name":"World of Goop","floor":11,"gold_loss":0},{"damage_healed":0,"gold_gain":0,"player_choice":"Entered Light","damage_taken":16,"max_hp_gain":0,"max_hp_loss":0,"event_name":"Shining Light","floor":14,"gold_loss":0,"cards_upgraded":["Strike_B","Strike_B"]},{"damage_healed":0,"gold_gain":0,"cards_transformed":["Strike_B"],"player_choice":"Transformed","damage_taken":0,"max_hp_gain":0,"max_hp_loss":0,"event_name":"Transmorgrifier","floor":20,"gold_loss":0,"cards_obtained":["Defragment"]},{"damage_healed":0,"gold_gain":0,"player_choice":"Smashed Altar","damage_taken":0,"max_hp_gain":0,"max_hp_loss":0,"event_name":"Forgotten Altar","floor":25,"gold_loss":0,"cards_obtained":["Decay"]}],"is_beta":false,"boss_relics":[{"not_picked":["Philosopher\u0027s Stone","White Beast Statue"],"picked":"Calling Bell"}],"items_purged_floors":[19],"is_endless":false,"potions_floor_spawned":[2,8,12,22],"killed_by":"Slavers","ascension_level":7}