{"gold_per_floor":[10,22,38,38,53,53,81,81,81,81,2,21,21,33,33,130,130,149,159,176,189,199,199],"floor_reached":23,"playtime":1061,"items_purged":[],"score":232,"play_id":"8078c783-8010-4e18-9843-f16a069ca371","local_time":"20180827004106","is_ascension_mode":true,"campfire_choices":[{"data":"White Noise","floor":6,"key":"SMITH"},{"data":"Chaos","floor":8,"key":"SMITH"},{"data":"Loop","floor":10,"key":"SMITH"},{"floor":15,"key":"REST"}],"neow_cost":"NO_GOLD","seed_source_timestamp":43245092582082,"circlet_count":0,"master_deck":["Strike_B","Strike_B","Defend_B","Defend_B","Zap","Dualcast","Loop+1","Conserve Battery","White Noise+1","BootSequence","Chaos+1","Storm","FTL+1","Lockon+1","Creative AI","Self Repair+1","FTL+1","Machine Learning+1","Double Energy","Barrage+1","FTL+1","Reprogram+1","Hologram+1"],"relics":["Cracked Core","Strawberry","Molten Egg 2","Incense Burner","Astrolabe"],"potions_floor_usage":[16,16,22,23],"damage_taken":[{"damage":5,"enemies":"Jaw Worm","floor":1,"turns":4},{"damage":0,"enemies":"Small Slimes","floor":2,"turns":2},{"damage":0,"enemies":"Cultist","floor":3,"turns":3},{"damage":9,"enemies":"3 Louse","floor":5,"turns":3},{"damage":32,"enemies":"3 Sentries","floor":7,"turns":7},{"damage":4,"enemies":"2 Fungi Beasts","floor":12,"turns":3},{"damage":0,"enemies":"Looter","floor":14,"turns":3},{"damage":37,"enemies":"Hexaghost","floor":16,"turns":7},{"damage":5,"enemies":"Chosen","floor":18,"turns":4},{"damage":13,"enemies":"2 Thieves","floor":19,"turns":3},{"damage":28,"enemies":"Shelled Parasite and Fungi","floor":20,"turns":6},{"damage":24,"enemies":"Centurion and Healer","floor":21,"turns":5},{"damage":11,"enemies":"Snake Plant","floor":22,"turns":3},{"damage":69,"enemies":"Slavers","floor":23,"turns":3}],"seed_played":"-6084502076403612286","potions_obtained":[{"floor":1,"key":"Dexterity Potion"},{"floor":3,"key":"GamblersBrew"},{"floor":12,"key":"Fire Potion"},{"floor":16,"key":"FairyPotion"},{"floor":18,"key":"Explosive Potion"},{"floor":20,"key":"SneckoOil"},{"floor":22,"key":"SpeedPotion"}],"is_trial":false,"path_per_floor":["M","M","M","?","M","R","E","R","T","R","$","M","?","M","R","B",null,"M","M","M","M","M"],"character_chosen":"DEFECT","items_purchased":["Storm"],"campfire_rested":1,"item_purchase_floors":[11],"current_hp_per_floor":[84,84,84,77,68,68,43,43,43,43,43,39,32,32,60,23,96,96,96,78,64,53,0],"gold":199,"neow_bonus":"TWENTY_PERCENT_HP_BONUS","is_prod":false,"is_daily":false,"chose_seed":false,"campfire_upgraded":3,"win_rate":0,"timestamp":1535319666,"path_taken":["M","M","M","?","M","R","E","R","T","R","$","M","?","M","R","BOSS","M","M","M","M","M","E"],"build_version":"2018-08-23v2","purchased_purges":0,"victory":false,"max_hp_per_floor":[89,89,89,89,89,89,96,96,96,96,96,96,96,96,96,96,96,96,96,96,96,96,96],"card_choices":[{"not_picked":["Compile Driver","Sweeping Beam"],"picked":"Loop","floor":1},{"not_picked":["Rebound","Coolheaded"],"picked":"Conserve Battery","floor":2},{"not_picked":["Sweeping Beam","Heatsinks"],"picked":"White Noise","floor":3},{"not_picked":["Steam Power","Hologram"],"picked":"BootSequence","floor":5},{"not_picked":["Cold Snap","White Noise"],"picked":"Chaos","floor":7},{"not_picked":["Conserve Battery","Compile Driver+1"],"picked":"FTL+1","floor":12},{"not_picked":["Leap","Loop"],"picked":"Lockon+1","floor":14},{"not_picked":["Machine Learning","Reboot"],"picked":"Creative AI","floor":16},{"not_picked":["Streamline+1","Cold Snap+1"],"picked":"Double Energy","floor":18},{"not_picked":["Turbo","Leap"],"picked":"Barrage+1","floor":19},{"not_picked":["Cold Snap+1","Tempest"],"picked":"FTL+1","floor":20},{"not_picked":["Glacier","Conserve Battery"],"picked":"Reprogram+1","floor":21},{"not_picked":["Steam+1","FTL+1"],"picked":"Hologram+1","floor":22}],"player_experience":99204,"relics_obtained":[{"floor":7,"key":"Strawberry"},{"floor":9,"key":"Molten Egg 2"}],"event_choices":[{"event_name":"Golden Wing","player_choice":"Card Removal","floor":4,"damage_taken":0},{"event_name":"Scrap Ooze","player_choice":"success","floor":13,"damage_taken":7}],"is_beta":false,"boss_relics":[{"not_picked":["Philosopher\u0027s Stone","Eternal Feather"],"picked":"Astrolabe"}],"items_purged_floors":[],"is_endless":false,"potions_floor_spawned":[1,3,12,16,18,20,22],"killed_by":"Slavers","ascension_level":1}