{"gold_per_floor":[116,133,147,167,179,205,205,305,356,376,376,386,400,432,432,528,528,543,543,6,6,6,6,32,32,32,48,60,76,92,105,105,202,202,220,233,233,249,269,269,116,116,141,169,269,269,304,179,179,179],"floor_reached":51,"playtime":3774,"items_purged":["Decay","Parasite","Clumsy"],"score":828,"play_id":"c054cfc8-8695-4927-9552-e4ca1cc007f3","local_time":"20190611202833","is_ascension_mode":true,"campfire_choices":[{"data":"Beam Cell","floor":7,"key":"SMITH"},{"floor":11,"key":"REST"},{"floor":15,"key":"REST"},{"data":"Scrape","floor":23,"key":"SMITH"},{"data":"Dualcast","floor":25,"key":"SMITH"},{"floor":32,"key":"REST"},{"floor":40,"key":"REST"},{"data":"Chrysalis","floor":42,"key":"SMITH"},{"data":"Zap","floor":46,"key":"SMITH"},{"data":"Reprogram","floor":49,"key":"SMITH"}],"neow_cost":"NONE","seed_source_timestamp":439666156842265,"circlet_count":0,"master_deck":["Zap+1","Dualcast+1","Beam Cell","Beam Cell+1","Chill","Gash","Beam Cell","Chill","Chill","Go for the Eyes","All For One","Heatsinks","FTL","Chill","Scrape+1","Doom and Gloom","Conserve Battery","Consume","Go for the Eyes","Chrysalis+1","Panacea","Defragment","Go for the Eyes+1","Self Repair+1","Steam+1","Go for the Eyes+1","Creative AI+1","Chill","Gash+1","Gash","Blizzard+1","Reprogram+1"],"relics":["Cursed Key","Unceasing Top","Bronze Scales","Kunai","Pandora\u0027s Box","Sling","Vajra","Frozen Egg 2","Juzu Bracelet","Strawberry","Ice Cream","Bottled Flame"],"potions_floor_usage":[6,16,18,24,31,31,36,39,50,50],"damage_taken":[{"damage":5,"enemies":"Jaw Worm","floor":1,"turns":4},{"damage":0,"enemies":"Cultist","floor":2,"turns":3},{"damage":7,"enemies":"2 Louse","floor":3,"turns":3},{"damage":13,"enemies":"Lots of Slimes","floor":4,"turns":4},{"damage":0,"enemies":"Large Slime","floor":5,"turns":5},{"damage":26,"enemies":"Lagavulin","floor":6,"turns":6},{"damage":0,"enemies":"Looter","floor":10,"turns":3},{"damage":9,"enemies":"Blue Slaver","floor":12,"turns":3},{"damage":10,"enemies":"Red Slaver","floor":13,"turns":3},{"damage":7,"enemies":"3 Sentries","floor":14,"turns":6},{"damage":13,"enemies":"The Guardian","floor":16,"turns":9},{"damage":2,"enemies":"2 Thieves","floor":18,"turns":3},{"damage":10,"enemies":"Gremlin Leader","floor":24,"turns":3},{"damage":0,"enemies":"3 Byrds","floor":27,"turns":2},{"damage":22,"enemies":"Snecko","floor":28,"turns":5},{"damage":15,"enemies":"Snake Plant","floor":29,"turns":4},{"damage":4,"enemies":"Cultist and Chosen","floor":30,"turns":2},{"damage":3,"enemies":"Snecko","floor":31,"turns":4},{"damage":6,"enemies":"Collector","floor":33,"turns":7},{"damage":3,"enemies":"3 Shapes","floor":35,"turns":4},{"damage":6,"enemies":"3 Darklings","floor":36,"turns":4},{"damage":19,"enemies":"Sphere and 2 Shapes","floor":38,"turns":5},{"damage":37,"enemies":"Maw","floor":39,"turns":9},{"damage":18,"enemies":"Reptomancer","floor":44,"turns":7},{"damage":0,"enemies":"Mind Bloom Boss Battle","floor":45,"turns":5},{"damage":0,"enemies":"Giant Head","floor":47,"turns":3},{"damage":53,"enemies":"Awakened One","floor":50,"turns":6}],"seed_played":"-162932472419827296","potions_obtained":[{"floor":2,"key":"GamblersBrew"},{"floor":5,"key":"Explosive Potion"},{"floor":10,"key":"PowerPotion"},{"floor":14,"key":"Dexterity Potion"},{"floor":18,"key":"FocusPotion"},{"floor":29,"key":"Fire Potion"},{"floor":30,"key":"SneckoOil"},{"floor":33,"key":"AttackPotion"},{"floor":35,"key":"Weak Potion"},{"floor":44,"key":"Strength Potion"},{"floor":45,"key":"Poison Potion"},{"floor":47,"key":"AttackPotion"}],"is_trial":false,"path_per_floor":["M","M","M","M","M","E","R","?","T","M","R","M","M","E","R","B",null,"M","?","$","?","?","R","E","R","T","M","M","M","M","M","R","B",null,"M","M","?","M","M","R","$","R","T","E","?","R","E","$","R","B",null],"character_chosen":"DEFECT","items_purchased":["Chrysalis","Panacea","Sling","Gash"],"campfire_rested":4,"item_purchase_floors":[20,20,20,41],"current_hp_per_floor":[70,70,63,50,50,24,24,24,24,24,46,37,27,20,42,29,75,73,73,73,59,59,59,49,49,49,49,27,12,8,15,39,43,80,77,71,71,62,35,59,59,59,59,58,68,68,78,78,78,35],"gold":179,"neow_bonus":"BOSS_RELIC","is_prod":false,"is_daily":false,"chose_seed":false,"campfire_upgraded":6,"win_rate":0,"timestamp":1560299313,"path_taken":["M","M","M","M","M","E","R","?","T","?","R","?","M","E","R","BOSS","M","?","$","?","?","R","E","R","T","M","?","M","M","M","R","BOSS","M","M","?","M","M","R","$","R","T","E","?","R","E","$","R","BOSS"],"build_version":"2019-01-23","purchased_purges":3,"victory":true,"max_hp_per_floor":[75,75,75,75,75,75,75,75,75,75,75,75,75,75,75,75,75,75,75,75,80,80,80,80,80,80,80,80,80,80,80,80,80,80,80,80,80,80,80,80,77,77,77,84,84,84,84,84,84,84],"card_choices":[{"not_picked":["Redo","Blizzard"],"picked":"Beam Cell","floor":1},{"not_picked":["Stack","Sweeping Beam"],"picked":"Beam Cell","floor":2},{"not_picked":["Compile Driver","Conserve Battery","Ball Lightning"],"picked":"SKIP","floor":3},{"not_picked":["Hello World","Consume"],"picked":"Chill","floor":4},{"not_picked":["Steam","Static Discharge"],"picked":"Gash","floor":5},{"not_picked":["Hologram","Blizzard","Consume"],"picked":"SKIP","floor":6},{"not_picked":["Leap","Conserve Battery"],"picked":"Beam Cell","floor":10},{"not_picked":["Sweeping Beam","Thunder Strike"],"picked":"Chill","floor":12},{"not_picked":["Streamline","Redo"],"picked":"Chill","floor":13},{"not_picked":["Lockon","Conserve Battery"],"picked":"Go for the Eyes","floor":14},{"not_picked":["Thunder Strike","Electrodynamics"],"picked":"All For One","floor":16},{"not_picked":["Conserve Battery","Genetic Algorithm","Barrage"],"picked":"SKIP","floor":18},{"not_picked":["Auto Shields","Glacier"],"picked":"Defragment","floor":24},{"not_picked":["White Noise","Chill+1"],"picked":"Go for the Eyes+1","floor":27},{"not_picked":["Undo+1","Heatsinks+1","Coolheaded"],"picked":"SKIP","floor":28},{"not_picked":["Go for the Eyes","Compile Driver"],"picked":"Self Repair+1","floor":29},{"not_picked":["Rebound","Gash"],"picked":"Steam+1","floor":30},{"not_picked":["Ball Lightning","Capacitor+1"],"picked":"Go for the Eyes+1","floor":31},{"not_picked":["Fission","Echo Form+1"],"picked":"Creative AI+1","floor":33},{"not_picked":["Coolheaded+1","Ball Lightning+1","Cold Snap"],"picked":"SKIP","floor":35},{"not_picked":["Cold Snap","Compile Driver","Stack+1"],"picked":"SKIP","floor":36},{"not_picked":["Rebound+1","Ball Lightning"],"picked":"Chill","floor":38},{"not_picked":["Cold Snap","Rebound"],"picked":"Gash+1","floor":39},{"not_picked":["Hologram+1","Rip and Tear","Static Discharge+1"],"picked":"SKIP","floor":44},{"not_picked":["Ball Lightning+1","Redo"],"picked":"Blizzard+1","floor":45},{"not_picked":["Reboot","Chaos"],"picked":"Reprogram","floor":47}],"player_experience":383514,"relics_obtained":[{"floor":6,"key":"Unceasing Top"},{"floor":9,"key":"Bronze Scales"},{"floor":14,"key":"Kunai"},{"floor":24,"key":"Vajra"},{"floor":26,"key":"Frozen Egg 2"},{"floor":43,"key":"Juzu Bracelet"},{"floor":44,"key":"Strawberry"},{"floor":45,"key":"Ice Cream"},{"floor":47,"key":"Bottled Flame"}],"event_choices":[{"damage_healed":0,"gold_gain":100,"player_choice":"Pray","damage_taken":0,"max_hp_gain":0,"max_hp_loss":0,"event_name":"Golden Shrine","floor":8,"gold_loss":0},{"damage_healed":0,"gold_gain":0,"player_choice":"Read","damage_taken":0,"max_hp_gain":0,"max_hp_loss":0,"event_name":"The Library","floor":19,"gold_loss":0,"cards_obtained":["Go for the Eyes"]},{"damage_healed":0,"gold_gain":0,"player_choice":"Shed Blood","damage_taken":19,"max_hp_gain":5,"max_hp_loss":0,"event_name":"Forgotten Altar","floor":21,"gold_loss":0},{"cards_removed":["Meteor Strike"],"damage_healed":0,"gold_gain":0,"player_choice":"Purged","damage_taken":0,"max_hp_gain":0,"max_hp_loss":0,"event_name":"Purifier","floor":22,"gold_loss":0},{"damage_healed":0,"gold_gain":0,"player_choice":"Ignored","damage_taken":0,"max_hp_gain":0,"max_hp_loss":0,"event_name":"Tomb of Lord Red Mask","floor":37,"gold_loss":0},{"damage_healed":0,"gold_gain":0,"player_choice":"Fight","damage_taken":0,"max_hp_gain":0,"max_hp_loss":0,"event_name":"MindBloom","floor":45,"gold_loss":0}],"is_beta":false,"boss_relics":[{"not_picked":["Busted Crown","Eternal Feather"],"picked":"Pandora\u0027s Box"},{"not_picked":["Snecko Eye","Coffee Dripper","Runic Pyramid"]}],"items_purged_floors":[20,41,48],"is_endless":false,"potions_floor_spawned":[2,5,10,14,18,29,30,33,35,44,45,47],"ascension_level":1}