{"gold_per_floor":[114,130,148,163,163,163,173,185,185,199,215,226,236,250,250,347,347,331,343,361,371,44,44],"floor_reached":23,"playtime":2049,"items_purged":["Strike_R"],"score":195,"play_id":"5db3deb3-e0a5-4f13-882c-6edefca3263d","local_time":"20180818172326","is_ascension_mode":false,"campfire_choices":[{"data":"Body Slam","floor":6,"key":"SMITH"},{"data":"Armaments","floor":15,"key":"SMITH"}],"neow_cost":"NONE","seed_source_timestamp":326676190581734,"circlet_count":0,"master_deck":["Strike_R","Strike_R","Strike_R","Strike_R","Defend_R","Defend_R","Defend_R","Bash","Body Slam+1","Armaments+1","Warcry","Inflame","Seeing Red","Iron Wave","Warcry","Demon Form","Shrug It Off","Limit Break","Shrug It Off+1","Feel No Pain+1","Body Slam"],"relics":["Burning Blood","Pen Nib","Self Forming Clay","Runic Cube","Mummified Hand"],"potions_floor_usage":[16,20,21],"damage_taken":[{"damage":3,"enemies":"Jaw Worm","floor":1,"turns":4},{"damage":1,"enemies":"Cultist","floor":2,"turns":3},{"damage":11,"enemies":"Small Slimes","floor":3,"turns":4},{"damage":13,"enemies":"Red Slaver","floor":4,"turns":4},{"damage":4,"enemies":"Exordium Thugs","floor":7,"turns":4},{"damage":10,"enemies":"Looter","floor":8,"turns":2},{"damage":11,"enemies":"Large Slime","floor":10,"turns":4},{"damage":8,"enemies":"Red Slaver","floor":11,"turns":3},{"damage":7,"enemies":"Looter","floor":12,"turns":3},{"damage":15,"enemies":"Exordium Thugs","floor":13,"turns":4},{"damage":0,"enemies":"Large Slime","floor":14,"turns":6},{"damage":39,"enemies":"The Guardian","floor":16,"turns":10},{"damage":14,"enemies":"2 Thieves","floor":18,"turns":4},{"damage":14,"enemies":"Spheric Guardian","floor":19,"turns":4},{"damage":56,"enemies":"Chosen and Byrds","floor":20,"turns":7},{"damage":19,"enemies":"Shelled Parasite and Fungi","floor":21,"turns":10},{"damage":18,"enemies":"Slavers","floor":23,"turns":1}],"seed_played":"6647116019015600169","potions_obtained":[{"floor":1,"key":"Explosive Potion"},{"floor":2,"key":"SpeedPotion"},{"floor":11,"key":"SpeedPotion"},{"floor":12,"key":"Regen Potion"},{"floor":16,"key":"Explosive Potion"},{"floor":20,"key":"FearPotion"}],"is_trial":false,"path_per_floor":["M","M","M","M","?","R","M","M","T","M","M","M","M","M","R","B",null,"M","M","M","M","$"],"character_chosen":"IRONCLAD","items_purchased":["Mummified Hand"],"campfire_rested":0,"item_purchase_floors":[22],"current_hp_per_floor":[80,80,75,68,68,68,70,66,66,61,59,58,49,55,55,22,80,72,64,14,16,16,0],"gold":44,"neow_bonus":"RANDOM_COMMON_RELIC","is_prod":false,"is_daily":false,"chose_seed":false,"campfire_upgraded":2,"win_rate":0,"timestamp":1534602206,"path_taken":["M","M","M","M","?","R","M","M","T","M","M","M","M","M","R","BOSS","M","M","M","M","$","E"],"build_version":"2018-08-16","purchased_purges":1,"victory":false,"max_hp_per_floor":[80,80,80,80,80,80,80,80,80,80,80,80,80,80,80,80,80,80,80,80,80,80,80],"card_choices":[{"not_picked":["Flame Barrier","True Grit"],"picked":"Body Slam","floor":1},{"not_picked":["Perfected Strike","Pommel Strike"],"picked":"Armaments","floor":2},{"not_picked":["Anger","Rage"],"picked":"Warcry","floor":3},{"not_picked":["Headbutt","Second Wind","Rage"],"picked":"SKIP","floor":4},{"not_picked":["Carnage","Perfected Strike"],"picked":"Seeing Red","floor":7},{"not_picked":["Metallicize","Warcry"],"picked":"Iron Wave","floor":8},{"not_picked":["Anger","Rage"],"picked":"Warcry","floor":10},{"not_picked":["Clash","Heavy Blade"],"picked":"Demon Form","floor":11},{"not_picked":["Evolve","Anger","Perfected Strike"],"picked":"SKIP","floor":12},{"not_picked":["Metallicize","Pummel","Dropkick"],"picked":"SKIP","floor":13},{"not_picked":["Battle Trance","Cleave"],"picked":"Shrug It Off","floor":14},{"not_picked":["Feed","Demon Form"],"picked":"Limit Break","floor":16},{"not_picked":["Sword Boomerang","Clothesline"],"picked":"Shrug It Off+1","floor":18},{"not_picked":["Heavy Blade","Warcry","Blood for Blood"],"picked":"SKIP","floor":19},{"not_picked":["Clash","Heavy Blade"],"picked":"Feel No Pain+1","floor":20},{"not_picked":["Sword Boomerang","Exhume"],"picked":"Body Slam","floor":21}],"player_experience":36845,"relics_obtained":[{"floor":9,"key":"Self Forming Clay"}],"event_choices":[{"event_name":"Transmorgrifier","player_choice":"Transform","floor":5,"damage_taken":0}],"is_beta":false,"boss_relics":[{"not_picked":["Ectoplasm","Eternal Feather"],"picked":"Runic Cube"}],"items_purged_floors":[22],"is_endless":false,"potions_floor_spawned":[1,2,11,12,14,16,18,20],"killed_by":"Slavers","ascension_level":0}