{"gold_per_floor":[109,127,141,91,166,166,181,181,181,200,200,213,58,12,12,109,109,126,137,62,79,179,179],"floor_reached":23,"playtime":1171,"items_purged":[],"score":183,"play_id":"b9716baa-3e32-42f9-adb0-606a421cd528","local_time":"20180826143817","is_ascension_mode":false,"campfire_choices":[{"data":"Conserve Battery","floor":6,"key":"SMITH"},{"data":"Melter","floor":8,"key":"SMITH"},{"data":"Rainbow","floor":11,"key":"SMITH"},{"floor":15,"key":"REST"}],"neow_cost":"NONE","seed_source_timestamp":6965794763921,"circlet_count":0,"master_deck":["Strike_B","Strike_B","Strike_B","Defend_B+1","Defend_B","Defend_B","Zap","Dualcast","Melter+1","Conserve Battery+1","Skim+1","Rainbow+1","Ball Lightning","Hologram","Electrodynamics","Rebound+1","Doom and Gloom","Barrage+1"],"relics":["Cracked Core","Du-Vu Doll","War Paint","Snecko Eye","Dead Branch","Singing Bowl"],"potions_floor_usage":[16,16,21,22],"damage_taken":[{"damage":6,"enemies":"Cultist","floor":1,"turns":4},{"damage":1,"enemies":"Jaw Worm","floor":2,"turns":3},{"damage":10,"enemies":"Small Slimes","floor":3,"turns":3},{"damage":4,"enemies":"2 Fungi Beasts","floor":7,"turns":3},{"damage":5,"enemies":"Looter","floor":10,"turns":3},{"damage":6,"enemies":"Exordium Wildlife","floor":12,"turns":4},{"damage":9,"enemies":"The Guardian","floor":16,"turns":9},{"damage":10,"enemies":"2 Thieves","floor":18,"turns":3},{"damage":8,"enemies":"3 Byrds","floor":19,"turns":4},{"damage":8,"enemies":"Snake Plant","floor":21,"turns":3},{"damage":15,"enemies":"Colosseum Slavers","floor":22,"turns":3},{"damage":28,"enemies":"Colosseum Nobs","floor":22,"turns":4},{"damage":22,"enemies":"Slavers","floor":23,"turns":1}],"seed_played":"-6736204084053262556","potions_obtained":[{"floor":1,"key":"FearPotion"},{"floor":10,"key":"Poison Potion"},{"floor":16,"key":"FearPotion"},{"floor":19,"key":"Weak Potion"},{"floor":22,"key":"Ancient Potion"}],"is_trial":false,"path_per_floor":["M","M","M","?","?","R","M","R","T","M","R","M","$","$","R","B",null,"M","M","?","M","?"],"character_chosen":"DEFECT","items_purchased":["War Paint","Hologram"],"campfire_rested":1,"item_purchase_floors":[13,14],"current_hp_per_floor":[76,75,65,65,54,54,50,50,50,45,45,39,39,39,63,54,82,72,64,64,56,13,0],"gold":179,"neow_bonus":"TEN_PERCENT_HP_BONUS","is_prod":false,"is_daily":false,"chose_seed":false,"campfire_upgraded":3,"win_rate":0.0,"timestamp":1535283497,"path_taken":["M","M","?","?","?","R","?","R","T","M","R","M","?","$","R","BOSS","M","M","?","M","?","E"],"build_version":"2018-08-23v2","purchased_purges":0,"victory":false,"max_hp_per_floor":[82,82,82,82,82,82,82,82,82,82,82,82,82,82,82,82,82,82,82,82,82,82,82],"card_choices":[{"not_picked":["Redo","Coolheaded"],"picked":"Melter","floor":1},{"not_picked":["Gash","Redo"],"picked":"Conserve Battery","floor":2},{"not_picked":["Steam","Sweeping Beam"],"picked":"Skim","floor":3},{"not_picked":["Sweeping Beam","Barrage","Blizzard"],"picked":"SKIP","floor":7},{"not_picked":["Capacitor","Rebound"],"picked":"Rainbow","floor":10},{"not_picked":["Go for the Eyes","Sweeping Beam"],"picked":"Ball Lightning","floor":12},{"not_picked":["Buffer","Thunder Strike"],"picked":"Electrodynamics","floor":16},{"not_picked":["Compile Driver","Static Discharge"],"picked":"Rebound+1","floor":18},{"not_picked":["Cold Snap","Conserve Battery"],"picked":"Doom and Gloom","floor":19},{"not_picked":["Beam Cell","Rebound","Tempest"],"picked":"SKIP","floor":21},{"not_picked":["Conserve Battery","Multi-Cast"],"picked":"Barrage+1","floor":22}],"player_experience":93349,"relics_obtained":[{"floor":9,"key":"Du-Vu Doll"},{"floor":22,"key":"Dead Branch"},{"floor":22,"key":"Singing Bowl"}],"event_choices":[{"event_name":"The Cleric","player_choice":"Card Removal","floor":4,"damage_taken":0},{"event_name":"World of Goop","player_choice":"Gather Gold","floor":5,"damage_taken":0},{"event_name":"Beggar","player_choice":"Gave Gold","floor":20,"damage_taken":0},{"event_name":"Colosseum","player_choice":"Fight","floor":22,"damage_taken":0},{"event_name":"Colosseum","player_choice":"Fought Nobs","floor":22,"damage_taken":0}],"is_beta":false,"boss_relics":[{"not_picked":["Runic Dome","White Beast Statue"],"picked":"Snecko Eye"}],"items_purged_floors":[],"is_endless":false,"potions_floor_spawned":[1,10,16,19,22,22],"killed_by":"Slavers","ascension_level":0}