{"gold_per_floor":[117,133,147,147,163,163,179,191,217,231,11,30,40,40,40,143,143,156,156,156,174,174,174,202,216,243,256,271,171,171,188,188,285,285,296,316,21,21,0,0,0,0,0,11,66,84,104,114,114,114],"floor_reached":50,"playtime":2346,"items_purged":["Strike_R","Entrench"],"score":579,"play_id":"5c95ffb9-5198-42d6-9b24-782a3fe79ba5","local_time":"20180830000327","is_ascension_mode":true,"campfire_choices":[{"data":"Flame Barrier","floor":6,"key":"SMITH"},{"floor":15,"key":"REST"},{"floor":23,"key":"REST"},{"data":"Uppercut","floor":30,"key":"SMITH"},{"data":"Shockwave","floor":32,"key":"SMITH"},{"floor":40,"key":"REST"},{"data":"Immolate","floor":42,"key":"SMITH"},{"floor":49,"key":"REST"}],"neow_cost":"NONE","seed_source_timestamp":298894744043018,"circlet_count":0,"master_deck":["Bash","Armaments","Evolve","Heavy Blade","Flame Barrier+1","Uppercut+1","Cleave","Spot Weakness","Double Tap","True Grit","Body Slam","Shrug It Off","Sword Boomerang","Clothesline+1","Necronomicurse","RitualDagger","Infernal Blade+1","Whirlwind+1","Flex","Blood for Blood+1","Shockwave+1","Immolate+1","Whirlwind+1","Iron Wave+1","Body Slam+1"],"relics":["Burning Blood","Pen Nib","Lantern","Pandora\u0027s Box","Necronomicon","Ancient Tea Set","Anchor","Lizard Tail","Vajra","Bag of Marbles","Charon\u0027s Ashes","Red Mask","Matryoshka","Sundial"],"potions_floor_usage":[16,16,24,24,33,33,33,47,47,50],"damage_taken":[{"damage":5,"enemies":"Small Slimes","floor":1,"turns":3},{"damage":7,"enemies":"2 Louse","floor":2,"turns":3},{"damage":0,"enemies":"Cultist","floor":3,"turns":4},{"damage":24,"enemies":"Lots of Slimes","floor":5,"turns":6},{"damage":19,"enemies":"Exordium Thugs","floor":7,"turns":6},{"damage":4,"enemies":"Blue Slaver","floor":8,"turns":5},{"damage":4,"enemies":"Looter","floor":10,"turns":4},{"damage":5,"enemies":"Red Slaver","floor":12,"turns":3},{"damage":3,"enemies":"Blue Slaver","floor":13,"turns":3},{"damage":49,"enemies":"Slime Boss","floor":16,"turns":9},{"damage":2,"enemies":"3 Byrds","floor":18,"turns":2},{"damage":10,"enemies":"Spheric Guardian","floor":21,"turns":4},{"damage":21,"enemies":"Colosseum Slavers","floor":22,"turns":4},{"damage":29,"enemies":"Slavers","floor":24,"turns":6},{"damage":16,"enemies":"Centurion and Healer","floor":25,"turns":3},{"damage":0,"enemies":"Sentry and Sphere","floor":27,"turns":2},{"damage":2,"enemies":"Chosen and Byrds","floor":28,"turns":2},{"damage":0,"enemies":"Shelled Parasite and Fungi","floor":31,"turns":2},{"damage":51,"enemies":"Champ","floor":33,"turns":7},{"damage":44,"enemies":"3 Shapes","floor":35,"turns":4},{"damage":0,"enemies":"3 Darklings","floor":36,"turns":1},{"damage":20,"enemies":"Mind Bloom Boss Battle","floor":38,"turns":6},{"damage":0,"enemies":"Spire Growth","floor":44,"turns":2},{"damage":39,"enemies":"Mysterious Sphere","floor":45,"turns":4},{"damage":0,"enemies":"4 Shapes","floor":46,"turns":1},{"damage":7,"enemies":"Transient","floor":47,"turns":5},{"damage":0,"enemies":"3 Darklings","floor":48,"turns":2},{"damage":132,"enemies":"Awakened One","floor":50,"turns":9}],"seed_played":"52626574417968143","potions_obtained":[{"floor":7,"key":"Strength Potion"},{"floor":8,"key":"Explosive Potion"},{"floor":10,"key":"FearPotion"},{"floor":12,"key":"Regen Potion"},{"floor":16,"key":"Poison Potion"},{"floor":21,"key":"SkillPotion"},{"floor":25,"key":"Regen Potion"},{"floor":28,"key":"SteroidPotion"},{"floor":33,"key":"SkillPotion"},{"floor":36,"key":"Ancient Potion"},{"floor":38,"key":"LiquidBronze"},{"floor":45,"key":"SkillPotion"}],"is_trial":false,"path_per_floor":["M","M","M","?","M","R","M","M","T","M","$","M","M","?","R","B",null,"M","?","?","M","?","R","E","M","T","M","M","$","R","M","R","B",null,"M","M","$","?","?","R","?","R","T","M","?","M","M","M","R"],"character_chosen":"IRONCLAD","items_purchased":["Lantern","Vajra","Bag of Marbles"],"campfire_rested":4,"item_purchase_floors":[11,37,37],"current_hp_per_floor":[80,79,80,80,62,62,49,51,51,53,53,54,57,50,74,31,80,80,64,58,54,39,63,55,45,45,51,55,55,55,65,65,32,80,42,48,48,34,34,58,58,58,58,71,38,44,43,49,73,0],"gold":114,"neow_bonus":"REMOVE_CARD","is_prod":false,"is_daily":false,"chose_seed":false,"campfire_upgraded":4,"win_rate":0,"timestamp":1535576607,"path_taken":["M","M","M","?","M","R","?","M","T","?","?","M","?","?","R","BOSS","M","?","?","M","?","R","E","M","T","?","M","$","R","M","R","BOSS","M","M","$","?","?","R","?","R","T","M","?","M","?","M","R","BOSS"],"build_version":"2018-08-23v2","purchased_purges":2,"victory":false,"max_hp_per_floor":[80,80,80,80,80,80,80,80,80,80,80,80,80,80,80,80,80,80,80,80,80,80,80,80,80,80,80,80,80,80,80,80,80,80,80,80,80,80,80,80,80,80,80,80,80,80,80,80,80,80],"card_choices":[{"not_picked":["Body Slam","Anger"],"picked":"Armaments","floor":1},{"not_picked":["Searing Blow","Clash"],"picked":"Evolve","floor":2},{"not_picked":["Iron Wave","Cleave"],"picked":"Heavy Blade","floor":3},{"not_picked":["True Grit","Corruption"],"picked":"Flame Barrier","floor":5},{"not_picked":["Body Slam","Brutality"],"picked":"Uppercut","floor":7},{"not_picked":["Dropkick","Iron Wave"],"picked":"Cleave","floor":8},{"not_picked":["Sentinel","Rampage","Pommel Strike"],"picked":"SKIP","floor":10},{"not_picked":["Blood for Blood","True Grit"],"picked":"Spot Weakness","floor":12},{"not_picked":["Warcry","Wild Strike","Headbutt"],"picked":"SKIP","floor":13},{"not_picked":["Dark Embrace","Bludgeon"],"picked":"Double Tap","floor":16},{"not_picked":["Bloodletting","Perfected Strike+1"],"picked":"Clothesline+1","floor":18},{"not_picked":["Hemokinesis+1","Battle Trance","Clash"],"picked":"SKIP","floor":21},{"not_picked":["Battle Trance","Heavy Blade+1"],"picked":"Infernal Blade+1","floor":24},{"not_picked":["Sever Soul","Intimidate"],"picked":"Whirlwind+1","floor":25},{"not_picked":["Pommel Strike","Armaments"],"picked":"Flex","floor":27},{"not_picked":["Perfected Strike+1","Heavy Blade"],"picked":"Blood for Blood+1","floor":28},{"not_picked":["Heavy Blade","Seeing Red"],"picked":"Shockwave","floor":31},{"not_picked":["Reaper","Offering"],"picked":"Immolate","floor":33},{"not_picked":["Perfected Strike+1","Clash+1","Headbutt"],"picked":"SKIP","floor":35},{"not_picked":["Pommel Strike","Heavy Blade","Cleave+1"],"picked":"SKIP","floor":36},{"not_picked":["Warcry","Seeing Red+1"],"picked":"Iron Wave+1","floor":44},{"not_picked":["Searing Blow","Headbutt+1"],"picked":"Body Slam+1","floor":45},{"not_picked":["Anger+1","Shrug It Off","Shockwave+1"],"picked":"SKIP","floor":46},{"not_picked":["Whirlwind+1","Body Slam+1","Exhume"],"picked":"SKIP","floor":47},{"not_picked":["Twin Strike","Rupture","Pummel"],"picked":"SKIP","floor":48}],"player_experience":135613,"relics_obtained":[{"floor":9,"key":"Pen Nib"},{"floor":19,"key":"Necronomicon"},{"floor":24,"key":"Ancient Tea Set"},{"floor":26,"key":"Anchor"},{"floor":38,"key":"Charon\u0027s Ashes"},{"floor":43,"key":"Matryoshka"},{"floor":45,"key":"Sundial"}],"event_choices":[{"event_name":"Living Wall","player_choice":"Forget","floor":4,"damage_taken":0},{"event_name":"Golden Wing","player_choice":"Card Removal","floor":14,"damage_taken":0},{"event_name":"Cursed Tome","player_choice":"Obtained Book","floor":19,"damage_taken":0},{"event_name":"Nest","player_choice":"Joined the Cult","floor":20,"damage_taken":0},{"event_name":"Colosseum","player_choice":"Fight","floor":22,"damage_taken":0},{"event_name":"Colosseum","player_choice":"Fled From Nobs","floor":22,"damage_taken":0},{"event_name":"MindBloom","player_choice":"Fight","floor":38,"damage_taken":0},{"event_name":"Tomb of Lord Red Mask","player_choice":"Paid","floor":39,"damage_taken":0},{"event_name":"Duplicator","player_choice":"One dupe","floor":41,"damage_taken":0},{"event_name":"Mysterious Sphere","player_choice":"Fight","floor":45,"damage_taken":0}],"is_beta":false,"boss_relics":[{"not_picked":["Philosopher\u0027s Stone","Coffee Dripper"],"picked":"Pandora\u0027s Box"},{"not_picked":["Snecko Eye","Eternal Feather"],"picked":"Lizard Tail"}],"items_purged_floors":[11,29],"is_endless":false,"potions_floor_spawned":[7,8,10,12,13,16,21,25,28,33,36,38,45],"killed_by":"Awakened One","ascension_level":4}