{"gold_per_floor":[112,112,125,139,156,156,185,185,212,225,304,304,339,356,356,452,452,471,459,459,459,262,262,262,274,322,338,338,351,49,49,49,148,148,167,167,167,186,186,186,204,222,246,246,260,260,9,21,21,21],"floor_reached":51,"playtime":10586,"items_purged":["Stack","Pain","Injury"],"score":853,"play_id":"2a8ad912-9fb2-45d8-a930-9bc81f0f40f5","local_time":"20190603112703","is_ascension_mode":true,"campfire_choices":[{"data":"Zap","floor":6,"key":"SMITH"},{"data":"Hologram","floor":8,"key":"SMITH"},{"data":"Conserve Battery","floor":15,"key":"SMITH"},{"data":"Consume","floor":23,"key":"SMITH"},{"data":"Multi-Cast","floor":28,"key":"SMITH"},{"data":"Capacitor","floor":32,"key":"SMITH"},{"data":"Buffer","floor":40,"key":"SMITH"},{"data":"Self Repair","floor":44,"key":"SMITH"},{"data":"Reinforced Body","floor":49,"key":"SMITH"}],"neow_cost":"TEN_PERCENT_HP_LOSS","seed_source_timestamp":1205145151504984,"circlet_count":0,"master_deck":["Strike_B+1","Defend_B+1","Defend_B+1","Defend_B+1","Defend_B+1","Zap+1","Dualcast","Hologram+1","Creative AI+1","Doom and Gloom+1","Self Repair+1","Reinforced Body+1","Conserve Battery+1","Ball Lightning","Multi-Cast+1","Consume+1","RitualDagger","Capacitor+1","Barrage+1","Steam","Buffer+1","Leap+1","Hologram+1","Parasite","Leap","Leap+1","Electrodynamics"],"relics":["Cracked Core","Pen Nib","Centennial Puzzle","Bag of Marbles","Cursed Key","Nilry\u0027s Codex","Juzu Bracelet","Lee\u0027s Waffle","Coffee Dripper","Omamori"],"potions_floor_usage":[7,13,25,27,33,33,33,48,50,50],"damage_taken":[{"damage":7,"enemies":"Small Slimes","floor":1,"turns":4},{"damage":0,"enemies":"Cultist","floor":3,"turns":2},{"damage":7,"enemies":"Jaw Worm","floor":4,"turns":3},{"damage":9,"enemies":"3 Louse","floor":5,"turns":6},{"damage":23,"enemies":"Lagavulin","floor":7,"turns":8},{"damage":9,"enemies":"Blue Slaver","floor":10,"turns":3},{"damage":8,"enemies":"Gremlin Nob","floor":13,"turns":4},{"damage":7,"enemies":"2 Fungi Beasts","floor":14,"turns":2},{"damage":23,"enemies":"Hexaghost","floor":16,"turns":11},{"damage":4,"enemies":"Shell Parasite","floor":18,"turns":6},{"damage":12,"enemies":"2 Thieves","floor":19,"turns":4},{"damage":3,"enemies":"Centurion and Healer","floor":25,"turns":5},{"damage":13,"enemies":"Chosen and Byrds","floor":27,"turns":4},{"damage":5,"enemies":"3 Cultists","floor":29,"turns":4},{"damage":62,"enemies":"Collector","floor":33,"turns":8},{"damage":3,"enemies":"3 Shapes","floor":35,"turns":3},{"damage":1,"enemies":"3 Darklings","floor":38,"turns":5},{"damage":27,"enemies":"Jaw Worm Horde","floor":41,"turns":5},{"damage":7,"enemies":"Writhing Mass","floor":42,"turns":7},{"damage":11,"enemies":"Transient","floor":45,"turns":5},{"damage":0,"enemies":"Jaw Worm Horde","floor":48,"turns":3},{"damage":38,"enemies":"Donu and Deca","floor":50,"turns":11}],"seed_played":"-7564824718166064615","potions_obtained":[{"floor":3,"key":"PowerPotion"},{"floor":4,"key":"PowerPotion"},{"floor":10,"key":"SteroidPotion"},{"floor":19,"key":"PowerPotion"},{"floor":25,"key":"Energy Potion"},{"floor":29,"key":"Weak Potion"},{"floor":38,"key":"Poison Potion"},{"floor":41,"key":"PowerPotion"},{"floor":42,"key":"EssenceOfSteel"}],"is_trial":false,"path_per_floor":["M","?","M","M","M","R","E","R","T","M","?","?","E","M","R","B",null,"M","M","?","?","$","R","?","M","T","M","R","M","$","?","R","B",null,"M","?","T","M","?","R","M","M","T","R","M","?","$","M","R","B",null],"character_chosen":"DEFECT","items_purchased":["Capacitor","Weak Potion","Lee\u0027s Waffle","Electrodynamics","Dexterity Potion"],"campfire_rested":0,"item_purchase_floors":[22,22,30,47,47],"current_hp_per_floor":[61,61,61,54,52,52,36,36,36,34,34,34,33,33,33,17,55,58,53,47,47,47,47,31,35,35,29,29,31,75,75,75,20,61,65,65,65,71,71,71,51,51,51,51,50,50,50,50,50,12],"gold":21,"neow_bonus":"TRANSFORM_TWO_CARDS","is_prod":false,"is_daily":false,"chose_seed":false,"campfire_upgraded":9,"win_rate":0,"timestamp":1559575623,"path_taken":["M","?","?","M","M","R","E","R","T","M","?","?","E","M","R","BOSS","M","M","?","?","$","R","?","M","T","M","R","M","$","?","R","BOSS","M","?","?","M","?","R","M","M","T","R","M","?","$","M","R","BOSS"],"build_version":"2019-01-23","purchased_purges":3,"victory":true,"max_hp_per_floor":[68,68,68,68,68,68,68,68,68,68,68,68,68,68,68,68,68,68,68,68,68,68,68,68,68,68,68,68,68,75,75,75,75,75,75,75,75,75,75,75,75,75,75,75,75,75,75,75,75,75],"card_choices":[{"not_picked":["Barrage","Turbo"],"picked":"Doom and Gloom","floor":1},{"not_picked":["Stack","Streamline","Redo"],"picked":"SKIP","floor":3},{"not_picked":["Redo","Recycle"],"picked":"Self Repair","floor":4},{"not_picked":["Seek","Blizzard"],"picked":"Reinforced Body","floor":5},{"not_picked":["Reinforced Body","Sweeping Beam"],"picked":"Conserve Battery","floor":7},{"not_picked":["Streamline","Sunder","Blizzard"],"picked":"SKIP","floor":10},{"not_picked":["Rebound","Rip and Tear","Heatsinks"],"picked":"SKIP","floor":13},{"not_picked":["Beam Cell","Genetic Algorithm"],"picked":"Ball Lightning","floor":14},{"not_picked":["Creative AI","All For One"],"picked":"Multi-Cast","floor":16},{"not_picked":["Recycle","Gash"],"picked":"Consume","floor":18},{"not_picked":["Sweeping Beam","Doom and Gloom"],"picked":"Stack","floor":19},{"not_picked":["Beam Cell","Compile Driver"],"picked":"Barrage+1","floor":25},{"not_picked":["Turbo","Go for the Eyes"],"picked":"Steam","floor":27},{"not_picked":["Ball Lightning","Heatsinks","Double Energy"],"picked":"SKIP","floor":29},{"not_picked":["Biased Cognition","Multi-Cast"],"picked":"Buffer","floor":33},{"not_picked":["Aggregate","Redo+1"],"picked":"Leap+1","floor":35},{"not_picked":["Melter","Skim"],"picked":"Hologram+1","floor":38},{"not_picked":["Cold Snap+1","Rebound","Gash"],"picked":"SKIP","floor":41},{"not_picked":["Heatsinks","Sunder+1"],"picked":"Leap","floor":42},{"not_picked":["Go for the Eyes+1","Steam"],"picked":"Leap+1","floor":45},{"not_picked":["Chill+1","Consume+1","Streamline"],"picked":"SKIP","floor":48}],"player_experience":685378,"relics_obtained":[{"floor":7,"key":"Pen Nib"},{"floor":9,"key":"Centennial Puzzle"},{"floor":13,"key":"Bag of Marbles"},{"floor":24,"key":"Nilry\u0027s Codex"},{"floor":26,"key":"Juzu Bracelet"},{"floor":43,"key":"Omamori"}],"event_choices":[{"damage_healed":0,"gold_gain":0,"player_choice":"Upgraded","damage_taken":0,"max_hp_gain":0,"max_hp_loss":0,"event_name":"Upgrade Shrine","floor":2,"gold_loss":0,"cards_upgraded":["Doom and Gloom"]},{"damage_healed":0,"gold_gain":79,"player_choice":"Gained Gold","damage_taken":0,"max_hp_gain":0,"max_hp_loss":0,"event_name":"Golden Wing","floor":11,"gold_loss":0},{"damage_healed":0,"gold_gain":0,"player_choice":"Grow","damage_taken":0,"max_hp_gain":0,"max_hp_loss":0,"event_name":"Living Wall","floor":12,"gold_loss":0,"cards_upgraded":["Creative AI"]},{"damage_healed":0,"gold_gain":0,"player_choice":"Joined the Cult","damage_taken":6,"max_hp_gain":0,"max_hp_loss":0,"event_name":"Nest","floor":20,"gold_loss":0,"cards_obtained":["RitualDagger"]},{"damage_healed":0,"gold_gain":0,"player_choice":"Simplicity","damage_taken":0,"max_hp_gain":0,"max_hp_loss":0,"event_name":"Back to Basics","floor":21,"gold_loss":0,"cards_upgraded":["Strike_B","Strike_B","Defend_B","Defend_B","Defend_B","Defend_B"]},{"damage_healed":0,"gold_gain":0,"player_choice":"Obtained Book","damage_taken":16,"max_hp_gain":0,"max_hp_loss":0,"event_name":"Cursed Tome","floor":24,"gold_loss":0},{"damage_healed":0,"gold_gain":0,"player_choice":"Ignored","damage_taken":0,"max_hp_gain":0,"max_hp_loss":0,"event_name":"Vampires","floor":31,"gold_loss":0},{"cards_removed":["Strike_B"],"damage_healed":0,"gold_gain":0,"player_choice":"Removed Attack","damage_taken":0,"max_hp_gain":0,"max_hp_loss":0,"event_name":"Falling","floor":36,"gold_loss":0},{"damage_healed":0,"gold_gain":0,"player_choice":"Ignored","damage_taken":0,"max_hp_gain":0,"max_hp_loss":0,"event_name":"Tomb of Lord Red Mask","floor":39,"gold_loss":0},{"damage_healed":0,"gold_gain":0,"player_choice":"Ignored","damage_taken":0,"max_hp_gain":0,"max_hp_loss":0,"event_name":"Mysterious Sphere","floor":46,"gold_loss":0}],"is_beta":false,"boss_relics":[{"not_picked":["Astrolabe","FrozenCore"],"picked":"Cursed Key"},{"not_picked":["Velvet Choker","Black Star"],"picked":"Coffee Dripper"}],"items_purged_floors":[22,30,47],"is_endless":false,"potions_floor_spawned":[3,4,10,19,25,29,38,41,42],"ascension_level":8}