{"gold_per_floor":[110,120,139,152,30,30,41,41,68,68,79,79,91,103,115,226,238,264,276],"floor_reached":19,"playtime":581,"items_purged":["Strike_R"],"score":207,"play_id":"fea6685f-eb96-4c8a-9a5d-c7e66f619ab0","local_time":"20190125123003","is_ascension_mode":true,"campfire_choices":[{"floor":6,"key":"REST"},{"data":"Iron Wave","floor":8,"key":"SMITH"},{"data":"Iron Wave","floor":10,"key":"SMITH"},{"data":"Body Slam","floor":13,"key":"SMITH"},{"data":"True Grit","floor":15,"key":"SMITH"}],"neow_cost":"NONE","seed_source_timestamp":94589055426500,"circlet_count":0,"master_deck":["Strike_R","Strike_R","Strike_R","Strike_R","Defend_R","Defend_R","Defend_R","Defend_R","Bash","Body Slam+1","Iron Wave+1","Iron Wave+1","True Grit+1","Barricade","Anger+1"],"relics":["Black Blood","NeowsBlessing","Bronze Scales","MawBank"],"potions_floor_usage":[16,16,18,19],"damage_taken":[{"damage":0,"enemies":"Jaw Worm","floor":1,"turns":1},{"damage":0,"enemies":"Cultist","floor":2,"turns":1},{"damage":0,"enemies":"2 Louse","floor":3,"turns":1},{"damage":50,"enemies":"Gremlin Gang","floor":4,"turns":5},{"damage":11,"enemies":"2 Fungi Beasts","floor":7,"turns":4},{"damage":0,"enemies":"3 Louse","floor":11,"turns":4},{"damage":15,"enemies":"Hexaghost","floor":16,"turns":9},{"damage":0,"enemies":"Spheric Guardian","floor":18,"turns":4},{"damage":20,"enemies":"Colosseum Slavers","floor":19,"turns":6},{"damage":82,"enemies":"Colosseum Nobs","floor":19,"turns":6}],"seed_played":"6453655785719727602","potions_obtained":[{"floor":4,"key":"SpeedPotion"},{"floor":7,"key":"Dexterity Potion"},{"floor":11,"key":"Weak Potion"},{"floor":14,"key":"Strength Potion"},{"floor":14,"key":"AttackPotion"},{"floor":18,"key":"Energy Potion"}],"is_trial":false,"path_per_floor":["M","M","M","M","$","R","M","R","T","R","M","?","R","?","R","B",null,"M","?"],"character_chosen":"IRONCLAD","items_purchased":["True Grit"],"campfire_rested":1,"item_purchase_floors":[5],"current_hp_per_floor":[78,80,80,36,36,60,55,55,55,55,61,54,54,54,54,45,71,80,0],"gold":276,"neow_bonus":"THREE_ENEMY_KILL","is_prod":false,"is_daily":false,"chose_seed":false,"campfire_upgraded":4,"win_rate":0,"timestamp":1548408603,"path_taken":["M","M","M","M","$","R","M","R","T","R","M","?","R","?","R","BOSS","M","?"],"build_version":"2019-01-23","purchased_purges":1,"victory":false,"max_hp_per_floor":[80,80,80,80,80,80,80,80,80,80,80,80,80,80,80,80,80,80,80],"card_choices":[{"not_picked":["Perfected Strike","Armaments"],"picked":"Body Slam","floor":1},{"not_picked":["Inflame","Anger"],"picked":"Iron Wave","floor":2},{"not_picked":["Ghostly Armor","Pommel Strike"],"picked":"Iron Wave","floor":3},{"not_picked":["Pommel Strike","Clash","Twin Strike"],"picked":"SKIP","floor":4},{"not_picked":["Clash","Headbutt","Wild Strike"],"picked":"SKIP","floor":7},{"not_picked":["Twin Strike","Heavy Blade","Headbutt"],"picked":"SKIP","floor":11},{"not_picked":["Double Tap","Limit Break"],"picked":"Barricade","floor":16},{"not_picked":["True Grit","Armaments"],"picked":"Anger+1","floor":18}],"player_experience":159801,"relics_obtained":[{"floor":9,"key":"Bronze Scales"}],"event_choices":[{"damage_healed":0,"gold_gain":0,"player_choice":"Success","damage_taken":7,"relics_obtained":["MawBank"],"max_hp_gain":0,"max_hp_loss":0,"event_name":"Scrap Ooze","floor":12,"gold_loss":0},{"damage_healed":0,"gold_gain":0,"player_choice":"Got Potions","damage_taken":0,"max_hp_gain":0,"max_hp_loss":0,"event_name":"Lab","floor":14,"gold_loss":0},{"damage_healed":0,"gold_gain":0,"player_choice":"Fight","damage_taken":0,"max_hp_gain":0,"max_hp_loss":0,"event_name":"Colosseum","floor":19,"gold_loss":0},{"damage_healed":0,"gold_gain":0,"player_choice":"Fought Nobs","damage_taken":0,"max_hp_gain":0,"max_hp_loss":0,"event_name":"Colosseum","floor":19,"gold_loss":0}],"is_beta":false,"boss_relics":[{"not_picked":["Runic Cube","Coffee Dripper"],"picked":"Black Blood"}],"items_purged_floors":[5],"is_endless":false,"potions_floor_spawned":[4,7,11,18],"killed_by":"Colosseum Nobs","ascension_level":6}