{"gold_per_floor":[10,30,43,43,143,154,181,154,178,190,220,232,264,294,306,413,425,452,482,494],"floor_reached":20,"playtime":1081,"items_purged":[],"score":265,"play_id":"ed37ee1f-e176-4cca-9457-a006005b0e4b","local_time":"20190610110657","is_ascension_mode":true,"campfire_choices":[{"floor":10,"key":"REST"},{"floor":12,"key":"REST"},{"data":"Shockwave","floor":15,"key":"SMITH"}],"neow_cost":"NO_GOLD","seed_source_timestamp":310519324316100,"circlet_count":0,"master_deck":["Strike_R","Strike_R","Defend_R","Defend_R","Defend_R","Bash","Shrug It Off","True Grit","Whirlwind","Shockwave+1","Inflame","Feed","Feel No Pain+1","Barricade+1","Juggernaut+1","Searing Blow+1"],"relics":["Burning Blood","Smiling Mask","MawBank","Odd Mushroom","Astrolabe"],"potions_floor_usage":[8,16,16,16,20],"damage_taken":[{"damage":11,"enemies":"2 Louse","floor":1,"turns":3},{"damage":4,"enemies":"Small Slimes","floor":2,"turns":4},{"damage":5,"enemies":"Cultist","floor":3,"turns":4},{"damage":31,"enemies":"Large Slime","floor":6,"turns":8},{"damage":27,"enemies":"3 Sentries","floor":7,"turns":6},{"damage":23,"enemies":"Exordium Thugs","floor":8,"turns":5},{"damage":6,"enemies":"Looter","floor":11,"turns":4},{"damage":15,"enemies":"The Mushroom Lair","floor":13,"turns":3},{"damage":9,"enemies":"Exordium Wildlife","floor":14,"turns":4},{"damage":49,"enemies":"The Guardian","floor":16,"turns":24},{"damage":9,"enemies":"Chosen","floor":18,"turns":6},{"damage":39,"enemies":"Shell Parasite","floor":19,"turns":10},{"damage":42,"enemies":"Cultist and Chosen","floor":20,"turns":5}],"seed_played":"5305499821643624418","potions_obtained":[{"floor":1,"key":"SkillPotion"},{"floor":6,"key":"Dexterity Potion"},{"floor":11,"key":"Block Potion"},{"floor":14,"key":"SpeedPotion"},{"floor":16,"key":"Block Potion"}],"is_trial":false,"path_per_floor":["M","M","M","?","?","M","E","M","T","R","M","R","?","M","R","B",null,"M","M","M"],"character_chosen":"IRONCLAD","items_purchased":[],"campfire_rested":2,"item_purchase_floors":[],"current_hp_per_floor":[83,85,86,79,79,54,33,16,16,44,44,72,63,60,60,17,76,73,40,0],"gold":494,"neow_bonus":"TWENTY_PERCENT_HP_BONUS","is_prod":false,"is_daily":false,"chose_seed":false,"campfire_upgraded":1,"win_rate":0,"timestamp":1560154017,"path_taken":["M","M","M","?","?","M","E","?","T","R","M","R","?","M","R","BOSS","M","M","M"],"build_version":"2019-01-23","purchased_purges":0,"victory":false,"max_hp_per_floor":[96,96,96,96,96,96,96,96,96,96,96,96,96,96,96,96,96,96,96,96],"card_choices":[{"not_picked":["Battle Trance","Headbutt"],"picked":"Shrug It Off","floor":1},{"not_picked":["Heavy Blade","Warcry"],"picked":"True Grit","floor":2},{"not_picked":["Armaments","Second Wind"],"picked":"Whirlwind","floor":3},{"not_picked":["Heavy Blade","Fiend Fire"],"picked":"Shockwave","floor":6},{"not_picked":["Heavy Blade","Rampage","Pummel"],"picked":"SKIP","floor":7},{"not_picked":["Hemokinesis","Flex","Headbutt"],"picked":"SKIP","floor":8},{"not_picked":["True Grit","Cleave"],"picked":"Inflame","floor":11},{"not_picked":["Clash","Berserk","Rupture"],"picked":"SKIP","floor":14},{"not_picked":["Demon Form","Fiend Fire"],"picked":"Feed","floor":16},{"not_picked":["Headbutt","Twin Strike"],"picked":"Searing Blow+1","floor":18},{"not_picked":["Pommel Strike","Reckless Charge","Perfected Strike+1"],"picked":"SKIP","floor":19}],"player_experience":180917,"relics_obtained":[{"floor":7,"key":"Smiling Mask"},{"floor":9,"key":"MawBank"},{"floor":13,"key":"Odd Mushroom"}],"event_choices":[{"cards_removed":["Strike_R"],"damage_healed":0,"gold_gain":0,"player_choice":"Card Removal","damage_taken":7,"max_hp_gain":0,"max_hp_loss":0,"event_name":"Golden Wing","floor":4,"gold_loss":0},{"damage_healed":0,"gold_gain":100,"player_choice":"Pray","damage_taken":0,"max_hp_gain":0,"max_hp_loss":0,"event_name":"Golden Shrine","floor":5,"gold_loss":0},{"damage_healed":0,"gold_gain":0,"player_choice":"Fought Mushrooms","damage_taken":0,"max_hp_gain":0,"max_hp_loss":0,"event_name":"Mushrooms","floor":13,"gold_loss":0}],"is_beta":false,"boss_relics":[{"not_picked":["Fusion Hammer","Runic Cube"],"picked":"Astrolabe"}],"items_purged_floors":[],"is_endless":false,"potions_floor_spawned":[1,6,11,14,16,18],"killed_by":"Cultist and Chosen","ascension_level":7}