{"gold_per_floor":[112,112,187,187,61,61,75,75,75,91,122,138,149,5,5,77,77,93,18,35,46,60,60,70,15,15,15,28,28,28],"floor_reached":30,"playtime":4077,"items_purged":["Strike_B"],"score":429,"play_id":"820ba602-a621-436c-8421-8570d6553649","local_time":"20190607123001","is_ascension_mode":true,"campfire_choices":[{"data":"Zap","floor":6,"key":"SMITH"},{"floor":8,"key":"REST"},{"data":"Dualcast","floor":15,"key":"SMITH"},{"floor":23,"key":"REST"}],"neow_cost":"TEN_PERCENT_HP_LOSS","seed_source_timestamp":1561097034349955,"circlet_count":0,"master_deck":["AscendersBane","Strike_B+1","Defend_B+1","Defend_B+1","Defend_B+1","Defend_B","Zap+1","Dualcast+1","Ball Lightning","Gash","Core Surge","Cold Snap","Conserve Battery","Coolheaded","Cold Snap","Buffer","Defragment","Coolheaded","Reinforced Body","Chill","Defragment","Capacitor","BootSequence+1"],"relics":["Cracked Core","Nunchaku","Bottled Flame","PreservedInsect","Orrery","War Paint"],"potions_floor_usage":[11,13,16,16,20,22,30],"damage_taken":[{"damage":1,"enemies":"Cultist","floor":1,"turns":3},{"damage":0,"enemies":"Jaw Worm","floor":7,"turns":3},{"damage":0,"enemies":"Small Slimes","floor":10,"turns":2},{"damage":21,"enemies":"Gremlin Nob","floor":11,"turns":4},{"damage":5,"enemies":"Blue Slaver","floor":12,"turns":2},{"damage":0,"enemies":"Lots of Slimes","floor":13,"turns":2},{"damage":18,"enemies":"Hexaghost","floor":16,"turns":12},{"damage":0,"enemies":"Chosen","floor":18,"turns":5},{"damage":14,"enemies":"3 Byrds","floor":20,"turns":5},{"damage":7,"enemies":"Sentry and Sphere","floor":21,"turns":8},{"damage":21,"enemies":"Shelled Parasite and Fungi","floor":22,"turns":10},{"damage":4,"enemies":"Centurion and Healer","floor":24,"turns":11},{"damage":0,"enemies":"Snecko","floor":28,"turns":8},{"damage":38,"enemies":"Gremlin Leader","floor":30,"turns":11}],"seed_played":"2916152691687416851","potions_obtained":[{"floor":7,"key":"Swift Potion"},{"floor":11,"key":"Explosive Potion"},{"floor":12,"key":"FocusPotion"},{"floor":18,"key":"Poison Potion"},{"floor":20,"key":"SkillPotion"},{"floor":21,"key":"Dexterity Potion"}],"is_trial":false,"path_per_floor":["M","?","?","?","$","R","M","R","T","M","E","M","M","$","R","B",null,"M","?","M","M","M","R","M","$","T","$","M","?","E"],"character_chosen":"DEFECT","items_purchased":["Gash","Cold Snap","FocusPotion","SkillPotion"],"campfire_rested":2,"item_purchase_floors":[5,14,14,25],"current_hp_per_floor":[63,56,45,26,26,26,26,45,45,45,24,19,19,19,19,1,48,48,48,34,27,6,25,21,21,21,21,21,21,0],"gold":28,"neow_bonus":"ONE_RARE_RELIC","is_prod":false,"is_daily":false,"chose_seed":false,"campfire_upgraded":2,"win_rate":0,"timestamp":1559925001,"path_taken":["M","?","?","?","?","R","M","R","T","M","E","?","?","$","R","BOSS","M","?","M","M","M","R","M","$","T","$","M","?","E"],"build_version":"2019-01-23","purchased_purges":1,"victory":false,"max_hp_per_floor":[64,64,64,64,64,64,64,64,64,64,64,64,64,64,64,64,64,64,64,64,64,64,64,64,64,64,64,64,64,64],"card_choices":[{"not_picked":["Rebound","Turbo"],"picked":"Ball Lightning","floor":1},{"not_picked":["Stack","Reprogram"],"picked":"Core Surge","floor":7},{"not_picked":["Redo","Streamline","Turbo"],"picked":"SKIP","floor":10},{"not_picked":["Barrage","Lockon"],"picked":"Cold Snap","floor":11},{"not_picked":["Fission","Beam Cell"],"picked":"Conserve Battery","floor":12},{"not_picked":["Tempest","Darkness"],"picked":"Coolheaded","floor":13},{"not_picked":["Rainbow","Thunder Strike"],"picked":"Buffer","floor":16},{"not_picked":["Aggregate","Static Discharge"],"picked":"Defragment","floor":17},{"not_picked":["White Noise","Sweeping Beam"],"picked":"Coolheaded","floor":17},{"not_picked":["Stack","Ball Lightning"],"picked":"Reinforced Body","floor":17},{"not_picked":["Auto Shields+1","Scrape"],"picked":"Chill","floor":18},{"not_picked":["Redo","Hologram"],"picked":"Defragment","floor":20},{"not_picked":["Scrape","Redo"],"picked":"Capacitor","floor":21},{"not_picked":["Rebound","Hyperbeam","Streamline"],"picked":"SKIP","floor":22},{"not_picked":["Hologram","Leap+1"],"picked":"BootSequence+1","floor":24},{"not_picked":["Sweeping Beam","Stack","Beam Cell"],"picked":"SKIP","floor":28}],"player_experience":759399,"relics_obtained":[{"floor":9,"key":"Bottled Flame"},{"floor":11,"key":"PreservedInsect"},{"floor":26,"key":"War Paint"}],"event_choices":[{"cards_removed":["Strike_B"],"damage_healed":0,"gold_gain":0,"player_choice":"Card Removal","damage_taken":7,"max_hp_gain":0,"max_hp_loss":0,"event_name":"Golden Wing","floor":2,"gold_loss":0},{"damage_healed":0,"gold_gain":75,"player_choice":"Gather Gold","damage_taken":11,"max_hp_gain":0,"max_hp_loss":0,"event_name":"World of Goop","floor":3,"gold_loss":0},{"damage_healed":0,"gold_gain":0,"player_choice":"Entered Light","damage_taken":19,"max_hp_gain":0,"max_hp_loss":0,"event_name":"Shining Light","floor":4,"gold_loss":0,"cards_upgraded":["Defend_B","Strike_B"]},{"cards_removed":["Strike_B"],"damage_healed":0,"gold_gain":0,"player_choice":"Gave Gold","damage_taken":0,"max_hp_gain":0,"max_hp_loss":0,"event_name":"Beggar","floor":19,"gold_loss":75}],"is_beta":false,"boss_relics":[{"not_picked":["Eternal Feather","Runic Pyramid"],"picked":"Orrery"}],"items_purged_floors":[5],"is_endless":false,"potions_floor_spawned":[7,11,12,18,20,21,28],"killed_by":"Gremlin Leader","ascension_level":17}