{"gold_per_floor":[119,69,144,144,154,182,182,216,216,228,228,248,123,138,138,138],"floor_reached":16,"playtime":864,"items_purged":["Strike_B"],"score":154,"play_id":"87a80241-6b8e-4ad0-9248-fae1cd03b0af","local_time":"20190611103916","is_ascension_mode":true,"campfire_choices":[{"data":"Zap","floor":7,"key":"SMITH"},{"data":"Coolheaded","floor":11,"key":"SMITH"},{"data":"Reinforced Body","floor":15,"key":"SMITH"}],"neow_cost":"NONE","seed_source_timestamp":18375887340100,"circlet_count":0,"master_deck":["Strike_B","Defend_B","Defend_B","Defend_B","Defend_B","Zap+1","Dualcast","Conserve Battery","Undo","Sweeping Beam","Coolheaded+1","Capacitor","Reinforced Body+1","Compile Driver"],"relics":["Cracked Core","Bottled Lightning","Pear","Cables"],"potions_floor_usage":[8],"damage_taken":[{"damage":9,"enemies":"Small Slimes","floor":1,"turns":4},{"damage":0,"enemies":"2 Louse","floor":5,"turns":3},{"damage":14,"enemies":"3 Sentries","floor":6,"turns":9},{"damage":14,"enemies":"Lagavulin","floor":8,"turns":10},{"damage":0,"enemies":"Cultist","floor":10,"turns":3},{"damage":21,"enemies":"Large Slime","floor":12,"turns":6},{"damage":2,"enemies":"3 Louse","floor":14,"turns":3},{"damage":27,"enemies":"Hexaghost","floor":16,"turns":14}],"seed_played":"9095202173657890126","potions_obtained":[{"floor":6,"key":"Regen Potion"},{"floor":10,"key":"Swift Potion"},{"floor":12,"key":"Swift Potion"}],"is_trial":false,"path_per_floor":["M","?","?","?","M","E","R","E","T","M","R","M","$","M","R","B"],"character_chosen":"DEFECT","items_purchased":["Compile Driver"],"campfire_rested":0,"item_purchase_floors":[13],"current_hp_per_floor":[59,59,48,48,48,34,34,45,45,45,45,24,24,22,22,0],"gold":138,"neow_bonus":"THREE_CARDS","is_prod":false,"is_daily":false,"chose_seed":false,"campfire_upgraded":3,"win_rate":0,"timestamp":1560229756,"path_taken":["M","?","?","?","M","E","R","E","T","M","R","M","$","M","R","BOSS"],"build_version":"2019-01-23","purchased_purges":1,"victory":false,"max_hp_per_floor":[75,75,75,75,75,75,75,85,85,85,85,85,85,85,85,85],"card_choices":[{"not_picked":["Gash","Hologram"],"picked":"Conserve Battery","floor":0},{"not_picked":["Streamline","Storm"],"picked":"Undo","floor":1},{"not_picked":["Hologram","Loop"],"picked":"Sweeping Beam","floor":5},{"not_picked":["Gash","Steam Power","Redo"],"picked":"SKIP","floor":6},{"not_picked":["Steam","Turbo"],"picked":"Coolheaded","floor":8},{"not_picked":["Go for the Eyes","FTL"],"picked":"Capacitor","floor":10},{"not_picked":["Meteor Strike","Steam"],"picked":"Reinforced Body","floor":12},{"not_picked":["Streamline","Undo","Turbo"],"picked":"SKIP","floor":14}],"player_experience":288814,"relics_obtained":[{"floor":6,"key":"Bottled Lightning"},{"floor":8,"key":"Pear"},{"floor":9,"key":"Cables"}],"event_choices":[{"cards_removed":["Strike_B"],"damage_healed":0,"gold_gain":0,"player_choice":"Card Removal","damage_taken":0,"max_hp_gain":0,"max_hp_loss":0,"event_name":"The Cleric","floor":2,"gold_loss":50},{"damage_healed":0,"gold_gain":75,"player_choice":"Gather Gold","damage_taken":11,"max_hp_gain":0,"max_hp_loss":0,"event_name":"World of Goop","floor":3,"gold_loss":0},{"cards_removed":["Strike_B"],"damage_healed":0,"gold_gain":0,"player_choice":"Purged","damage_taken":0,"max_hp_gain":0,"max_hp_loss":0,"event_name":"Purifier","floor":4,"gold_loss":0}],"is_beta":false,"boss_relics":[],"items_purged_floors":[13],"is_endless":false,"potions_floor_spawned":[6,10,12],"killed_by":"Hexaghost","ascension_level":8}