{"gold_per_floor":[109,36,54,68,81,81,115,115,115,115,115,128,155,171,171,266,266,283,297,297,297,297,330,32,32,58,103,103,103,117,12,12,12],"floor_reached":33,"playtime":1158,"items_purged":[],"score":341,"play_id":"feda8a76-aa46-428e-a9af-da2b4ca88c64","local_time":"20190610143640","is_ascension_mode":true,"campfire_choices":[{"data":"Noxious Fumes","floor":6.0,"key":"SMITH"},{"floor":8.0,"key":"REST"},{"data":"Survivor","floor":11.0,"key":"SMITH"},{"floor":15.0,"key":"REST"},{"floor":25,"key":"REST"},{"floor":29,"key":"REST"},{"floor":32,"key":"REST"}],"neow_cost":"NONE","seed_source_timestamp":0,"circlet_count":0,"master_deck":["Defend_G","Defend_G","Defend_G","Defend_G","Defend_G","Strike_G","Strike_G","Strike_G","Strike_G","Survivor+1","Neutralize","Noxious Fumes+1","Flying Knee","Catalyst","Adrenaline","Quick Slash+1","Dagger Throw+1","Bane+1","Heel Hook+1","Poisoned Stab+1","Poisoned Stab+1"],"special_seed":0,"relics":["Ring of the Snake","Boot","Darkstone Periapt","Singing Bowl","Molten Egg 2","Potion Belt","Sozu","Mercury Hourglass","Centennial Puzzle","Membership Card","Snake Skull","Omamori","Juzu Bracelet","PreservedInsect"],"potions_floor_usage":[23],"damage_taken":[{"damage":0.0,"enemies":"Small Slimes","floor":1.0,"turns":4.0},{"damage":1.0,"enemies":"Cultist","floor":3.0,"turns":3.0},{"damage":1.0,"enemies":"Jaw Worm","floor":4.0,"turns":3.0},{"damage":6.0,"enemies":"Exordium Wildlife","floor":5.0,"turns":5.0},{"damage":28.0,"enemies":"Lagavulin","floor":7.0,"turns":9.0},{"damage":9.0,"enemies":"Exordium Thugs","floor":12.0,"turns":4.0},{"damage":3.0,"enemies":"Blue Slaver","floor":14.0,"turns":4.0},{"damage":54.0,"enemies":"Hexaghost","floor":16.0,"turns":11.0},{"damage":20,"enemies":"Chosen","floor":18,"turns":6},{"damage":16,"enemies":"Shell Parasite","floor":19,"turns":6},{"damage":45,"enemies":"Book of Stabbing","floor":23,"turns":5},{"damage":10,"enemies":"Shelled Parasite and Fungi","floor":30,"turns":4},{"damage":92,"enemies":"Champ","floor":33,"turns":10}],"seed_played":"2777016995535975846","potions_obtained":[{"floor":3.0,"key":"FearPotion"},{"floor":7.0,"key":"FearPotion"},{"floor":14.0,"key":"EssenceOfSteel"}],"is_trial":false,"path_per_floor":["M","?","M","M","M","R","E","R","T","?","R","M","T","M","R","B",null,"M","M","?","T","?","E","$","R","T","T","?","R","M","$","R","B"],"character_chosen":"THE_SILENT","items_purchased":["Membership Card","Snake Skull","Bane+1","Poisoned Stab+1","PreservedInsect"],"campfire_rested":5,"item_purchase_floors":[24,24,24,31,31],"current_hp_per_floor":[77,77,76,75,69,69,41,64,64,52,52,43,43,42,65,11,79,59,43,69,69,54,11,11,36,36,36,36,61,51,51,76,0],"gold":12,"neow_bonus":"TEN_PERCENT_HP_BONUS","is_prod":false,"is_daily":false,"chose_seed":false,"campfire_upgraded":2,"win_rate":0,"timestamp":1560166600,"path_taken":["M","?","M","M","?","R","E","R","T","?","R","M","?","M","R","BOSS","M","M","?","?","?","E","$","R","T","?","?","R","M","?","R","BOSS"],"build_version":"2019-01-23","purchased_purges":0,"victory":false,"max_hp_per_floor":[77,77,77,77,77,77,77,77,77,77,77,77,77,79,79,79,79,79,79,79,79,84,86,86,86,86,86,86,86,86,86,86,86],"card_choices":[{"not_picked":["Backflip","Concentrate"],"picked":"Noxious Fumes","floor":1.0},{"not_picked":["Well Laid Plans","Deflect","Blade Dance"],"picked":"SKIP","floor":3.0},{"not_picked":["Quick Slash","Backflip"],"picked":"Flying Knee","floor":4.0},{"not_picked":["Quick Slash","Flying Knee","Cloak And Dagger"],"picked":"SKIP","floor":5.0},{"not_picked":["Predator","Night Terror","Dagger Throw"],"picked":"SKIP","floor":7.0},{"not_picked":["Deadly Poison","Cloak And Dagger"],"picked":"Catalyst","floor":12.0},{"not_picked":["Skewer+1","Deflect","Accuracy"],"picked":"Singing Bowl","floor":14.0},{"not_picked":["Malaise","Wraith Form v2"],"picked":"Adrenaline","floor":16.0},{"not_picked":["Sucker Punch+1","Underhanded Strike+1"],"picked":"Quick Slash+1","floor":18},{"not_picked":["Quick Slash+1","Calculated Gamble+1"],"picked":"Dagger Throw+1","floor":19},{"not_picked":["Phantasmal Killer","Malaise","Calculated Gamble+1"],"picked":"Singing Bowl","floor":23},{"not_picked":["Quick Slash+1","Deflect"],"picked":"Poisoned Stab+1","floor":30}],"player_experience":183508,"relics_obtained":[{"floor":7.0,"key":"Darkstone Periapt"},{"floor":9.0,"key":"Singing Bowl"},{"floor":13.0,"key":"Potion Belt"},{"floor":21,"key":"Mercury Hourglass"},{"floor":23,"key":"Centennial Puzzle"},{"floor":26,"key":"Omamori"},{"floor":27,"key":"Juzu Bracelet"}],"event_choices":[{"damage_healed":0.0,"max_hp_gain":0.0,"max_hp_loss":0.0,"gold_gain":0.0,"event_name":"WeMeetAgain","player_choice":"Paid Gold","floor":2.0,"gold_loss":73.0,"damage_taken":0.0,"relics_obtained":["Boot"]},{"damage_healed":0.0,"max_hp_gain":0.0,"max_hp_loss":0.0,"gold_gain":0.0,"event_name":"Scrap Ooze","player_choice":"Success","floor":10.0,"gold_loss":0.0,"damage_taken":12.0,"relics_obtained":["Molten Egg 2"]},{"damage_healed":26,"gold_gain":0,"player_choice":"Heal","damage_taken":0,"max_hp_gain":0,"max_hp_loss":0,"event_name":"The Library","floor":20,"gold_loss":0},{"damage_healed":0,"gold_gain":0,"player_choice":"Shed Blood","damage_taken":20,"max_hp_gain":5,"max_hp_loss":0,"event_name":"Forgotten Altar","floor":22,"gold_loss":0},{"damage_healed":0,"gold_gain":0,"cards_transformed":["Strike_G"],"player_choice":"Transformed","damage_taken":0,"max_hp_gain":0,"max_hp_loss":0,"event_name":"Transmorgrifier","floor":28,"gold_loss":0,"cards_obtained":["Heel Hook"]}],"is_beta":false,"boss_relics":[{"not_picked":["Runic Pyramid","Coffee Dripper"],"picked":"Sozu"}],"items_purged_floors":[],"is_endless":false,"potions_floor_spawned":[3,7,14,18,19],"killed_by":"Champ","ascension_level":4}