{"gold_per_floor":[214,164,188,41,58,58,77,77,100,110,135,135,135,163,163,266,266,276,290,240,240,140,173,173,201,201,226,236,236,236,248,248,353,353,371,371,234,247,258,258,258],"floor_reached":41,"playtime":1681,"items_purged":["Strike_G","Strike_G"],"score":554,"play_id":"76b28bc5-b733-480a-a979-a555ffaa1545","local_time":"20180825045649","is_ascension_mode":true,"campfire_choices":[{"data":"Dash","floor":6,"key":"SMITH"},{"data":"Noxious Fumes","floor":8,"key":"SMITH"},{"data":"Deadly Poison","floor":13,"key":"SMITH"},{"floor":15,"key":"REST"},{"floor":24,"key":"REST"},{"floor":32,"key":"REST"},{"data":"Corpse Explosion","floor":40,"key":"SMITH"}],"neow_cost":"NONE","seed_source_timestamp":62324328863659,"circlet_count":0,"master_deck":["Survivor","Neutralize","Dash+1","Noxious Fumes+1","Deadly Poison+1","Corpse Explosion+1","Bouncing Flask+1","Bane+1","Finisher+1","Deadly Poison","Writhe","Venomology","Deflect","Finisher+1","Distraction","Outmaneuver","Dodge and Roll","Dagger Spray+1","Flying Knee+1","PiercingWail+1","Venomology"],"relics":["Ring of the Snake","Bag of Marbles","Bag of Preparation","Meat on the Bone","Molten Egg 2","Whetstone","Busted Crown","Potion Belt","Ninja Scroll","Ginger","Tingsha","Bottled Tornado","Ornamental Fan","Pandora\u0027s Box"],"potions_floor_usage":[16,16,16,25,33,35,38,39,39,41,41,41],"damage_taken":[{"damage":1,"enemies":"Cultist","floor":1,"turns":3},{"damage":0,"enemies":"2 Louse","floor":5,"turns":2},{"damage":1,"enemies":"Jaw Worm","floor":7,"turns":3},{"damage":0,"enemies":"Exordium Wildlife","floor":10,"turns":4},{"damage":4,"enemies":"3 Sentries","floor":11,"turns":6},{"damage":32,"enemies":"Gremlin Nob","floor":14,"turns":4},{"damage":49,"enemies":"Slime Boss","floor":16,"turns":11},{"damage":0,"enemies":"Chosen","floor":18,"turns":3},{"damage":0,"enemies":"Spheric Guardian","floor":19,"turns":2},{"damage":27,"enemies":"Slavers","floor":23,"turns":3},{"damage":30,"enemies":"Gremlin Leader","floor":25,"turns":5},{"damage":1,"enemies":"Slavers","floor":27,"turns":3},{"damage":11,"enemies":"Snake Plant","floor":28,"turns":3},{"damage":8,"enemies":"Chosen and Byrds","floor":31,"turns":4},{"damage":49,"enemies":"Automaton","floor":33,"turns":9},{"damage":0,"enemies":"Flame Bruiser 1 Orb","floor":35,"turns":1},{"damage":0,"enemies":"3 Darklings","floor":38,"turns":2},{"damage":10,"enemies":"Sphere and 2 Shapes","floor":39,"turns":4},{"damage":83,"enemies":"Nemesis","floor":41,"turns":4}],"seed_played":"-5467432042022594635","potions_obtained":[{"floor":1,"key":"Swift Potion"},{"floor":7,"key":"Regen Potion"},{"floor":14,"key":"Energy Potion"},{"floor":23,"key":"Regen Potion"},{"floor":25,"key":"GhostInAJar"},{"floor":31,"key":"SteroidPotion"},{"floor":38,"key":"Poison Potion"}],"is_trial":false,"path_per_floor":["M","?","T","$","M","R","M","R","T","M","E","T","R","E","R","B",null,"M","M","?","?","$","E","R","E","T","E","M","T","?","M","R","B",null,"M","?","$","M","M","R"],"character_chosen":"THE_SILENT","items_purchased":["Noxious Fumes","Venomology"],"campfire_rested":3,"item_purchase_floors":[4,37],"current_hp_per_floor":[69,69,69,69,69,69,68,68,68,68,64,64,64,44,65,39,70,70,70,70,70,70,43,64,48,48,47,36,36,36,40,61,24,70,70,65,65,65,55,55,0],"gold":258,"neow_bonus":"HUNDRED_GOLD","is_prod":false,"is_daily":false,"chose_seed":false,"campfire_upgraded":4,"win_rate":0,"timestamp":1535162209,"path_taken":["M","?","?","?","?","R","M","R","T","M","E","?","R","E","R","BOSS","M","M","?","?","?","E","R","E","T","E","M","?","?","M","R","BOSS","M","?","$","M","M","R","E"],"build_version":"2018-08-23v2","purchased_purges":2,"victory":false,"max_hp_per_floor":[70,70,70,70,70,70,70,70,70,70,70,70,70,70,70,70,70,70,70,70,70,70,70,70,70,70,70,70,70,70,70,70,70,70,70,70,70,70,70,70,70],"card_choices":[{"not_picked":["PiercingWail","Distraction"],"picked":"Dash","floor":1},{"not_picked":["Leg Sweep","Dagger Throw","PiercingWail"],"picked":"SKIP","floor":5},{"not_picked":["Outmaneuver","Dagger Spray","Footwork"],"picked":"SKIP","floor":7},{"not_picked":["Sucker Punch","Riddle With Holes","Deflect"],"picked":"SKIP","floor":10},{"not_picked":["Cloak And Dagger","Riddle With Holes"],"picked":"Deadly Poison","floor":11},{"not_picked":["Predator+1","Cloak And Dagger","Distraction"],"picked":"SKIP","floor":14},{"not_picked":["Unload+1","Malaise"],"picked":"Corpse Explosion","floor":16},{"not_picked":[],"picked":"Bouncing Flask+1","floor":18},{"not_picked":["Blade Dance"],"picked":"SKIP","floor":19},{"not_picked":[],"picked":"Bane+1","floor":23},{"not_picked":[],"picked":"Finisher+1","floor":25},{"not_picked":[],"picked":"Deadly Poison","floor":27},{"not_picked":["Well Laid Plans+1"],"picked":"SKIP","floor":28},{"not_picked":["Endless Agony+1"],"picked":"SKIP","floor":31},{"not_picked":[],"picked":"Venomology","floor":33},{"not_picked":[],"picked":"PiercingWail+1","floor":35},{"not_picked":["Cloak And Dagger"],"picked":"SKIP","floor":38},{"not_picked":["Sucker Punch+1"],"picked":"SKIP","floor":39}],"player_experience":89389,"relics_obtained":[{"floor":3,"key":"Bag of Marbles"},{"floor":9,"key":"Bag of Preparation"},{"floor":11,"key":"Meat on the Bone"},{"floor":12,"key":"Molten Egg 2"},{"floor":14,"key":"Whetstone"},{"floor":23,"key":"Potion Belt"},{"floor":25,"key":"Ninja Scroll"},{"floor":26,"key":"Ginger"},{"floor":27,"key":"Tingsha"},{"floor":29,"key":"Bottled Tornado"}],"event_choices":[{"event_name":"The Cleric","player_choice":"Card Removal","floor":2,"damage_taken":0},{"event_name":"The Joust","player_choice":"Bet on Murderer","floor":20,"damage_taken":0},{"event_name":"Ghosts","player_choice":"Ignored","floor":21,"damage_taken":0},{"event_name":"The Mausoleum","player_choice":"Yes","floor":30,"damage_taken":0},{"event_name":"SensoryStone","player_choice":"Memory 2","floor":36,"damage_taken":0}],"is_beta":false,"boss_relics":[{"not_picked":["Eternal Feather","Coffee Dripper"],"picked":"Busted Crown"},{"not_picked":["Philosopher\u0027s Stone","Ring of the Serpent"],"picked":"Pandora\u0027s Box"}],"items_purged_floors":[4,22],"is_endless":false,"potions_floor_spawned":[1,7,14,23,25,31,38],"killed_by":"Nemesis","ascension_level":3}