{"gold_per_floor":[113,133,145,164,175,175,200,200,252,252,271,271,296,358,358,458,458,473,484,287,337,352,377,527,527,527,541,541,146,146,157,157,157],"floor_reached":33,"playtime":2281,"items_purged":["Tools of the Trade","Riddle With Holes"],"score":293,"play_id":"fbc6d12e-112a-42e1-873e-cbfd96443b8e","local_time":"20190606173637","is_ascension_mode":true,"campfire_choices":[{"data":"Backstab","floor":6.0,"key":"SMITH"},{"data":"Backstab","floor":8.0,"key":"SMITH"},{"floor":10.0,"key":"REST"},{"data":"Blade Dance","floor":15.0,"key":"SMITH"},{"floor":25,"key":"REST"},{"data":"Catalyst","floor":28,"key":"SMITH"},{"floor":30,"key":"REST"},{"data":"Dash","floor":32,"key":"SMITH"}],"neow_cost":"NONE","seed_source_timestamp":0,"circlet_count":0,"master_deck":["Survivor","Neutralize","All Out Attack","Dash","Storm of Steel","Noxious Fumes","Backstab+1","Backstab+1","Corpse Explosion","Blade Dance+1","Unload","Storm of Steel+1","Deadly Poison","Escape Plan+1","Dash+1","Terror","Escape Plan","Backflip","Venomology","Poisoned Stab","Poisoned Stab","Accuracy","Catalyst+1","Crippling Poison","Slice+1","Backstab"],"special_seed":0,"relics":["Ring of the Snake","Mercury Hourglass","Pen Nib","SsserpentHead","Bottled Lightning","Pandora\u0027s Box","Happy Flower","Calipers","Pantograph","PreservedInsect","War Paint","Vajra"],"potions_floor_usage":[24,24,24,24,24,33,33,33,33],"damage_taken":[{"damage":0.0,"enemies":"Jaw Worm","floor":1.0,"turns":5.0},{"damage":4.0,"enemies":"Cultist","floor":2.0,"turns":5.0},{"damage":0.0,"enemies":"Small Slimes","floor":3.0,"turns":3.0},{"damage":2.0,"enemies":"Looter","floor":4.0,"turns":3.0},{"damage":8.0,"enemies":"Lots of Slimes","floor":5.0,"turns":3.0},{"damage":30.0,"enemies":"Lagavulin","floor":7.0,"turns":9.0},{"damage":0.0,"enemies":"2 Fungi Beasts","floor":11.0,"turns":1.0},{"damage":6.0,"enemies":"Gremlin Nob","floor":13.0,"turns":3.0},{"damage":0.0,"enemies":"Looter","floor":14.0,"turns":1.0},{"damage":26.0,"enemies":"The Guardian","floor":16.0,"turns":12.0},{"damage":0.0,"enemies":"Spheric Guardian","floor":18.0,"turns":2.0},{"damage":1.0,"enemies":"Chosen","floor":19.0,"turns":4.0},{"damage":11.0,"enemies":"Centurion and Healer","floor":22.0,"turns":3.0},{"damage":25.0,"enemies":"Book of Stabbing","floor":23.0,"turns":4.0},{"damage":14,"enemies":"Colosseum Slavers","floor":24,"turns":3},{"damage":21,"enemies":"Colosseum Nobs","floor":24,"turns":5},{"damage":11,"enemies":"Snecko","floor":27,"turns":3},{"damage":6,"enemies":"Chosen and Byrds","floor":31,"turns":4},{"damage":68,"enemies":"Champ","floor":33,"turns":7}],"seed_played":"2943764513171390498","potions_obtained":[{"floor":2.0,"key":"Weak Potion"},{"floor":7.0,"key":"SkillPotion"},{"floor":13.0,"key":"Swift Potion"},{"floor":14.0,"key":"Weak Potion"},{"floor":18.0,"key":"SteroidPotion"},{"floor":19.0,"key":"Poison Potion"},{"floor":24,"key":"Swift Potion"},{"floor":31,"key":"SpeedPotion"}],"is_trial":false,"path_per_floor":["M","M","M","M","M","R","E","R","T","R","M","?","E","M","R","B",null,"M","M","$","?","M","E","?","R","T","M","R","$","R","M","R","B"],"character_chosen":"THE_SILENT","items_purchased":["Poisoned Stab","Accuracy","War Paint","Vajra"],"campfire_rested":3,"item_purchase_floors":[20,20,29,29],"current_hp_per_floor":[77,73,73,71,63,63,33,33,33,56,56,56,50,50,50,24,77,77,76,76,76,65,40,14,37,37,26,26,26,49,43,43,0],"gold":157,"neow_bonus":"TEN_PERCENT_HP_BONUS","is_prod":false,"is_daily":false,"chose_seed":false,"campfire_upgraded":5,"win_rate":0,"timestamp":1559831797,"path_taken":["M","M","M","M","M","R","E","R","T","R","M","?","E","?","R","BOSS","M","M","$","?","M","E","?","R","T","M","R","$","R","M","R","BOSS"],"build_version":"2019-01-23","purchased_purges":2,"victory":false,"max_hp_per_floor":[77,77,77,77,77,77,77,77,77,77,77,77,77,77,77,77,77,77,77,77,77,77,77,77,77,77,77,77,77,77,77,77,77],"card_choices":[{"not_picked":["Prepared","Bane"],"picked":"All Out Attack","floor":1.0},{"not_picked":["Deadly Poison","Backflip"],"picked":"Dash","floor":2.0},{"not_picked":["Predator","Heel Hook"],"picked":"Storm of Steel","floor":3.0},{"not_picked":["Dash","Masterful Stab"],"picked":"Noxious Fumes","floor":4.0},{"not_picked":["Underhanded Strike","Distraction"],"picked":"Backstab","floor":5.0},{"not_picked":["Dash","Dodge and Roll"],"picked":"Backstab","floor":7.0},{"not_picked":["Acrobatics","PiercingWail","Catalyst"],"picked":"SKIP","floor":11.0},{"not_picked":["Prepared","Well Laid Plans"],"picked":"Corpse Explosion","floor":13.0},{"not_picked":["Footwork","Skewer"],"picked":"Blade Dance","floor":14.0},{"not_picked":["Storm of Steel","Wraith Form v2"],"picked":"Unload","floor":16.0},{"not_picked":["Caltrops","Sucker Punch","Outmaneuver"],"picked":"SKIP","floor":18.0},{"not_picked":["Distraction+1","Flying Knee+1"],"picked":"Poisoned Stab","floor":19.0},{"not_picked":["Dodge and Roll","Distraction"],"picked":"Crippling Poison","floor":22.0},{"not_picked":["Concentrate","Terror","Choke"],"picked":"SKIP","floor":23.0},{"not_picked":["Leg Sweep","Dagger Throw"],"picked":"Slice+1","floor":27},{"not_picked":["PiercingWail+1","Distraction"],"picked":"Backstab","floor":31}],"player_experience":165703,"relics_obtained":[{"floor":7.0,"key":"Mercury Hourglass"},{"floor":9.0,"key":"Pen Nib"},{"floor":13.0,"key":"Bottled Lightning"},{"floor":23.0,"key":"Happy Flower"},{"floor":24,"key":"Calipers"},{"floor":24,"key":"Pantograph"},{"floor":26,"key":"PreservedInsect"}],"event_choices":[{"damage_healed":0.0,"max_hp_gain":0.0,"max_hp_loss":0.0,"gold_gain":0.0,"event_name":"FaceTrader","player_choice":"Trade","floor":12.0,"gold_loss":0.0,"damage_taken":0.0,"relics_obtained":["SsserpentHead"]},{"damage_healed":0.0,"max_hp_gain":0.0,"max_hp_loss":0.0,"gold_gain":0.0,"event_name":"The Library","player_choice":"Read","floor":21.0,"gold_loss":0.0,"damage_taken":0.0,"cards_obtained":["Catalyst"]},{"damage_healed":0,"gold_gain":0,"player_choice":"Fight","damage_taken":0,"max_hp_gain":0,"max_hp_loss":0,"event_name":"Colosseum","floor":24,"gold_loss":0},{"damage_healed":0,"gold_gain":0,"player_choice":"Fought Nobs","damage_taken":0,"max_hp_gain":0,"max_hp_loss":0,"event_name":"Colosseum","floor":24,"gold_loss":0}],"is_beta":false,"boss_relics":[{"not_picked":["Snecko Eye","Empty Cage"],"picked":"Pandora\u0027s Box"}],"items_purged_floors":[20,29],"is_endless":false,"potions_floor_spawned":[2,7,13,14,18,19,24,24,31],"killed_by":"Champ","ascension_level":1}