{"gold_per_floor":[118,128,146,157,177,177,509,509,578,605,605,639,639,62,62,160,160,178,178,178,278,292,357,357,389,468,468,487,505,525,537,537,537],"floor_reached":33,"playtime":1203,"items_purged":["Defend_R"],"score":485,"play_id":"91bb618c-5b46-478b-af05-96034df66d08","local_time":"20190610235025","is_ascension_mode":true,"campfire_choices":[{"data":"Armaments","floor":6,"key":"SMITH"},{"data":"Whirlwind","floor":8,"key":"SMITH"},{"data":"Immolate","floor":11,"key":"SMITH"},{"floor":15,"key":"REST"},{"floor":24,"key":"REST"},{"floor":27,"key":"REST"},{"floor":32,"key":"REST"}],"neow_cost":"NONE","seed_source_timestamp":356205370473500,"circlet_count":0,"master_deck":["Strike_R","Strike_R","Strike_R","Strike_R","Defend_R","Defend_R","Bash+1","Perfected Strike","Perfected Strike","Whirlwind+1","Armaments+1","Twin Strike","Shrug It Off","Immolate+1","Feed","True Grit+1","Heavy Blade+1","Limit Break","Whirlwind+1","Twin Strike","Thunderclap+1","Flex+1","Whirlwind+1","Impervious"],"relics":["Burning Blood","Old Coin","Matryoshka","Odd Mushroom","Du-Vu Doll","PreservedInsect","Mango","MealTicket","Velvet Choker","Dream Catcher","Shovel","Bottled Lightning","Tiny Chest","Whetstone","Bag of Marbles","Dodecahedron"],"potions_floor_usage":[12,16,21,23,30,31,33],"damage_taken":[{"damage":20,"enemies":"Small Slimes","floor":1,"turns":4},{"damage":7,"enemies":"Jaw Worm","floor":2,"turns":2},{"damage":0,"enemies":"Cultist","floor":3,"turns":2},{"damage":12,"enemies":"Looter","floor":4,"turns":3},{"damage":0,"enemies":"Large Slime","floor":5,"turns":4},{"damage":29,"enemies":"Gremlin Nob","floor":7,"turns":4},{"damage":0,"enemies":"The Mushroom Lair","floor":10,"turns":3},{"damage":0,"enemies":"3 Sentries","floor":12,"turns":2},{"damage":65,"enemies":"The Guardian","floor":16,"turns":13},{"damage":2,"enemies":"Chosen","floor":18,"turns":4},{"damage":13,"enemies":"Colosseum Slavers","floor":21,"turns":2},{"damage":7,"enemies":"Colosseum Nobs","floor":21,"turns":2},{"damage":1,"enemies":"3 Byrds","floor":22,"turns":3},{"damage":30,"enemies":"Book of Stabbing","floor":23,"turns":3},{"damage":34,"enemies":"Slavers","floor":25,"turns":3},{"damage":24,"enemies":"Snake Plant","floor":28,"turns":2},{"damage":23,"enemies":"Centurion and Healer","floor":29,"turns":2},{"damage":0,"enemies":"3 Cultists","floor":30,"turns":1},{"damage":39,"enemies":"Shelled Parasite and Fungi","floor":31,"turns":5},{"damage":81,"enemies":"Automaton","floor":33,"turns":6}],"seed_played":"-5142970664499743199","potions_obtained":[{"floor":5,"key":"GamblersBrew"},{"floor":7,"key":"Poison Potion"},{"floor":10,"key":"Block Potion"},{"floor":18,"key":"Fire Potion"},{"floor":22,"key":"LiquidBronze"},{"floor":25,"key":"SpeedPotion"},{"floor":30,"key":"Regen Potion"}],"is_trial":false,"path_per_floor":["M","M","M","M","M","R","E","R","T","?","R","E","?","$","R","B",null,"M","?","?","?","M","E","R","E","T","R","M","M","M","M","R","B"],"character_chosen":"IRONCLAD","items_purchased":["Mango","MealTicket"],"campfire_rested":4,"item_purchase_floors":[14,14],"current_hp_per_floor":[66,65,71,65,71,71,48,48,48,54,54,60,53,67,97,38,86,90,90,90,82,87,63,93,65,65,95,77,60,66,47,77,0],"gold":537,"neow_bonus":"TEN_PERCENT_HP_BONUS","is_prod":false,"is_daily":false,"chose_seed":false,"campfire_upgraded":3,"win_rate":0,"timestamp":1560199825,"path_taken":["M","M","M","M","M","R","E","R","T","?","R","E","?","?","R","BOSS","M","?","?","?","M","E","R","E","T","R","M","M","M","M","R","BOSS"],"build_version":"2019-01-23","purchased_purges":1,"victory":false,"max_hp_per_floor":[88,88,88,88,88,88,88,88,88,88,88,88,88,102,102,102,102,102,102,102,102,102,102,102,102,102,102,102,102,102,102,102,102],"card_choices":[{"not_picked":["Heavy Blade","Twin Strike"],"picked":"Perfected Strike","floor":1},{"not_picked":["Heavy Blade","Intimidate"],"picked":"Perfected Strike","floor":2},{"not_picked":["Armaments","Warcry"],"picked":"Whirlwind","floor":3},{"not_picked":["Havoc","Warcry"],"picked":"Armaments","floor":4},{"not_picked":["Anger","Perfected Strike"],"picked":"Twin Strike","floor":5},{"not_picked":["Clothesline","Havoc"],"picked":"Shrug It Off","floor":7},{"not_picked":["Clothesline","Armaments"],"picked":"Immolate","floor":10},{"not_picked":["Headbutt","Metallicize","Clash"],"picked":"SKIP","floor":12},{"not_picked":["Bludgeon","Brutality"],"picked":"Feed","floor":16},{"not_picked":["Carnage+1","Shockwave"],"picked":"True Grit+1","floor":18},{"not_picked":["Cleave","Thunderclap"],"picked":"Whirlwind+1","floor":21},{"not_picked":["Heavy Blade+1","Body Slam+1"],"picked":"Twin Strike","floor":22},{"not_picked":["Immolate","Havoc","Thunderclap"],"picked":"SKIP","floor":23},{"not_picked":["Fire Breathing+1","Pommel Strike"],"picked":"Thunderclap+1","floor":24},{"not_picked":["True Grit","Brutality"],"picked":"Flex+1","floor":25},{"not_picked":["Body Slam","Armaments","Reckless Charge+1"],"picked":"SKIP","floor":28},{"not_picked":["Pommel Strike","Body Slam","Heavy Blade+1"],"picked":"SKIP","floor":29},{"not_picked":["Sentinel","Evolve"],"picked":"Whirlwind+1","floor":30},{"not_picked":["Havoc","Reckless Charge"],"picked":"Impervious","floor":31}],"player_experience":190130,"relics_obtained":[{"floor":7,"key":"Old Coin"},{"floor":9,"key":"Matryoshka"},{"floor":10,"key":"Odd Mushroom"},{"floor":12,"key":"Du-Vu Doll"},{"floor":21,"key":"Shovel"},{"floor":21,"key":"Bottled Lightning"},{"floor":23,"key":"Tiny Chest"},{"floor":25,"key":"Whetstone"},{"floor":26,"key":"Bag of Marbles"},{"floor":26,"key":"Dodecahedron"}],"event_choices":[{"damage_healed":0,"gold_gain":0,"player_choice":"Fought Mushrooms","damage_taken":0,"max_hp_gain":0,"max_hp_loss":0,"event_name":"Mushrooms","floor":10,"gold_loss":0},{"damage_healed":0,"gold_gain":0,"player_choice":"Success","damage_taken":7,"relics_obtained":["PreservedInsect"],"max_hp_gain":0,"max_hp_loss":0,"event_name":"Scrap Ooze","floor":13,"gold_loss":0},{"damage_healed":0,"gold_gain":0,"player_choice":"Opened","damage_taken":0,"relics_obtained":["Dream Catcher"],"max_hp_gain":0,"max_hp_loss":0,"event_name":"The Mausoleum","floor":19,"gold_loss":0},{"damage_healed":0,"gold_gain":0,"cards_transformed":["Strike_R","Defend_R"],"player_choice":"Became Test Subject","damage_taken":0,"max_hp_gain":0,"max_hp_loss":0,"event_name":"Drug Dealer","floor":20,"gold_loss":0,"cards_obtained":["Heavy Blade","Limit Break"]},{"damage_healed":0,"gold_gain":0,"player_choice":"Fight","damage_taken":0,"max_hp_gain":0,"max_hp_loss":0,"event_name":"Colosseum","floor":21,"gold_loss":0},{"damage_healed":0,"gold_gain":0,"player_choice":"Fought Nobs","damage_taken":0,"max_hp_gain":0,"max_hp_loss":0,"event_name":"Colosseum","floor":21,"gold_loss":0}],"is_beta":false,"boss_relics":[{"not_picked":["Philosopher\u0027s Stone","Snecko Eye"],"picked":"Velvet Choker"}],"items_purged_floors":[14],"is_endless":false,"potions_floor_spawned":[5,7,10,18,21,22,25,30],"killed_by":"Automaton","ascension_level":7}