{"gold_per_floor":[110,120,140,315,328,328,342,417,417,417,417,50,61,61],"floor_reached":14,"playtime":523,"items_purged":["Doubt"],"score":94,"play_id":"825ac808-b0d9-43fb-af18-6bd535cf78fc","local_time":"20180825022427","is_ascension_mode":true,"campfire_choices":[{"floor":6,"key":"REST"},{"floor":10,"key":"REST"}],"neow_cost":"PERCENT_DAMAGE","seed_source_timestamp":54344374807891,"circlet_count":0,"master_deck":["Defend_G","Defend_G","Defend_G","Defend_G","Strike_G","Strike_G","Strike_G","Strike_G","Strike_G","Survivor","Neutralize","Catalyst","Expertise"],"relics":["Ring of the Snake","Du-Vu Doll","Question Card","Anchor","Ice Cream"],"potions_floor_usage":[14,14],"damage_taken":[{"damage":1,"enemies":"Jaw Worm","floor":1,"turns":4},{"damage":0,"enemies":"2 Louse","floor":2,"turns":2},{"damage":3,"enemies":"Cultist","floor":3,"turns":4},{"damage":14,"enemies":"Large Slime","floor":5,"turns":9},{"damage":7,"enemies":"Blue Slaver","floor":7,"turns":5},{"damage":2,"enemies":"Exordium Wildlife","floor":13,"turns":5},{"damage":64,"enemies":"Lagavulin","floor":14,"turns":11}],"seed_played":"-941300735881163864","potions_obtained":[{"floor":2,"key":"SneckoOil"},{"floor":7,"key":"LiquidBronze"}],"is_trial":false,"path_per_floor":["M","M","M","?","M","R","M","T","T","R","?","$","M"],"character_chosen":"THE_SILENT","items_purchased":["Ice Cream"],"campfire_rested":2,"item_purchase_floors":[12],"current_hp_per_floor":[48,48,45,45,31,52,45,45,45,66,66,66,64,0],"gold":61,"neow_bonus":"ONE_RARE_RELIC","is_prod":false,"is_daily":false,"chose_seed":false,"campfire_upgraded":0,"win_rate":0,"timestamp":1535153067,"path_taken":["M","M","M","?","M","R","M","?","T","R","?","?","?","E"],"build_version":"2018-08-23v2","purchased_purges":1,"victory":false,"max_hp_per_floor":[70,70,70,70,70,70,70,70,70,70,70,70,70,70],"card_choices":[{"not_picked":["Prepared","Outmaneuver","Backstab"],"picked":"SKIP","floor":1},{"not_picked":["Outmaneuver","Dodge and Roll","Dagger Throw"],"picked":"SKIP","floor":2},{"not_picked":["Flying Knee","Escape Plan","Acrobatics"],"picked":"SKIP","floor":3},{"not_picked":["Die Die Die","Calculated Gamble","Blade Dance"],"picked":"SKIP","floor":5},{"not_picked":["Dodge and Roll","Escape Plan"],"picked":"Catalyst","floor":7},{"not_picked":["Footwork","Underhanded Strike","All Out Attack","Sucker Punch"],"picked":"SKIP","floor":13}],"player_experience":85471,"relics_obtained":[{"floor":8,"key":"Question Card"},{"floor":9,"key":"Anchor"}],"event_choices":[{"event_name":"Liars Game","player_choice":"agreed","floor":4,"damage_taken":0},{"event_name":"Transmorgrifier","player_choice":"Transform","floor":11,"damage_taken":0}],"is_beta":false,"boss_relics":[],"items_purged_floors":[12],"is_endless":false,"potions_floor_spawned":[2,7],"killed_by":"Lagavulin","ascension_level":3}