{"gold_per_floor":[110,121,138,138,138,138,156,156,201,217,233,250,106,126,126,225,275,291,320,338,338,84,109,125,125,148,148,166,182,197,197,197,197],"floor_reached":33,"playtime":1366,"items_purged":["Defend_G"],"score":316,"play_id":"2a5b43ed-c740-4a49-99d0-2874ef185f82","local_time":"20190610152030","is_ascension_mode":true,"campfire_choices":[{"data":"Survivor","floor":6,"key":"SMITH"},{"data":"Neutralize","floor":8,"key":"SMITH"},{"floor":15,"key":"REST"},{"floor":25,"key":"REST"},{"floor":27,"key":"REST"},{"floor":32,"key":"REST"}],"neow_cost":"NONE","seed_source_timestamp":325447827399700,"circlet_count":0,"master_deck":["Defend_G","Defend_G","Defend_G","Strike_G","Strike_G","Strike_G","Survivor+1","Neutralize+1","Backstab","Crippling Poison","Poisoned Stab+1","Bane","Quick Slash+1","Poisoned Stab","Choke+1","Noxious Fumes+1","Writhe"],"relics":["Velvet Choker","PreservedInsect","Tiny House","Red Mask","Meat on the Bone","Boot","Smiling Mask","The Specimen"],"potions_floor_usage":[12,12,16,18,23,23,24,29,33],"damage_taken":[{"damage":2,"enemies":"Jaw Worm","floor":1,"turns":4},{"damage":0,"enemies":"Cultist","floor":2,"turns":4},{"damage":0,"enemies":"Small Slimes","floor":3,"turns":4},{"damage":0,"enemies":"2 Fungi Beasts","floor":7,"turns":4},{"damage":8,"enemies":"Lots of Slimes","floor":10,"turns":5},{"damage":6,"enemies":"Gremlin Gang","floor":11,"turns":7},{"damage":6,"enemies":"Large Slime","floor":12,"turns":8},{"damage":3,"enemies":"Blue Slaver","floor":14,"turns":3},{"damage":15,"enemies":"The Guardian","floor":16,"turns":11},{"damage":13,"enemies":"3 Byrds","floor":18,"turns":4},{"damage":34,"enemies":"Masked Bandits","floor":19,"turns":5},{"damage":0,"enemies":"Chosen","floor":20,"turns":3},{"damage":11,"enemies":"Slavers","floor":23,"turns":4},{"damage":15,"enemies":"Snake Plant","floor":24,"turns":4},{"damage":4,"enemies":"Snecko","floor":28,"turns":4},{"damage":33,"enemies":"Cultist and Chosen","floor":29,"turns":5},{"damage":8,"enemies":"Chosen and Byrds","floor":30,"turns":4},{"damage":93,"enemies":"Collector","floor":33,"turns":7}],"seed_played":"-223861003223744324","potions_obtained":[{"floor":1,"key":"Weak Potion"},{"floor":7,"key":"LiquidBronze"},{"floor":11,"key":"PowerPotion"},{"floor":14,"key":"LiquidBronze"},{"floor":17,"key":"Energy Potion"},{"floor":18,"key":"SteroidPotion"},{"floor":20,"key":"Energy Potion"},{"floor":28,"key":"Regen Potion"},{"floor":29,"key":"Block Potion"}],"is_trial":false,"path_per_floor":["M","M","M","?","?","R","M","R","T","M","M","M","$","M","R","B",null,"M","?","M","?","$","E","M","R","T","R","M","M","M","?","R","B"],"character_chosen":"THE_SILENT","items_purchased":["Crippling Poison","Meat on the Bone"],"campfire_rested":4,"item_purchase_floors":[13,22],"current_hp_per_floor":[68,68,68,61,61,61,61,61,61,53,47,41,41,38,59,44,75,62,28,28,28,28,29,26,48,48,70,66,47,39,39,61,0],"gold":197,"neow_bonus":"BOSS_RELIC","is_prod":false,"is_daily":false,"chose_seed":false,"campfire_upgraded":2,"win_rate":0,"timestamp":1560169230,"path_taken":["M","M","M","?","?","R","M","R","T","M","?","M","$","M","R","BOSS","M","?","M","?","$","E","M","R","T","R","M","?","?","?","R","BOSS"],"build_version":"2019-01-23","purchased_purges":1,"victory":false,"max_hp_per_floor":[70,70,70,70,70,70,70,70,70,70,70,70,70,70,70,70,75,75,75,75,75,75,75,75,75,75,75,75,75,75,75,75,75],"card_choices":[{"not_picked":["Slice","Dodge and Roll"],"picked":"Backstab","floor":1},{"not_picked":["Riddle With Holes","Setup","Heel Hook"],"picked":"SKIP","floor":2},{"not_picked":["Sucker Punch","Slice","Deflect"],"picked":"SKIP","floor":3},{"not_picked":["Quick Slash","Backflip","PiercingWail"],"picked":"SKIP","floor":7},{"not_picked":["Quick Slash","Backflip","PiercingWail"],"picked":"SKIP","floor":7},{"not_picked":["Dagger Spray","Riddle With Holes","Acrobatics"],"picked":"SKIP","floor":10},{"not_picked":["Skewer","Dagger Throw","Outmaneuver"],"picked":"SKIP","floor":11},{"not_picked":["Phantasmal Killer","Finisher","Dodge and Roll"],"picked":"SKIP","floor":12},{"not_picked":["Backflip","PiercingWail"],"picked":"Poisoned Stab","floor":14},{"not_picked":["Blur","Slice"],"picked":"Bane","floor":17},{"not_picked":["Cloak And Dagger","Underhanded Strike"],"picked":"Quick Slash+1","floor":18},{"not_picked":["Dagger Throw","Dash"],"picked":"Poisoned Stab","floor":19},{"not_picked":["Poisoned Stab","Backflip"],"picked":"Choke+1","floor":20},{"not_picked":["Quick Slash","Cloak And Dagger","Dodge and Roll"],"picked":"SKIP","floor":23},{"not_picked":["PiercingWail+1","Quick Slash"],"picked":"Noxious Fumes+1","floor":24},{"not_picked":["Concentrate","Heel Hook","Infinite Blades"],"picked":"SKIP","floor":28},{"not_picked":["Blur","Cloak And Dagger","Outmaneuver"],"picked":"SKIP","floor":29},{"not_picked":["Dagger Throw","Cloak And Dagger","Bane"],"picked":"SKIP","floor":30}],"player_experience":185789,"relics_obtained":[{"floor":9,"key":"PreservedInsect"},{"floor":19,"key":"Red Mask"},{"floor":23,"key":"Boot"},{"floor":26,"key":"Smiling Mask"}],"event_choices":[{"cards_removed":["Strike_G"],"damage_healed":0,"gold_gain":0,"player_choice":"Card Removal","damage_taken":7,"max_hp_gain":0,"max_hp_loss":0,"event_name":"Golden Wing","floor":4,"gold_loss":0},{"cards_removed":["Defend_G"],"damage_healed":0,"gold_gain":0,"player_choice":"Purged","damage_taken":0,"max_hp_gain":0,"max_hp_loss":0,"event_name":"Purifier","floor":5,"gold_loss":0},{"damage_healed":0,"gold_gain":0,"player_choice":"Fought Bandits","damage_taken":0,"max_hp_gain":0,"max_hp_loss":0,"event_name":"Masked Bandits","floor":19,"gold_loss":0},{"cards_removed":["Strike_G"],"damage_healed":0,"gold_gain":0,"player_choice":"Offered Basic","damage_taken":0,"max_hp_gain":0,"max_hp_loss":0,"event_name":"Bonfire Elementals","floor":21,"gold_loss":0},{"damage_healed":0,"gold_gain":0,"player_choice":"Opened","damage_taken":0,"relics_obtained":["The Specimen"],"max_hp_gain":0,"max_hp_loss":0,"event_name":"The Mausoleum","floor":31,"gold_loss":0,"cards_obtained":["Writhe"]}],"is_beta":false,"boss_relics":[{"not_picked":["Runic Dome","Coffee Dripper"],"picked":"Tiny House"}],"items_purged_floors":[13],"is_endless":false,"potions_floor_spawned":[1,7,11,14,18,20,28,29],"killed_by":"Collector","ascension_level":4}