{"gold_per_floor":[113,127,142,161,175,175,209,209,235,235,248,264,21,15,15,110,110,126,109,24,36,48,60,88,100,139,168,32,49,49,74,74,170,170,183,193,210,210,210,210,210],"floor_reached":41,"playtime":3542,"items_purged":["Defend_R"],"score":419,"play_id":"41ba1dee-bb01-4306-bbcc-cf9ddeac0d6c","local_time":"20180818034245","is_ascension_mode":false,"campfire_choices":[{"data":"Cleave","floor":6,"key":"SMITH"},{"data":"Barricade","floor":8,"key":"SMITH"},{"floor":10,"key":"REST"},{"data":"Armaments","floor":15,"key":"SMITH"},{"data":"Body Slam","floor":23,"key":"SMITH"},{"data":"Body Slam","floor":25,"key":"SMITH"},{"data":"Impervious","floor":30,"key":"SMITH"},{"floor":32,"key":"REST"},{"floor":40,"key":"REST"}],"neow_cost":"","seed_source_timestamp":275940793571212,"circlet_count":0,"master_deck":["Strike_R","Strike_R","Strike_R","Strike_R","Strike_R","Defend_R","Defend_R","Bash","True Grit","Cleave+1","Seeing Red","Rage","Metallicize","Barricade+1","Clash","True Grit","Armaments+1","Impervious+1","Disarm","Body Slam+1","Body Slam+1","Clothesline","Iron Wave","Feel No Pain","Bloodletting+1","Infernal Blade+1","Demon Form","Regret","Normality","Shame","Rupture+1","Rage+1"],"relics":["Black Blood","Magic Flower","Ancient Tea Set","Self Forming Clay","MawBank","Nilry\u0027s Codex","Vajra","Blood Vial","Calling Bell","Regal Pillow","Shuriken","Charon\u0027s Ashes"],"potions_floor_usage":[7,11,16,16,29,33,39],"damage_taken":[{"damage":10,"enemies":"Cultist","floor":1,"turns":4},{"damage":15,"enemies":"Small Slimes","floor":2,"turns":3},{"damage":12,"enemies":"2 Louse","floor":3,"turns":3},{"damage":14,"enemies":"Blue Slaver","floor":4,"turns":3},{"damage":10,"enemies":"Exordium Wildlife","floor":5,"turns":4},{"damage":35,"enemies":"Lagavulin","floor":7,"turns":9},{"damage":1,"enemies":"Gremlin Gang","floor":11,"turns":4},{"damage":7,"enemies":"3 Louse","floor":12,"turns":5},{"damage":19,"enemies":"Exordium Thugs","floor":14,"turns":6},{"damage":48,"enemies":"Slime Boss","floor":16,"turns":14},{"damage":10,"enemies":"Chosen","floor":18,"turns":12},{"damage":22,"enemies":"2 Thieves","floor":19,"turns":4},{"damage":0,"enemies":"Shelled Parasite and Fungi","floor":24,"turns":7},{"damage":17,"enemies":"Cultist and Chosen","floor":27,"turns":11},{"damage":17,"enemies":"Centurion and Healer","floor":29,"turns":7},{"damage":35,"enemies":"Gremlin Leader","floor":31,"turns":6},{"damage":59,"enemies":"Collector","floor":33,"turns":11},{"damage":27,"enemies":"3 Darklings","floor":35,"turns":5},{"damage":44,"enemies":"Orb Walker","floor":36,"turns":8},{"damage":50,"enemies":"Transient","floor":37,"turns":5},{"damage":14,"enemies":"Maw","floor":39,"turns":7},{"damage":83,"enemies":"Spire Growth","floor":41,"turns":5}],"seed_played":"5950516406413098026","potions_obtained":[{"floor":1,"key":"SteroidPotion"},{"floor":2,"key":"Regen Potion"},{"floor":7,"key":"SteroidPotion"},{"floor":11,"key":"SteroidPotion"},{"floor":14,"key":"SpeedPotion"},{"floor":16,"key":"SmokeBomb"},{"floor":18,"key":"FearPotion"},{"floor":24,"key":"Block Potion"},{"floor":27,"key":"SkillPotion"},{"floor":29,"key":"SpeedPotion"},{"floor":35,"key":"FairyPotion"},{"floor":36,"key":"Ancient Potion"}],"is_trial":false,"path_per_floor":["M","M","M","M","M","R","E","R","T","R","M","M","$","M","R","B",null,"M","M","?","?","?","R","M","R","T","M","$","M","R","E","R","B",null,"M","M","M","?","M","R"],"character_chosen":"IRONCLAD","items_purchased":["Self Forming Clay","Feel No Pain"],"campfire_rested":3,"item_purchase_floors":[13,28],"current_hp_per_floor":[76,67,61,53,49,49,35,35,35,59,67,69,69,59,59,20,80,80,73,73,57,57,57,72,72,72,70,70,68,68,48,72,31,80,68,42,27,27,31,70,0],"gold":210,"neow_bonus":"","is_prod":false,"is_daily":false,"chose_seed":false,"campfire_upgraded":6,"win_rate":0.0,"timestamp":1534552965,"path_taken":["M","M","M","M","M","R","E","R","T","R","M","M","$","?","R","BOSS","M","M","?","?","?","R","?","R","T","M","$","?","R","E","R","BOSS","M","M","M","?","M","R","M"],"build_version":"2018-08-16","purchased_purges":1,"victory":false,"max_hp_per_floor":[80,80,80,80,80,80,80,80,80,80,80,80,80,80,80,80,80,80,80,80,80,80,80,80,80,80,80,80,80,80,80,80,80,80,80,80,80,80,80,80,80],"card_choices":[{"not_picked":["Blood for Blood","Dual Wield"],"picked":"True Grit","floor":1},{"not_picked":["Clothesline","Infernal Blade"],"picked":"Cleave","floor":2},{"not_picked":["Dropkick","Sword Boomerang"],"picked":"Seeing Red","floor":3},{"not_picked":["Seeing Red","Searing Blow"],"picked":"Rage","floor":4},{"not_picked":["Limit Break","Sword Boomerang"],"picked":"Metallicize","floor":5},{"not_picked":["Anger","Fire Breathing"],"picked":"Barricade","floor":7},{"not_picked":["Rampage","Burning Pact"],"picked":"Clash","floor":11},{"not_picked":["Battle Trance","Rampage"],"picked":"True Grit","floor":12},{"not_picked":["Pummel","Heavy Blade"],"picked":"Armaments","floor":14},{"not_picked":["Barricade","Limit Break"],"picked":"Impervious","floor":16},{"not_picked":["Headbutt","Perfected Strike"],"picked":"Disarm","floor":18},{"not_picked":["Reckless Charge","Warcry+1"],"picked":"Body Slam","floor":19},{"not_picked":["Heavy Blade","Evolve"],"picked":"Clothesline","floor":24},{"not_picked":["Pommel Strike+1","Anger"],"picked":"Iron Wave","floor":27},{"not_picked":["Dual Wield","Wild Strike"],"picked":"Bloodletting+1","floor":29},{"not_picked":["Intimidate","Battle Trance"],"picked":"Infernal Blade+1","floor":31},{"not_picked":["Fiend Fire","Barricade"],"picked":"Demon Form","floor":33},{"not_picked":["Perfected Strike","Uppercut+1"],"picked":"Rupture+1","floor":35},{"not_picked":["Second Wind","Headbutt+1","Pommel Strike+1"],"picked":"SKIP","floor":36},{"not_picked":["Pummel","Flex+1"],"picked":"Rage+1","floor":37}],"player_experience":24774,"relics_obtained":[{"floor":7,"key":"Magic Flower"},{"floor":9,"key":"Ancient Tea Set"},{"floor":21,"key":"Nilry\u0027s Codex"},{"floor":26,"key":"Vajra"},{"floor":31,"key":"Blood Vial"},{"floor":34,"key":"Regal Pillow"},{"floor":34,"key":"Shuriken"},{"floor":34,"key":"Charon\u0027s Ashes"}],"event_choices":[{"event_name":"Addict","player_choice":"Obtained Relic","floor":20,"damage_taken":0},{"event_name":"Cursed Tome","player_choice":"Obtained Book","floor":21,"damage_taken":0},{"event_name":"The Library","player_choice":"Read","floor":22,"damage_taken":0},{"event_name":"Falling","player_choice":"Removed Skill","floor":38,"damage_taken":0}],"is_beta":false,"boss_relics":[{"not_picked":["Orrery","Cursed Key"],"picked":"Black Blood"},{"not_picked":["Runic Pyramid","Sozu"],"picked":"Calling Bell"}],"items_purged_floors":[28],"is_endless":false,"potions_floor_spawned":[1,2,7,11,14,16,18,24,27,29,35,36,39],"killed_by":"Spire Growth","ascension_level":0}