{"gold_per_floor":[114,39,50,69,88,88,118,18,18,44,44,62,62,62,62,159,159,176,176,96,111,123,123,136,136,163,163,194,38,68,84,84,84],"floor_reached":33,"playtime":1900,"items_purged":["Strike_R","Strike_R"],"score":398,"play_id":"585ade49-7233-45d0-b7de-df3db248d984","local_time":"20190601212127","is_ascension_mode":true,"campfire_choices":[{"data":"Uppercut","floor":6,"key":"SMITH"},{"data":"1","floor":11,"key":"LIFT"},{"data":"2","floor":15,"key":"LIFT"},{"data":"3","floor":23,"key":"LIFT"},{"data":"Armaments","floor":25,"key":"SMITH"},{"data":"Metallicize","floor":27,"key":"SMITH"},{"data":"Corruption","floor":32,"key":"SMITH"}],"neow_cost":"NONE","seed_source_timestamp":11182338540100,"circlet_count":0,"master_deck":["Strike_R","Strike_R","Strike_R","Defend_R","Defend_R","Defend_R","Defend_R","Bash+1","Clothesline","Anger","Uppercut+1","Spot Weakness","Shrug It Off","Feel No Pain","Impervious","Pummel+1","Metallicize+1","Ghostly Armor","Armaments+1","Corruption+1","Offering"],"relics":["Burning Blood","Champion Belt","Calipers","Girya","Omamori","Eternal Feather","Lantern","Blood Vial","Vajra","Red Skull"],"potions_floor_usage":[7,7,10,22,28,28],"damage_taken":[{"damage":1,"enemies":"Cultist","floor":1,"turns":3},{"damage":7,"enemies":"Small Slimes","floor":3,"turns":3},{"damage":7,"enemies":"Jaw Worm","floor":4,"turns":2},{"damage":21,"enemies":"3 Louse","floor":5,"turns":3},{"damage":15,"enemies":"Lagavulin","floor":7,"turns":3},{"damage":26,"enemies":"Gremlin Nob","floor":10,"turns":4},{"damage":5,"enemies":"Exordium Thugs","floor":12,"turns":5},{"damage":18,"enemies":"The Guardian","floor":16,"turns":10},{"damage":18,"enemies":"Shell Parasite","floor":18,"turns":7},{"damage":6,"enemies":"Chosen","floor":21,"turns":6},{"damage":10,"enemies":"Centurion and Healer","floor":22,"turns":5},{"damage":0,"enemies":"Snecko","floor":24,"turns":6},{"damage":13,"enemies":"Slavers","floor":28,"turns":8},{"damage":40,"enemies":"Gremlin Leader","floor":30,"turns":7},{"damage":13,"enemies":"Snake Plant","floor":31,"turns":3},{"damage":56,"enemies":"Collector","floor":33,"turns":11}],"seed_played":"5012457056031801831","potions_obtained":[{"floor":1,"key":"SteroidPotion"},{"floor":3,"key":"AttackPotion"},{"floor":5,"key":"BloodPotion"},{"floor":10,"key":"FearPotion"},{"floor":16,"key":"AttackPotion"},{"floor":18,"key":"SteroidPotion"},{"floor":22,"key":"EssenceOfSteel"}],"is_trial":false,"path_per_floor":["M","$","M","M","M","R","E","$","T","E","R","M","?","?","R","B",null,"M","?","$","M","M","R","M","R","T","R","E","$","E","M","R","B"],"character_chosen":"IRONCLAD","items_purchased":["Metallicize","Vajra"],"campfire_rested":0,"item_purchase_floors":[20,29],"current_hp_per_floor":[77,77,76,75,60,60,51,51,51,39,39,40,33,33,33,21,65,53,53,53,53,49,58,64,73,73,80,73,73,41,36,48,0],"gold":84,"neow_bonus":"UPGRADE_CARD","is_prod":false,"is_daily":false,"chose_seed":false,"campfire_upgraded":4,"win_rate":0,"timestamp":1559404287,"path_taken":["M","?","M","M","M","R","E","?","T","E","R","?","?","?","R","BOSS","M","?","?","?","M","R","M","R","T","R","E","$","E","M","R","BOSS"],"build_version":"2019-01-23","purchased_purges":2,"victory":false,"max_hp_per_floor":[80,80,80,80,80,80,80,80,80,80,80,80,80,80,80,80,80,80,80,80,80,80,80,80,80,80,80,80,80,80,80,80,80],"card_choices":[{"not_picked":["Dropkick","Twin Strike"],"picked":"Clothesline","floor":1},{"not_picked":["Seeing Red","Warcry"],"picked":"Anger","floor":3},{"not_picked":["Wild Strike","Body Slam"],"picked":"Uppercut","floor":4},{"not_picked":["Warcry","Rage"],"picked":"Spot Weakness","floor":5},{"not_picked":["Clothesline","Brutality"],"picked":"Shrug It Off","floor":7},{"not_picked":["Sentinel","Offering"],"picked":"Feel No Pain","floor":10},{"not_picked":["Warcry","Havoc","Anger"],"picked":"SKIP","floor":12},{"not_picked":["Dark Embrace","Bludgeon"],"picked":"Impervious","floor":16},{"not_picked":["Hemokinesis+1","Second Wind+1"],"picked":"Pummel","floor":18},{"not_picked":["Fire Breathing","Perfected Strike+1"],"picked":"Ghostly Armor","floor":21},{"not_picked":["Spot Weakness","Anger"],"picked":"Armaments","floor":22},{"not_picked":["Pommel Strike","Inflame","Cleave"],"picked":"SKIP","floor":24},{"not_picked":["Combust","Flex+1"],"picked":"Corruption","floor":28},{"not_picked":["Dropkick","Iron Wave+1"],"picked":"Offering","floor":30},{"not_picked":["Clash","Metallicize","Uppercut"],"picked":"SKIP","floor":31}],"player_experience":252772,"relics_obtained":[{"floor":7,"key":"Champion Belt"},{"floor":9,"key":"Calipers"},{"floor":10,"key":"Girya"},{"floor":26,"key":"Lantern"},{"floor":28,"key":"Blood Vial"},{"floor":30,"key":"Red Skull"}],"event_choices":[{"damage_healed":0,"gold_gain":0,"player_choice":"Success","damage_taken":7,"relics_obtained":["Omamori"],"max_hp_gain":0,"max_hp_loss":0,"event_name":"Scrap Ooze","floor":13,"gold_loss":0},{"damage_healed":0,"gold_gain":0,"player_choice":"Ignored","damage_taken":0,"max_hp_gain":0,"max_hp_loss":0,"event_name":"Liars Game","floor":14,"gold_loss":0},{"damage_healed":0,"gold_gain":0,"player_choice":"Upgraded","damage_taken":0,"max_hp_gain":0,"max_hp_loss":0,"event_name":"Upgrade Shrine","floor":19,"gold_loss":0,"cards_upgraded":["Pummel"]}],"is_beta":false,"boss_relics":[{"not_picked":["White Beast Statue","Philosopher\u0027s Stone"],"picked":"Eternal Feather"}],"items_purged_floors":[2,8],"is_endless":false,"potions_floor_spawned":[1,3,5,10,16,18,22,24],"killed_by":"Collector","ascension_level":7}