{"gold_per_floor":[10,10,24,34,48,48,68,125,148,148,160,186,186,212,224,333,345,370,394,406,333,87,87,119,119,200,235,246,259,34,47,47,150,150,161,176,188,188,188,188,188],"floor_reached":41,"playtime":1998,"items_purged":[],"score":585,"play_id":"c350f3e4-eea3-48ae-af65-be633216968b","local_time":"20180904170712","is_ascension_mode":true,"campfire_choices":[{"data":"Perfected Strike","floor":6,"key":"SMITH"},{"floor":10,"key":"REST"},{"floor":13,"key":"REST"},{"data":"Demon Form","floor":15,"key":"SMITH"},{"floor":23,"key":"REST"},{"floor":25,"key":"REST"},{"floor":32,"key":"REST"},{"floor":40,"key":"REST"}],"neow_cost":"NO_GOLD","seed_source_timestamp":246279821770226,"circlet_count":0,"master_deck":["Strike_R","Strike_R","Strike_R","Strike_R","Defend_R+1","Defend_R","Perfected Strike+1","Pommel Strike","Dual Wield","Heavy Blade","Wild Strike","Shockwave+1","Perfected Strike","Twin Strike","Demon Form+1","Perfected Strike","Double Tap","Flex+1","Rage","Clash+1","Armaments+1","Limit Break","Disarm","Iron Wave+1","Wild Strike+1","Reaper+1","Rage+1","Wild Strike+1","Cleave+1","Seeing Red+1"],"relics":["Burning Blood","Ancient Tea Set","Dream Catcher","Boot","MawBank","Fusion Hammer","Strawberry","Gremlin Horn","War Paint","Molten Egg 2","Paper Frog","Blood Vial","Astrolabe"],"potions_floor_usage":[8,14,16,24,27,33,37,41],"damage_taken":[{"damage":1,"enemies":"Cultist","floor":1,"turns":3},{"damage":3,"enemies":"Small Slimes","floor":3,"turns":3},{"damage":7,"enemies":"Jaw Worm","floor":4,"turns":2},{"damage":19,"enemies":"Blue Slaver","floor":5,"turns":4},{"damage":1,"enemies":"2 Fungi Beasts","floor":7,"turns":4},{"damage":25,"enemies":"3 Sentries","floor":8,"turns":6},{"damage":17,"enemies":"Lots of Slimes","floor":11,"turns":4},{"damage":25,"enemies":"3 Sentries","floor":12,"turns":6},{"damage":13,"enemies":"Gremlin Nob","floor":14,"turns":3},{"damage":30,"enemies":"The Guardian","floor":16,"turns":6},{"damage":15,"enemies":"Shell Parasite","floor":18,"turns":3},{"damage":12,"enemies":"Chosen","floor":19,"turns":2},{"damage":28,"enemies":"Colosseum Slavers","floor":20,"turns":3},{"damage":28,"enemies":"Slavers","floor":24,"turns":4},{"damage":11,"enemies":"Gremlin Leader","floor":27,"turns":4},{"damage":15,"enemies":"Centurion and Healer","floor":28,"turns":4},{"damage":8,"enemies":"Shelled Parasite and Fungi","floor":29,"turns":3},{"damage":34,"enemies":"Sentry and Sphere","floor":31,"turns":5},{"damage":41,"enemies":"Collector","floor":33,"turns":7},{"damage":4,"enemies":"Orb Walker","floor":35,"turns":2},{"damage":60,"enemies":"3 Darklings","floor":36,"turns":7},{"damage":14,"enemies":"Reptomancer","floor":37,"turns":6},{"damage":86,"enemies":"Giant Head","floor":41,"turns":7}],"seed_played":"-4284032018849799471","potions_obtained":[{"floor":4,"key":"FearPotion"},{"floor":5,"key":"Fire Potion"},{"floor":8,"key":"Swift Potion"},{"floor":11,"key":"AttackPotion"},{"floor":14,"key":"Fire Potion"},{"floor":27,"key":"Strength Potion"},{"floor":28,"key":"Weak Potion"},{"floor":33,"key":"Dexterity Potion"},{"floor":37,"key":"Regen Potion"}],"is_trial":false,"path_per_floor":["M","?","M","M","M","R","M","?","T","R","M","E","R","E","R","B",null,"M","M","?","?","$","R","E","R","T","E","M","M","$","M","R","B",null,"M","M","M","?","$","R"],"character_chosen":"IRONCLAD","items_purchased":["Gremlin Horn","Blood Vial","Disarm"],"campfire_rested":6,"item_purchase_floors":[22,30,30],"current_hp_per_floor":[80,80,80,79,66,66,71,52,52,76,65,46,70,63,63,39,70,61,55,33,40,40,66,44,70,70,65,56,54,54,28,54,21,71,75,33,27,27,27,53,0],"gold":188,"neow_bonus":"TRANSFORM_TWO_CARDS","is_prod":false,"is_daily":false,"chose_seed":false,"campfire_upgraded":2,"win_rate":0,"timestamp":1536070032,"path_taken":["M","?","M","M","M","R","M","?","T","R","M","E","R","E","R","BOSS","M","M","?","?","$","R","E","R","T","E","M","?","$","M","R","BOSS","M","M","M","?","?","R","E"],"build_version":"2018-08-30","purchased_purges":0,"victory":false,"max_hp_per_floor":[80,80,80,80,80,80,80,80,80,80,80,80,80,80,80,80,80,80,80,80,87,87,87,87,87,87,87,87,87,87,87,87,87,87,87,87,87,87,87,87,87],"card_choices":[{"not_picked":["Clash","Perfected Strike"],"picked":"Pommel Strike","floor":1},{"not_picked":["Blood for Blood","Sword Boomerang","Intimidate"],"picked":"SKIP","floor":3},{"not_picked":["Hemokinesis","Iron Wave"],"picked":"Dual Wield","floor":4},{"not_picked":["Clash","Clothesline"],"picked":"Heavy Blade","floor":5},{"not_picked":["Combust","Sword Boomerang"],"picked":"Wild Strike","floor":7},{"not_picked":["Wild Strike","Sever Soul"],"picked":"Shockwave","floor":8},{"not_picked":["True Grit","Body Slam"],"picked":"Perfected Strike","floor":10},{"not_picked":["True Grit","Iron Wave"],"picked":"Twin Strike","floor":11},{"not_picked":["Headbutt","Dual Wield"],"picked":"Demon Form","floor":12},{"not_picked":["Cleave","Thunderclap"],"picked":"Perfected Strike","floor":13},{"not_picked":["Havoc","Uppercut","Pummel"],"picked":"SKIP","floor":14},{"not_picked":["Demon Form","Bludgeon"],"picked":"Double Tap","floor":16},{"not_picked":["Armaments","Headbutt","Battle Trance"],"picked":"SKIP","floor":18},{"not_picked":["Combust","Body Slam+1"],"picked":"Flex+1","floor":19},{"not_picked":["Thunderclap+1","Clash"],"picked":"Rage","floor":24},{"not_picked":["Rampage","Burning Pact"],"picked":"Clash+1","floor":25},{"not_picked":["Evolve","Uppercut+1"],"picked":"Armaments+1","floor":27},{"not_picked":["Clash+1","Dual Wield","Corruption+1"],"picked":"SKIP","floor":28},{"not_picked":["Feel No Pain","Havoc"],"picked":"Limit Break","floor":29},{"not_picked":["Havoc+1","Sword Boomerang+1","Body Slam+1"],"picked":"SKIP","floor":31},{"not_picked":["Anger+1","Havoc+1"],"picked":"Iron Wave+1","floor":32},{"not_picked":["Combust+1","Rage"],"picked":"Wild Strike+1","floor":35},{"not_picked":["Sentinel+1","Armaments+1","Reckless Charge+1"],"picked":"SKIP","floor":36},{"not_picked":["Havoc+1","Sword Boomerang+1"],"picked":"Cleave+1","floor":37},{"not_picked":["Body Slam+1","Rupture"],"picked":"Seeing Red+1","floor":40}],"player_experience":146901,"relics_obtained":[{"floor":8,"key":"Ancient Tea Set"},{"floor":9,"key":"Dream Catcher"},{"floor":12,"key":"Boot"},{"floor":14,"key":"MawBank"},{"floor":24,"key":"War Paint"},{"floor":26,"key":"Molten Egg 2"},{"floor":27,"key":"Paper Frog"}],"event_choices":[{"event_name":"Match and Keep!","player_choice":"1 cards matched","floor":2,"damage_taken":0},{"event_name":"Dead Adventurer","player_choice":"Searched \u00271\u0027 times","floor":8,"damage_taken":0},{"event_name":"Colosseum","player_choice":"Fight","floor":20,"damage_taken":0},{"event_name":"Colosseum","player_choice":"Fled From Nobs","floor":20,"damage_taken":0},{"event_name":"Addict","player_choice":"Obtained Relic","floor":21,"damage_taken":0},{"event_name":"Purifier","player_choice":"One Purge","floor":38,"damage_taken":0}],"is_beta":false,"boss_relics":[{"not_picked":["Runic Pyramid","Pandora\u0027s Box"],"picked":"Fusion Hammer"},{"not_picked":["Orrery","Runic Dome"],"picked":"Astrolabe"}],"items_purged_floors":[],"is_endless":false,"potions_floor_spawned":[4,5,8,11,12,14,27,28,33,37],"killed_by":"Giant Head","ascension_level":5}