{"gold_per_floor":[114,134,151,166,179,179,206,206,206,216,249,324,324,324,324,419,419,432,0,0,54,64,95,95,107,186,214,214,242,242,242,242,338,338,354,354,17,117,42,42,55,89,89,102,134,34,34,34,34,34],"floor_reached":51,"playtime":3684,"items_purged":["Defend_R","Strike_R+1"],"score":961,"play_id":"da882ecb-1ca7-4465-9e2f-ae87bf0c75e0","local_time":"20190611182644","is_ascension_mode":true,"campfire_choices":[{"data":"Anger","floor":6,"key":"SMITH"},{"data":"Whirlwind","floor":8,"key":"SMITH"},{"data":"Pommel Strike","floor":15,"key":"SMITH"},{"data":"Evolve","floor":24,"key":"SMITH"},{"data":"Bash","floor":28,"key":"SMITH"},{"floor":32,"key":"REST"},{"data":"Demon Form","floor":40,"key":"SMITH"},{"floor":47,"key":"REST"},{"data":"Heavy Blade","floor":49,"key":"SMITH"}],"neow_cost":"NONE","seed_source_timestamp":843980400980823,"circlet_count":0,"master_deck":["Defend_R","Defend_R","Defend_R","Bash+1","Anger+1","Evolve+1","Whirlwind+1","Thunderclap","Pommel Strike+1","Shrug It Off+1","Sword Boomerang+1","Impervious+1","Iron Wave+1","Master of Strategy+1","J.A.X.+1","Spot Weakness+1","Battle Trance+1","True Grit+1","Disarm+1","Necronomicurse","Limit Break+1","Demon Form+1","Shrug It Off+1","Flame Barrier+1","Limit Break+1","Heavy Blade+1","Reaper"],"relics":["Burning Blood","Question Card","Ice Cream","Toxic Egg 2","Sozu","Kunai","Whetstone","Prayer Wheel","Matryoshka","Red Skull","Gremlin Horn","Necronomicon","Empty Cage","Chemical X","Oddly Smooth Stone","Incense Burner","Blood Vial","Bronze Scales","Frozen Egg 2","Happy Flower"],"potions_floor_usage":[11,45,50],"damage_taken":[{"damage":11,"enemies":"Cultist","floor":1,"turns":4},{"damage":0,"enemies":"Small Slimes","floor":2,"turns":3},{"damage":0,"enemies":"2 Louse","floor":3,"turns":4},{"damage":18,"enemies":"Exordium Thugs","floor":4,"turns":3},{"damage":0,"enemies":"Large Slime","floor":5,"turns":3},{"damage":25,"enemies":"3 Sentries","floor":7,"turns":7},{"damage":1,"enemies":"3 Louse","floor":10,"turns":2},{"damage":28,"enemies":"Lagavulin","floor":11,"turns":5},{"damage":12,"enemies":"Slime Boss","floor":16,"turns":7},{"damage":0,"enemies":"3 Byrds","floor":18,"turns":3},{"damage":3,"enemies":"Shell Parasite","floor":22,"turns":3},{"damage":25,"enemies":"Slavers","floor":23,"turns":4},{"damage":1,"enemies":"Chosen and Byrds","floor":25,"turns":4},{"damage":18,"enemies":"Book of Stabbing","floor":27,"turns":5},{"damage":10,"enemies":"Gremlin Leader","floor":29,"turns":4},{"damage":21,"enemies":"Collector","floor":33,"turns":6},{"damage":17,"enemies":"3 Darklings","floor":35,"turns":3},{"damage":3,"enemies":"Mind Bloom Boss Battle","floor":38,"turns":4},{"damage":0,"enemies":"Orb Walker","floor":41,"turns":2},{"damage":3,"enemies":"Reptomancer","floor":42,"turns":5},{"damage":17,"enemies":"Sphere and 2 Shapes","floor":44,"turns":2},{"damage":59,"enemies":"Nemesis","floor":45,"turns":5},{"damage":35,"enemies":"Donu and Deca","floor":50,"turns":5}],"seed_played":"-5265803832435698982","potions_obtained":[{"floor":2,"key":"PowerPotion"},{"floor":10,"key":"EssenceOfSteel"},{"floor":16,"key":"EssenceOfSteel"}],"is_trial":false,"path_per_floor":["M","M","M","M","M","R","E","R","T","M","E","?","?","?","R","B",null,"M","$","?","T","M","E","R","M","T","E","R","E","?","?","R","B",null,"M","?","$","?","$","R","M","E","T","M","E","$","R","?","R","B",null],"character_chosen":"IRONCLAD","items_purchased":["Kunai","Master of Strategy+1","Chemical X","Oddly Smooth Stone"],"campfire_rested":2,"item_purchase_floors":[19,19,37,37],"current_hp_per_floor":[75,80,80,68,74,74,55,55,55,60,38,27,53,53,53,47,72,78,78,78,78,80,61,61,66,66,54,54,50,34,34,58,43,71,60,60,60,63,63,63,69,72,72,63,12,12,36,70,70,70],"gold":34,"neow_bonus":"REMOVE_CARD","is_prod":false,"is_daily":false,"chose_seed":false,"campfire_upgraded":7,"win_rate":0,"timestamp":1560302804,"path_taken":["M","M","M","?","M","R","E","R","T","M","E","?","?","?","R","BOSS","M","$","?","?","M","E","R","M","T","E","R","E","?","?","R","BOSS","M","?","$","?","?","R","M","E","T","?","E","$","R","?","R","BOSS"],"build_version":"2019-01-23","purchased_purges":2,"victory":true,"max_hp_per_floor":[80,80,80,80,80,80,80,80,80,80,80,80,80,80,80,80,80,80,80,80,80,80,80,80,80,80,80,80,80,80,80,80,80,80,80,80,80,80,80,80,80,80,80,80,80,80,80,70,70,70],"card_choices":[{"not_picked":["Armaments","Warcry"],"picked":"Anger","floor":1},{"not_picked":["Wild Strike","Body Slam"],"picked":"Evolve","floor":2},{"not_picked":["Clash","Shockwave"],"picked":"Whirlwind","floor":3},{"not_picked":["Power Through","Carnage"],"picked":"Thunderclap","floor":4},{"not_picked":["Heavy Blade","Cleave","Headbutt"],"picked":"SKIP","floor":5},{"not_picked":["Warcry","Clothesline","Brutality"],"picked":"SKIP","floor":7},{"not_picked":["Thunderclap","Perfected Strike","Headbutt"],"picked":"Pommel Strike","floor":10},{"not_picked":["Pommel Strike","Second Wind","Havoc"],"picked":"Shrug It Off","floor":11},{"not_picked":["Bludgeon","Dark Embrace","Brutality"],"picked":"Impervious+1","floor":16},{"not_picked":["Thunderclap","Rupture","Cleave+1"],"picked":"Iron Wave+1","floor":18},{"not_picked":["Sword Boomerang","Infernal Blade+1","Thunderclap","Wild Strike"],"picked":"SKIP","floor":22},{"not_picked":["Wild Strike+1","Metallicize","Shockwave+1"],"picked":"Spot Weakness+1","floor":23},{"not_picked":["Armaments+1","Power Through+1","Rage+1"],"picked":"Battle Trance+1","floor":25},{"not_picked":["Wild Strike+1","Warcry+1","Corruption"],"picked":"True Grit+1","floor":25},{"not_picked":["Metallicize","Anger","Sever Soul"],"picked":"Disarm+1","floor":27},{"not_picked":["Fire Breathing","Iron Wave","Sever Soul","True Grit+1"],"picked":"SKIP","floor":29},{"not_picked":["Impervious+1","Limit Break+1","Barricade"],"picked":"Demon Form","floor":33},{"not_picked":["Heavy Blade+1","True Grit+1","Clothesline+1"],"picked":"Shrug It Off+1","floor":35},{"not_picked":["Iron Wave","Havoc+1","Clash"],"picked":"Flame Barrier+1","floor":35},{"not_picked":["Pommel Strike+1","Anger","Iron Wave"],"picked":"Limit Break+1","floor":38},{"not_picked":["Clash+1","Dropkick+1","Searing Blow+1","Sever Soul"],"picked":"SKIP","floor":41},{"not_picked":["Clash","Body Slam+1","Blood for Blood","Iron Wave"],"picked":"SKIP","floor":41},{"not_picked":["Iron Wave","Brutality","Wild Strike","Barricade"],"picked":"SKIP","floor":42},{"not_picked":["Iron Wave","Brutality","Wild Strike","Barricade"],"picked":"SKIP","floor":42},{"not_picked":["Spot Weakness+1","Disarm+1","Armaments+1"],"picked":"Heavy Blade","floor":44},{"not_picked":["Warcry+1","Iron Wave+1","Body Slam","Perfected Strike"],"picked":"SKIP","floor":44},{"not_picked":["Body Slam+1","Dropkick+1","Feed"],"picked":"Reaper","floor":45}],"player_experience":304101,"relics_obtained":[{"floor":7,"key":"Question Card"},{"floor":9,"key":"Ice Cream"},{"floor":11,"key":"Toxic Egg 2"},{"floor":21,"key":"Whetstone"},{"floor":23,"key":"Prayer Wheel"},{"floor":26,"key":"Matryoshka"},{"floor":27,"key":"Red Skull"},{"floor":29,"key":"Gremlin Horn"},{"floor":30,"key":"Necronomicon"},{"floor":38,"key":"Incense Burner"},{"floor":42,"key":"Blood Vial"},{"floor":43,"key":"Bronze Scales"},{"floor":43,"key":"Frozen Egg 2"},{"floor":45,"key":"Happy Flower"}],"event_choices":[{"damage_healed":0,"gold_gain":75,"player_choice":"Gather Gold","damage_taken":11,"max_hp_gain":0,"max_hp_loss":0,"event_name":"World of Goop","floor":12,"gold_loss":0},{"damage_healed":26,"gold_gain":0,"player_choice":"Banana","damage_taken":0,"max_hp_gain":0,"max_hp_loss":0,"event_name":"Big Fish","floor":13,"gold_loss":0},{"damage_healed":0,"gold_gain":0,"cards_transformed":["Strike_R"],"player_choice":"Transformed","damage_taken":0,"max_hp_gain":0,"max_hp_loss":0,"event_name":"Transmorgrifier","floor":14,"gold_loss":0,"cards_obtained":["Sword Boomerang"]},{"damage_healed":0,"gold_gain":0,"player_choice":"Obtain J.A.X.","damage_taken":0,"max_hp_gain":0,"max_hp_loss":0,"event_name":"Drug Dealer","floor":20,"gold_loss":0,"cards_obtained":["J.A.X."]},{"damage_healed":0,"gold_gain":0,"player_choice":"Obtained Book","damage_taken":16,"max_hp_gain":0,"max_hp_loss":0,"event_name":"Cursed Tome","floor":30,"gold_loss":0},{"damage_healed":0,"gold_gain":0,"player_choice":"Read","damage_taken":0,"max_hp_gain":0,"max_hp_loss":0,"event_name":"The Library","floor":31,"gold_loss":0,"cards_obtained":["Limit Break"]},{"damage_healed":0,"gold_gain":0,"player_choice":"Ignored","damage_taken":0,"max_hp_gain":0,"max_hp_loss":0,"event_name":"Mysterious Sphere","floor":36,"gold_loss":0},{"damage_healed":0,"gold_gain":0,"player_choice":"Fight","damage_taken":0,"max_hp_gain":0,"max_hp_loss":0,"event_name":"MindBloom","floor":38,"gold_loss":0},{"damage_healed":70,"gold_gain":0,"player_choice":"Heal","damage_taken":0,"max_hp_gain":0,"max_hp_loss":10,"event_name":"The Moai Head","floor":48,"gold_loss":0}],"is_beta":false,"boss_relics":[{"not_picked":["Snecko Eye","Velvet Choker"],"picked":"Sozu"},{"not_picked":["Orrery","Black Star"],"picked":"Empty Cage"}],"items_purged_floors":[39,46],"is_endless":false,"potions_floor_spawned":[2,10,16,27,29,33,41,45],"ascension_level":5}