{"gold_per_floor":[110,110,120,120,120,120,141,141,189,207,231,254,295,315,315,434,434,457,372,372,385,385,385,408,408],"floor_reached":25,"playtime":1043,"items_purged":[],"score":267,"play_id":"f0b70d03-5687-440e-a302-aa09af1c8602","local_time":"20190125115300","is_ascension_mode":true,"campfire_choices":[{"data":"Shockwave","floor":6,"key":"SMITH"},{"data":"Armaments","floor":8,"key":"SMITH"},{"floor":15,"key":"REST"},{"data":"Body Slam","floor":23,"key":"SMITH"}],"neow_cost":"NONE","seed_source_timestamp":91904220604600,"circlet_count":0,"master_deck":["Strike_R","Strike_R","Strike_R","Strike_R","Defend_R","Defend_R","Defend_R","Defend_R","Bash","Shockwave+1","Inflame","Clothesline","Armaments+1","Cleave","Infernal Blade","Infernal Blade","Parasite","Parasite","Normality","Parasite","Sentinel+1","Body Slam+1","Body Slam"],"relics":["Burning Blood","Golden Idol","WarpedTongs","Centennial Puzzle","Pantograph","Calling Bell","Calipers","Mummified Hand","Juzu Bracelet","Lantern"],"potions_floor_usage":[12,13,13,21,24,25,25],"damage_taken":[{"damage":0,"enemies":"2 Louse","floor":1,"turns":2},{"damage":6,"enemies":"Cultist","floor":3,"turns":3},{"damage":12,"enemies":"Small Slimes","floor":7,"turns":5},{"damage":9,"enemies":"Blue Slaver","floor":10,"turns":4},{"damage":25,"enemies":"Gremlin Gang","floor":11,"turns":4},{"damage":6,"enemies":"Exordium Wildlife","floor":12,"turns":5},{"damage":20,"enemies":"Lagavulin","floor":13,"turns":5},{"damage":9,"enemies":"2 Fungi Beasts","floor":14,"turns":2},{"damage":43,"enemies":"The Guardian","floor":16,"turns":13},{"damage":27,"enemies":"Shell Parasite","floor":18,"turns":5},{"damage":3,"enemies":"2 Thieves","floor":21,"turns":2},{"damage":39,"enemies":"Chosen and Byrds","floor":24,"turns":9},{"damage":17,"enemies":"Book of Stabbing","floor":25,"turns":4}],"seed_played":"-742218943573693352","potions_obtained":[{"floor":1,"key":"EssenceOfSteel"},{"floor":2,"key":"BloodPotion"},{"floor":2,"key":"AttackPotion"},{"floor":14,"key":"SpeedPotion"},{"floor":16,"key":"SkillPotion"},{"floor":18,"key":"PowerPotion"},{"floor":24,"key":"Fire Potion"}],"is_trial":false,"path_per_floor":["M","?","M","?","?","R","M","R","T","M","M","M","E","M","R","B",null,"M","?","?","M","?","R","M","E"],"character_chosen":"IRONCLAD","items_purchased":[],"campfire_rested":1,"item_purchase_floors":[],"current_hp_per_floor":[78,78,78,58,58,58,52,52,52,49,30,30,24,21,45,33,68,47,47,47,50,50,50,17,0],"gold":408,"neow_bonus":"TRANSFORM_CARD","is_prod":false,"is_daily":false,"chose_seed":false,"campfire_upgraded":3,"win_rate":0,"timestamp":1548406380,"path_taken":["M","?","?","?","?","R","?","R","T","M","M","M","E","M","R","BOSS","M","?","?","M","?","R","M","E"],"build_version":"2019-01-23","purchased_purges":0,"victory":false,"max_hp_per_floor":[80,80,80,80,80,80,80,80,80,80,80,80,80,80,80,80,80,80,80,80,80,80,80,80,80],"card_choices":[{"not_picked":["Fire Breathing","Hemokinesis"],"picked":"Inflame","floor":1},{"not_picked":["Warcry","Wild Strike"],"picked":"Clothesline","floor":3},{"not_picked":["Hemokinesis","Headbutt"],"picked":"Armaments","floor":7},{"not_picked":["Intimidate","Rupture"],"picked":"Cleave","floor":10},{"not_picked":["Power Through","Cleave","Bloodletting"],"picked":"SKIP","floor":11},{"not_picked":["Clash","Pommel Strike"],"picked":"Infernal Blade","floor":12},{"not_picked":["Headbutt","Sever Soul","Bludgeon"],"picked":"SKIP","floor":13},{"not_picked":["Anger","Clash"],"picked":"Infernal Blade","floor":14},{"not_picked":["Cleave","Reckless Charge","Sword Boomerang"],"picked":"SKIP","floor":18},{"not_picked":["True Grit","Warcry+1"],"picked":"Sentinel+1","floor":21},{"not_picked":["Anger","Thunderclap"],"picked":"Body Slam","floor":24}],"player_experience":158758,"relics_obtained":[{"floor":9,"key":"Centennial Puzzle"},{"floor":13,"key":"Pantograph"},{"floor":17,"key":"Calipers"},{"floor":17,"key":"Mummified Hand"},{"floor":17,"key":"Juzu Bracelet"}],"event_choices":[{"damage_healed":0,"gold_gain":0,"player_choice":"Got Potions","damage_taken":0,"max_hp_gain":0,"max_hp_loss":0,"event_name":"Lab","floor":2,"gold_loss":0},{"damage_healed":0,"gold_gain":0,"player_choice":"Take Damage","damage_taken":20,"relics_obtained":["Golden Idol"],"max_hp_gain":0,"max_hp_loss":0,"event_name":"Golden Idol","floor":4,"gold_loss":0},{"damage_healed":0,"gold_gain":0,"player_choice":"Rummage","damage_taken":0,"relics_obtained":["WarpedTongs"],"max_hp_gain":0,"max_hp_loss":0,"event_name":"Accursed Blacksmith","floor":5,"gold_loss":0,"cards_obtained":["Pain"]},{"damage_healed":0,"gold_gain":0,"player_choice":"Obtained Relic","damage_taken":0,"relics_obtained":["Lantern"],"max_hp_gain":0,"max_hp_loss":0,"event_name":"Addict","floor":19,"gold_loss":85},{"damage_healed":0,"gold_gain":0,"cards_transformed":["Pain","Pain"],"player_choice":"Became Test Subject","damage_taken":0,"max_hp_gain":0,"max_hp_loss":0,"event_name":"Drug Dealer","floor":20,"gold_loss":0,"cards_obtained":["Normality","Parasite"]},{"damage_healed":0,"gold_gain":0,"player_choice":"Read","damage_taken":0,"max_hp_gain":0,"max_hp_loss":0,"event_name":"The Library","floor":22,"gold_loss":0,"cards_obtained":["Body Slam"]}],"is_beta":false,"boss_relics":[{"not_picked":["Coffee Dripper","Cursed Key"],"picked":"Calling Bell"}],"items_purged_floors":[],"is_endless":false,"potions_floor_spawned":[1,10,11,14,16,18,24],"killed_by":"Book of Stabbing","ascension_level":6}