{"gold_per_floor":[109,119,130,130,148,148,175,175,175,175,100,113,172,128,128,228,228,243,262,278,290,144,144,175,175,200,200],"floor_reached":27,"playtime":1123,"items_purged":["Strike_G","Defend_G"],"score":280,"play_id":"67116edf-f3ac-44d0-889c-b690429aee44","local_time":"20190610145543","is_ascension_mode":true,"campfire_choices":[{"data":"All Out Attack","floor":6,"key":"SMITH"},{"data":"Crippling Poison","floor":8,"key":"SMITH"},{"data":"Survivor","floor":10,"key":"SMITH"},{"floor":15,"key":"REST"},{"floor":23,"key":"REST"}],"neow_cost":"NONE","seed_source_timestamp":324203560988100,"circlet_count":0,"master_deck":["Defend_G","Defend_G","Defend_G","Defend_G","Strike_G","Strike_G","Strike_G","Survivor+1","Neutralize","All Out Attack+1","Flying Knee","Crippling Poison+1","Bouncing Flask","Tools of the Trade","Deadly Poison","Bouncing Flask","Bane","Envenom","Deadly Poison","Well Laid Plans"],"relics":["Ring of the Snake","Paper Crane","Girya","Thread and Needle","Black Star","Anchor","Bottled Lightning","Bag of Preparation"],"potions_floor_usage":[7,7,13,20,21,21,24],"damage_taken":[{"damage":1,"enemies":"Small Slimes","floor":1,"turns":4},{"damage":0,"enemies":"Cultist","floor":2,"turns":4},{"damage":0,"enemies":"2 Louse","floor":3,"turns":2},{"damage":4,"enemies":"Large Slime","floor":5,"turns":7},{"damage":22,"enemies":"Lagavulin","floor":7,"turns":5},{"damage":3,"enemies":"Gremlin Gang","floor":12,"turns":3},{"damage":22,"enemies":"Gremlin Nob","floor":13,"turns":4},{"damage":11,"enemies":"The Guardian","floor":16,"turns":11},{"damage":17,"enemies":"Chosen","floor":18,"turns":5},{"damage":4,"enemies":"2 Thieves","floor":19,"turns":4},{"damage":18,"enemies":"Sentry and Sphere","floor":20,"turns":4},{"damage":6,"enemies":"Centurion and Healer","floor":21,"turns":6},{"damage":38,"enemies":"Book of Stabbing","floor":24,"turns":6},{"damage":11,"enemies":"Chosen and Byrds","floor":27,"turns":4}],"seed_played":"7502785547372274232","potions_obtained":[{"floor":0,"key":"Explosive Potion"},{"floor":0,"key":"SpeedPotion"},{"floor":0,"key":"SpeedPotion"},{"floor":1,"key":"LiquidBronze"},{"floor":2,"key":"Fire Potion"},{"floor":12,"key":"SkillPotion"},{"floor":18,"key":"EssenceOfSteel"},{"floor":19,"key":"EssenceOfSteel"},{"floor":21,"key":"Dexterity Potion"}],"is_trial":false,"path_per_floor":["M","M","M","?","M","R","E","R","T","R","$","M","?","?","R","B",null,"M","M","M","M","$","R","E","?","T","M"],"character_chosen":"THE_SILENT","items_purchased":["Bane"],"campfire_rested":2,"item_purchase_floors":[22],"current_hp_per_floor":[69,69,69,69,65,65,43,43,43,43,43,40,18,18,39,28,70,53,49,31,25,25,46,8,8,8,0],"gold":200,"neow_bonus":"THREE_SMALL_POTIONS","is_prod":false,"is_daily":false,"chose_seed":false,"campfire_upgraded":3,"win_rate":0,"timestamp":1560167743,"path_taken":["M","M","M","?","M","R","E","R","T","R","?","M","?","?","R","BOSS","M","M","M","M","$","R","E","?","T","M"],"build_version":"2019-01-23","purchased_purges":2,"victory":false,"max_hp_per_floor":[70,70,70,70,70,70,70,70,70,70,70,70,70,70,70,70,70,70,70,70,70,70,70,70,70,70,70],"card_choices":[{"not_picked":["Cloak And Dagger","Acrobatics"],"picked":"All Out Attack","floor":1},{"not_picked":["Cloak And Dagger","Setup","Dagger Spray"],"picked":"SKIP","floor":2},{"not_picked":["Doppelganger","Finisher","Infinite Blades"],"picked":"SKIP","floor":3},{"not_picked":["Setup","Reflex"],"picked":"Flying Knee","floor":5},{"not_picked":["Dagger Throw","Masterful Stab"],"picked":"Crippling Poison","floor":7},{"not_picked":["Caltrops","Dagger Spray"],"picked":"Bouncing Flask","floor":12},{"not_picked":["After Image","Glass Knife"],"picked":"Tools of the Trade","floor":16},{"not_picked":["Acrobatics","Infinite Blades"],"picked":"Deadly Poison","floor":18},{"not_picked":["Blade Dance","Tactician","Dodge and Roll"],"picked":"SKIP","floor":19},{"not_picked":["Dagger Spray","Predator","Blade Dance+1"],"picked":"SKIP","floor":20},{"not_picked":["Sucker Punch","Cloak And Dagger"],"picked":"Bouncing Flask","floor":21},{"not_picked":["Acrobatics","Deflect"],"picked":"Envenom","floor":24}],"player_experience":184666,"relics_obtained":[{"floor":7,"key":"Paper Crane"},{"floor":9,"key":"Girya"},{"floor":13,"key":"Thread and Needle"},{"floor":24,"key":"Anchor"},{"floor":24,"key":"Bottled Lightning"},{"floor":26,"key":"Bag of Preparation"}],"event_choices":[{"cards_removed":["Strike_G"],"damage_healed":0,"gold_gain":0,"player_choice":"Purged","damage_taken":0,"max_hp_gain":0,"max_hp_loss":0,"event_name":"Purifier","floor":4,"gold_loss":0},{"damage_healed":0,"gold_gain":0,"player_choice":"Searched \u00271\u0027 times","damage_taken":0,"max_hp_gain":0,"max_hp_loss":0,"event_name":"Dead Adventurer","floor":13,"gold_loss":0},{"damage_healed":0,"gold_gain":0,"player_choice":"Left Gold","damage_taken":0,"max_hp_gain":0,"max_hp_loss":0,"event_name":"World of Goop","floor":14,"gold_loss":44},{"damage_healed":0,"gold_gain":0,"player_choice":"2 cards matched","damage_taken":0,"max_hp_gain":0,"max_hp_loss":0,"event_name":"Match and Keep!","floor":25,"gold_loss":0,"cards_obtained":["Deadly Poison","Well Laid Plans"]}],"is_beta":false,"boss_relics":[{"not_picked":["Lizard Tail","WristBlade"],"picked":"Black Star"}],"items_purged_floors":[11,22],"is_endless":false,"potions_floor_spawned":[1,2,5,12,18,19,21],"killed_by":"Chosen and Byrds","ascension_level":4}