{"gold_per_floor":[20,20,31,48,63,127,142,67,67,28,38,38,38,52,52,149,149,162,174,273,285,300,300,332,343,343,343,343,268,268,268,268,363,413,423,423,423,26,39,70,70,101,101,113,135,166,178,272,284,296],"floor_reached":50,"playtime":2042,"items_purged":["Strike_G"],"score":651,"play_id":"e9cc4749-01ff-476e-8233-053cd4318e2d","local_time":"20190610213848","is_ascension_mode":true,"campfire_choices":[{"floor":13,"key":"REST"},{"floor":15,"key":"REST"},{"floor":23,"key":"REST"},{"floor":28,"key":"REST"},{"floor":30,"key":"REST"},{"floor":32,"key":"REST"},{"data":"Corpse Explosion","floor":41,"key":"SMITH"},{"data":"Crippling Poison","floor":44,"key":"SMITH"},{"data":"Adrenaline","floor":47,"key":"SMITH"},{"floor":49,"key":"REST"}],"neow_cost":"NO_GOLD","seed_source_timestamp":347467096659400,"circlet_count":0,"master_deck":["Defend_G+1","Defend_G+1","Defend_G+1","Strike_G+1","Strike_G+1","Survivor","Neutralize","Backstab","Terror","Deadly Poison","Bouncing Flask+1","Choke+1","Crippling Poison+1","Corpse Explosion","All Out Attack+1","Dagger Spray+1","Corpse Explosion+1","Flying Knee+1","Poisoned Stab","Adrenaline+1","Dash+1","PiercingWail+1"],"relics":["Ring of the Snake","Tiny Chest","Potion Belt","Happy Flower","Busted Crown","Question Card","Dodecahedron","Tiny House","Whetstone","Singing Bowl","Letter Opener","Toxic Egg 2","MawBank","Ornamental Fan"],"potions_floor_usage":[6,19,21,21,21,24,25,33,40,40,42,42,42,45,45,46,50,50,50],"damage_taken":[{"damage":1,"enemies":"Cultist","floor":1,"turns":4},{"damage":0,"enemies":"Small Slimes","floor":3,"turns":4},{"damage":0,"enemies":"2 Louse","floor":4,"turns":2},{"damage":5,"enemies":"2 Fungi Beasts","floor":5,"turns":3},{"damage":23,"enemies":"Lagavulin","floor":6,"turns":6},{"damage":11,"enemies":"3 Louse","floor":7,"turns":4},{"damage":2,"enemies":"Red Slaver","floor":11,"turns":2},{"damage":10,"enemies":"Exordium Wildlife","floor":14,"turns":3},{"damage":12,"enemies":"The Guardian","floor":16,"turns":7},{"damage":16,"enemies":"2 Thieves","floor":18,"turns":2},{"damage":3,"enemies":"Chosen","floor":19,"turns":3},{"damage":39,"enemies":"Centurion and Healer","floor":21,"turns":4},{"damage":12,"enemies":"Cultist and Chosen","floor":22,"turns":4},{"damage":7,"enemies":"Slavers","floor":24,"turns":2},{"damage":25,"enemies":"Snake Plant","floor":25,"turns":4},{"damage":55,"enemies":"Collector","floor":33,"turns":8},{"damage":0,"enemies":"3 Shapes","floor":35,"turns":2},{"damage":0,"enemies":"3 Darklings","floor":39,"turns":2},{"damage":13,"enemies":"Reptomancer","floor":40,"turns":3},{"damage":18,"enemies":"Nemesis","floor":42,"turns":5},{"damage":2,"enemies":"Spire Growth","floor":45,"turns":2},{"damage":0,"enemies":"Maw","floor":46,"turns":5},{"damage":85,"enemies":"Time Eater","floor":50,"turns":10}],"seed_played":"-4620950701027890244","potions_obtained":[{"floor":1,"key":"Ancient Potion"},{"floor":4,"key":"Fruit Juice"},{"floor":6,"key":"Energy Potion"},{"floor":7,"key":"SkillPotion"},{"floor":14,"key":"Regen Potion"},{"floor":18,"key":"Fire Potion"},{"floor":19,"key":"Swift Potion"},{"floor":24,"key":"GamblersBrew"},{"floor":25,"key":"Energy Potion"},{"floor":34,"key":"EntropicBrew"},{"floor":35,"key":"SteroidPotion"},{"floor":39,"key":"SteroidPotion"},{"floor":45,"key":"FearPotion"},{"floor":46,"key":"SneckoOil"}],"is_trial":false,"path_per_floor":["M","$","M","M","M","E","M","$","T","$","M","?","R","M","R","B",null,"M","M","?","M","M","R","E","M","T","?","R","?","R","?","R","B",null,"M","?","?","$","M","E","R","E","T","R","M","M","R","T","R","B"],"character_chosen":"THE_SILENT","items_purchased":["Choke","Whetstone","Singing Bowl"],"campfire_rested":7,"item_purchase_floors":[10,38,38],"current_hp_per_floor":[69,69,69,69,64,46,35,35,35,35,33,26,48,38,60,48,75,59,56,56,29,17,39,32,7,7,7,29,29,51,51,73,18,80,80,80,80,80,80,69,69,53,53,53,53,53,53,53,78,0],"gold":296,"neow_bonus":"REMOVE_TWO","is_prod":false,"is_daily":false,"chose_seed":false,"campfire_upgraded":3,"win_rate":0,"timestamp":1560191928,"path_taken":["M","?","M","M","?","E","M","$","T","$","M","?","R","M","R","BOSS","M","M","?","M","M","R","E","M","T","?","R","?","R","?","R","BOSS","M","?","?","$","M","E","R","E","T","R","?","M","R","?","R","BOSS"],"build_version":"2019-01-23","purchased_purges":1,"victory":false,"max_hp_per_floor":[70,70,70,70,70,75,75,75,75,75,75,75,75,75,75,75,75,75,75,75,75,75,75,75,75,75,75,75,75,75,75,75,75,80,80,80,80,80,80,82,82,84,84,84,86,86,86,86,86,86],"card_choices":[{"not_picked":["Outmaneuver","Terror"],"picked":"Backstab","floor":1},{"not_picked":["PiercingWail","Underhanded Strike"],"picked":"Terror","floor":3},{"not_picked":["Distraction","Acrobatics"],"picked":"Deadly Poison","floor":4},{"not_picked":["Sucker Punch","Accuracy","Tactician"],"picked":"SKIP","floor":5},{"not_picked":["Sucker Punch","Accuracy","Tactician"],"picked":"SKIP","floor":5},{"not_picked":["Skewer","Prepared","Deflect"],"picked":"SKIP","floor":6},{"not_picked":["Backflip","Backstab"],"picked":"Bouncing Flask","floor":7},{"not_picked":["Prepared","Reflex","Dagger Throw"],"picked":"SKIP","floor":11},{"not_picked":["Leg Sweep","Blade Dance"],"picked":"Crippling Poison","floor":14},{"not_picked":["Glass Knife","Envenom"],"picked":"Corpse Explosion","floor":16},{"not_picked":["Dodge and Roll"],"picked":"SKIP","floor":18},{"not_picked":["Flying Knee"],"picked":"SKIP","floor":19},{"not_picked":[],"picked":"All Out Attack","floor":21},{"not_picked":["Blur"],"picked":"SKIP","floor":22},{"not_picked":["Dagger Spray"],"picked":"SKIP","floor":24},{"not_picked":["Outmaneuver"],"picked":"Dagger Spray+1","floor":25},{"not_picked":["Doppelganger"],"picked":"Corpse Explosion","floor":33},{"not_picked":["Slice"],"picked":"Flying Knee+1","floor":34},{"not_picked":["Flying Knee+1"],"picked":"Poisoned Stab","floor":35},{"not_picked":["Setup+1"],"picked":"Dash+1","floor":39},{"not_picked":["Caltrops","Dagger Throw"],"picked":"Singing Bowl","floor":40},{"not_picked":["Terror","Bane"],"picked":"Singing Bowl","floor":42},{"not_picked":["Caltrops","All Out Attack"],"picked":"Singing Bowl","floor":45},{"not_picked":["Deadly Poison+1"],"picked":"PiercingWail+1","floor":46}],"player_experience":187155,"relics_obtained":[{"floor":6,"key":"Tiny Chest"},{"floor":9,"key":"Potion Belt"},{"floor":24,"key":"Question Card"},{"floor":26,"key":"Dodecahedron"},{"floor":40,"key":"Letter Opener"},{"floor":42,"key":"Toxic Egg 2"},{"floor":43,"key":"MawBank"},{"floor":48,"key":"Ornamental Fan"}],"event_choices":[{"damage_healed":0,"gold_gain":0,"player_choice":"Success","damage_taken":7,"relics_obtained":["Happy Flower"],"max_hp_gain":0,"max_hp_loss":0,"event_name":"Scrap Ooze","floor":12,"gold_loss":0},{"damage_healed":0,"gold_gain":99,"player_choice":"Stole From Cult","damage_taken":0,"max_hp_gain":0,"max_hp_loss":0,"event_name":"Nest","floor":20,"gold_loss":0},{"damage_healed":0,"gold_gain":0,"player_choice":"Simplicity","damage_taken":0,"max_hp_gain":0,"max_hp_loss":0,"event_name":"Back to Basics","floor":27,"gold_loss":0,"cards_upgraded":["Defend_G","Defend_G","Defend_G","Defend_G","Strike_G","Strike_G","Strike_G"]},{"cards_removed":["Defend_G"],"damage_healed":0,"gold_gain":0,"player_choice":"Gave Gold","damage_taken":0,"max_hp_gain":0,"max_hp_loss":0,"event_name":"Beggar","floor":29,"gold_loss":75},{"damage_healed":0,"gold_gain":0,"player_choice":"Ignored","damage_taken":0,"max_hp_gain":0,"max_hp_loss":0,"event_name":"Ghosts","floor":31,"gold_loss":0},{"damage_healed":0,"gold_gain":0,"player_choice":"Ignored","damage_taken":0,"max_hp_gain":0,"max_hp_loss":0,"event_name":"Tomb of Lord Red Mask","floor":36,"gold_loss":0},{"damage_healed":0,"gold_gain":0,"cards_transformed":["Strike_G"],"player_choice":"Transformed","damage_taken":0,"max_hp_gain":0,"max_hp_loss":0,"event_name":"Transmorgrifier","floor":37,"gold_loss":0,"cards_obtained":["Adrenaline"]}],"is_beta":false,"boss_relics":[{"not_picked":["Philosopher\u0027s Stone","Ectoplasm"],"picked":"Busted Crown"},{"not_picked":["Snecko Eye","Calling Bell"],"picked":"Tiny House"}],"items_purged_floors":[8],"is_endless":false,"potions_floor_spawned":[1,4,6,7,14,18,19,24,25,35,39,45,46],"killed_by":"Time Eater","ascension_level":4}