{"gold_per_floor":[363,377,211,211,225,253,253,178,230,230,90,140,155,187,187,266,316,331,351,351,351,351],"floor_reached":22,"playtime":1873,"items_purged":["Parasite","Strike_B"],"score":336,"play_id":"a42440d2-d488-4b1a-9be9-ba17022a7fc2","local_time":"20190606122248","is_ascension_mode":true,"campfire_choices":[{"data":"Zap","floor":7,"key":"SMITH"},{"data":"Panacea","floor":10,"key":"SMITH"},{"data":"Consume","floor":15,"key":"SMITH"}],"neow_cost":"CURSE","seed_source_timestamp":1476434073556982,"circlet_count":0,"master_deck":["AscendersBane","Strike_B","Strike_B","Defend_B","Defend_B","Defend_B","Defend_B","Zap+1","Dualcast","Cold Snap","Steam","Panacea+1","Leap","Core Surge","Glacier+1","Consume+1","Seek","RitualDagger","Decay"],"relics":["Cracked Core","Ancient Tea Set","Juzu Bracelet","Shuriken","Tiny House"],"potions_floor_usage":[6,14,16,22],"damage_taken":[{"damage":7,"enemies":"Jaw Worm","floor":1,"turns":4},{"damage":7,"enemies":"2 Louse","floor":2,"turns":3},{"damage":0,"enemies":"Cultist","floor":5,"turns":5},{"damage":11,"enemies":"Lagavulin","floor":6,"turns":10},{"damage":0,"enemies":"Looter","floor":13,"turns":5},{"damage":19,"enemies":"3 Sentries","floor":14,"turns":11},{"damage":3,"enemies":"The Guardian","floor":16,"turns":19},{"damage":1,"enemies":"Spheric Guardian","floor":18,"turns":7},{"damage":1,"enemies":"Shell Parasite","floor":19,"turns":16},{"damage":13,"enemies":"Centurion and Healer","floor":22,"turns":9}],"seed_played":"2379611358257733378","potions_obtained":[{"floor":1,"key":"GamblersBrew"},{"floor":13,"key":"Block Potion"},{"floor":14,"key":"Weak Potion"},{"floor":17,"key":"SneckoOil"},{"floor":19,"key":"Poison Potion"}],"is_trial":false,"path_per_floor":["M","M","$","?","M","E","R","?","T","R","$","?","M","E","R","B",null,"M","M","?","?","M"],"character_chosen":"DEFECT","items_purchased":["Panacea","Glacier"],"campfire_rested":0,"item_purchase_floors":[3,11],"current_hp_per_floor":[57,50,50,50,50,39,39,39,39,39,39,39,39,20,20,17,60,59,58,52,52,39],"gold":351,"neow_bonus":"TWO_FIFTY_GOLD","is_prod":false,"is_daily":false,"chose_seed":false,"campfire_upgraded":3,"win_rate":0,"timestamp":1559838168,"path_taken":["M","M","$","?","M","E","R","?","T","R","$","?","M","E","R","BOSS","M","M","?","?","M"],"build_version":"2019-01-23","purchased_purges":2,"victory":false,"max_hp_per_floor":[71,71,68,68,68,68,68,68,68,68,68,68,68,68,68,68,73,73,73,73,73,73],"card_choices":[{"not_picked":["Conserve Battery","Tempest"],"picked":"Cold Snap","floor":1},{"not_picked":["Leap","Barrage"],"picked":"Steam","floor":2},{"not_picked":["Gash","Beam Cell"],"picked":"Leap","floor":5},{"not_picked":["Steam Power","Scrape"],"picked":"Core Surge","floor":6},{"not_picked":["Hologram","Redo","Chaos"],"picked":"SKIP","floor":13},{"not_picked":["Hologram","Streamline"],"picked":"Consume","floor":14},{"not_picked":["Thunder Strike","Hyperbeam"],"picked":"Seek","floor":16},{"not_picked":["Gash","Redo","Darkness"],"picked":"SKIP","floor":18},{"not_picked":["Compile Driver","Sweeping Beam","Heatsinks"],"picked":"SKIP","floor":19}],"player_experience":744619,"relics_obtained":[{"floor":6,"key":"Ancient Tea Set"},{"floor":9,"key":"Juzu Bracelet"},{"floor":14,"key":"Shuriken"}],"event_choices":[{"damage_healed":0,"gold_gain":0,"player_choice":"Fled","damage_taken":0,"max_hp_gain":0,"max_hp_loss":0,"event_name":"Scrap Ooze","floor":4,"gold_loss":0},{"cards_removed":["Strike_B"],"damage_healed":0,"gold_gain":0,"player_choice":"Card Removal","damage_taken":0,"max_hp_gain":0,"max_hp_loss":0,"event_name":"The Cleric","floor":8,"gold_loss":75},{"damage_healed":0,"gold_gain":50,"player_choice":"Gained Gold","damage_taken":0,"max_hp_gain":0,"max_hp_loss":0,"event_name":"Golden Wing","floor":12,"gold_loss":0},{"damage_healed":0,"gold_gain":0,"player_choice":"Joined the Cult","damage_taken":6,"max_hp_gain":0,"max_hp_loss":0,"event_name":"Nest","floor":20,"gold_loss":0,"cards_obtained":["RitualDagger"]},{"damage_healed":0,"gold_gain":0,"player_choice":"Smashed Altar","damage_taken":0,"max_hp_gain":0,"max_hp_loss":0,"event_name":"Forgotten Altar","floor":21,"gold_loss":0,"cards_obtained":["Decay"]}],"is_beta":false,"boss_relics":[{"not_picked":["Snecko Eye","Calling Bell"],"picked":"Tiny House"}],"items_purged_floors":[3,11],"is_endless":false,"potions_floor_spawned":[1,13,14,19],"killed_by":"Centurion and Healer","ascension_level":15}