{"gold_per_floor":[113,38,38,55,67,67,142,142,142,14,29,29,49,80,80,154,154,169,169,185,185,32,32,96,111,111,111,126,126,126],"floor_reached":30,"playtime":3489,"items_purged":["Strike_B","Strike_B"],"score":505,"play_id":"66583b85-8aaf-416c-9530-e68c18a345e0","local_time":"20190607092743","is_ascension_mode":true,"campfire_choices":[{"data":"Biased Cognition","floor":6,"key":"SMITH"},{"floor":8,"key":"REST"},{"data":"Conserve Battery","floor":12,"key":"SMITH"},{"data":"Reinforced Body","floor":15,"key":"SMITH"},{"floor":23,"key":"REST"},{"data":"Go for the Eyes","floor":29,"key":"SMITH"}],"neow_cost":"NONE","seed_source_timestamp":1550744368565309,"circlet_count":0,"master_deck":["AscendersBane","Strike_B","Defend_B","Defend_B","Defend_B","Defend_B","Zap+1","Dualcast+1","Gash","Biased Cognition+1","Gash","Gash","Conserve Battery+1","Leap","Reinforced Body+1","Echo Form","Go for the Eyes+1","Cold Snap","Core Surge"],"relics":["Cracked Core","Mercury Hourglass","Runic Pyramid","Nloth\u0027s Gift","Tiny Chest","Ornamental Fan","Darkstone Periapt"],"potions_floor_usage":[14,16,19,25,30],"damage_taken":[{"damage":9,"enemies":"Jaw Worm","floor":1,"turns":3},{"damage":0,"enemies":"2 Louse","floor":4,"turns":3},{"damage":1,"enemies":"Cultist","floor":5,"turns":3},{"damage":3,"enemies":"3 Louse","floor":11,"turns":2},{"damage":11,"enemies":"Looter","floor":13,"turns":2},{"damage":0,"enemies":"3 Sentries","floor":14,"turns":4},{"damage":6,"enemies":"The Guardian","floor":16,"turns":10},{"damage":10,"enemies":"Shell Parasite","floor":18,"turns":6},{"damage":6,"enemies":"Colosseum Slavers","floor":19,"turns":5},{"damage":2,"enemies":"Chosen","floor":20,"turns":5},{"damage":15,"enemies":"Book of Stabbing","floor":24,"turns":6},{"damage":9,"enemies":"3 Cultists","floor":25,"turns":6},{"damage":10,"enemies":"Snake Plant","floor":28,"turns":5},{"damage":48,"enemies":"Slavers","floor":30,"turns":2}],"seed_played":"4343919830748632383","potions_obtained":[{"floor":4,"key":"Ancient Potion"},{"floor":5,"key":"Explosive Potion"},{"floor":14,"key":"Strength Potion"},{"floor":20,"key":"Strength Potion"},{"floor":28,"key":"Regen Potion"}],"is_trial":false,"path_per_floor":["M","?","?","M","M","R","?","R","T","$","M","R","M","E","R","B",null,"M","?","M","?","$","R","E","M","T","T","M","R","E"],"character_chosen":"DEFECT","items_purchased":["Gash","Dexterity Potion"],"campfire_rested":2,"item_purchase_floors":[10,22],"current_hp_per_floor":[55,55,55,55,54,54,43,64,64,64,61,61,50,50,50,44,64,54,48,46,46,46,67,52,43,43,43,33,33,0],"gold":126,"neow_bonus":"UPGRADE_CARD","is_prod":false,"is_daily":false,"chose_seed":false,"campfire_upgraded":4,"win_rate":0,"timestamp":1559914063,"path_taken":["M","?","?","M","?","R","?","R","T","$","M","R","M","E","R","BOSS","M","?","M","?","$","R","E","?","T","?","M","R","E"],"build_version":"2019-01-23","purchased_purges":2,"victory":false,"max_hp_per_floor":[71,71,71,71,71,71,71,71,71,71,71,71,71,71,71,71,71,71,71,71,71,71,71,71,71,71,71,71,71,71],"card_choices":[{"not_picked":["Streamline","Beam Cell"],"picked":"Gash","floor":1},{"not_picked":["Genetic Algorithm","Ball Lightning"],"picked":"Biased Cognition","floor":4},{"not_picked":["Coolheaded","Chaos"],"picked":"Gash","floor":5},{"not_picked":["Ball Lightning","Recycle"],"picked":"Conserve Battery","floor":11},{"not_picked":["Compile Driver","Turbo"],"picked":"Leap","floor":13},{"not_picked":["Conserve Battery","Force Field"],"picked":"Reinforced Body","floor":14},{"not_picked":["Hyperbeam","Seek"],"picked":"Echo Form","floor":16},{"not_picked":["Sunder","Conserve Battery"],"picked":"Go for the Eyes","floor":18},{"not_picked":["Sweeping Beam","Conserve Battery"],"picked":"Cold Snap","floor":20},{"not_picked":["Gash","Reinforced Body"],"picked":"Core Surge","floor":24},{"not_picked":["Conserve Battery","Scrape","Compile Driver"],"picked":"SKIP","floor":25},{"not_picked":["Go for the Eyes","Redo","Leap"],"picked":"SKIP","floor":28}],"player_experience":755910,"relics_obtained":[{"floor":9,"key":"Mercury Hourglass"},{"floor":14,"key":"Bag of Marbles"},{"floor":24,"key":"Tiny Chest"},{"floor":26,"key":"Ornamental Fan"},{"floor":27,"key":"Darkstone Periapt"}],"event_choices":[{"cards_removed":["Strike_B"],"damage_healed":0,"gold_gain":0,"player_choice":"Card Removal","damage_taken":0,"max_hp_gain":0,"max_hp_loss":0,"event_name":"The Cleric","floor":2,"gold_loss":75},{"damage_healed":0,"gold_gain":0,"player_choice":"Upgraded","damage_taken":0,"max_hp_gain":0,"max_hp_loss":0,"event_name":"Upgrade Shrine","floor":3,"gold_loss":0,"cards_upgraded":["Dualcast"]},{"damage_healed":0,"gold_gain":75,"player_choice":"Gather Gold","damage_taken":11,"max_hp_gain":0,"max_hp_loss":0,"event_name":"World of Goop","floor":7,"gold_loss":0},{"damage_healed":0,"gold_gain":0,"player_choice":"Fight","damage_taken":0,"max_hp_gain":0,"max_hp_loss":0,"event_name":"Colosseum","floor":19,"gold_loss":0},{"damage_healed":0,"gold_gain":0,"player_choice":"Fled From Nobs","damage_taken":0,"max_hp_gain":0,"max_hp_loss":0,"event_name":"Colosseum","floor":19,"gold_loss":0},{"damage_healed":0,"gold_gain":0,"player_choice":"Traded Relic","damage_taken":0,"relics_obtained":["Nloth\u0027s Gift"],"max_hp_gain":0,"max_hp_loss":0,"event_name":"N\u0027loth","floor":21,"relics_lost":["Bag of Marbles"],"gold_loss":0}],"is_beta":false,"boss_relics":[{"not_picked":["Snecko Eye","Ectoplasm"],"picked":"Runic Pyramid"}],"items_purged_floors":[10,22],"is_endless":false,"potions_floor_spawned":[4,5,14,19,20,28],"killed_by":"Slavers","ascension_level":17}