{"gold_per_floor":[112,127,127,77,6,6,6,16,16,16,36,36,36,49,49,172,172,186,200,47,65,81,81,115,135,135,209,124,177,200,17,17,142,142,156,66,90,90,215,215,230,244,271,271,306,306,306,9,9,9],"floor_reached":50,"playtime":2269,"items_purged":["Strike_R","Strike_R","Defend_R"],"score":743,"play_id":"46e64b71-1268-4d3e-a177-c294fe4d5fe5","local_time":"20190125130939","is_ascension_mode":true,"campfire_choices":[{"data":"Body Slam","floor":6,"key":"SMITH"},{"data":"Armaments","floor":10,"key":"SMITH"},{"floor":15,"key":"REST"},{"data":"Shockwave","floor":23,"key":"SMITH"},{"floor":32,"key":"REST"},{"data":"Barricade","floor":40,"key":"SMITH"},{"floor":44,"key":"REST"},{"data":"Flame Barrier","floor":46,"key":"SMITH"},{"floor":49,"key":"REST"}],"neow_cost":"PERCENT_DAMAGE","seed_source_timestamp":95275846949600,"circlet_count":0,"master_deck":["Defend_R","Defend_R","Bash","Armaments+1","Metallicize","Cleave","Body Slam+1","Ghostly Armor","Metallicize+1","Barricade+1","Spot Weakness","Infernal Blade","Shockwave+1","Rage+1","Flame Barrier+1","True Grit","Metallicize","Iron Wave","Thunderclap+1","Pummel+1","Body Slam+1"],"relics":["Burning Blood","Red Skull","Thread and Needle","Golden Idol","Velvet Choker","Omamori","Bottled Tornado","Tiny Chest","PreservedInsect","Vajra","Black Star","Calipers","Regal Pillow","Boot","The Courier","Pear"],"potions_floor_usage":[24,37,38,39,45,50,50],"damage_taken":[{"damage":1,"enemies":"Cultist","floor":1,"turns":4},{"damage":7,"enemies":"Jaw Worm","floor":2,"turns":4},{"damage":8,"enemies":"2 Louse","floor":8,"turns":2},{"damage":0,"enemies":"Large Slime","floor":11,"turns":5},{"damage":0,"enemies":"2 Fungi Beasts","floor":14,"turns":3},{"damage":12,"enemies":"The Guardian","floor":16,"turns":14},{"damage":24,"enemies":"3 Byrds","floor":18,"turns":7},{"damage":8,"enemies":"Chosen","floor":19,"turns":5},{"damage":0,"enemies":"Snecko","floor":21,"turns":7},{"damage":27,"enemies":"Sentry and Sphere","floor":22,"turns":7},{"damage":35,"enemies":"Slavers","floor":24,"turns":9},{"damage":0,"enemies":"3 Cultists","floor":25,"turns":6},{"damage":2,"enemies":"Book of Stabbing","floor":27,"turns":8},{"damage":0,"enemies":"Cultist and Chosen","floor":30,"turns":8},{"damage":0,"enemies":"Collector","floor":33,"turns":10},{"damage":12,"enemies":"Orb Walker","floor":35,"turns":7},{"damage":47,"enemies":"3 Darklings","floor":37,"turns":6},{"damage":35,"enemies":"4 Shapes","floor":38,"turns":3},{"damage":0,"enemies":"Mind Bloom Boss Battle","floor":39,"turns":6},{"damage":5,"enemies":"Spire Growth","floor":41,"turns":4},{"damage":7,"enemies":"Maw","floor":42,"turns":8},{"damage":52,"enemies":"Reptomancer","floor":45,"turns":5},{"damage":98,"enemies":"Donu and Deca","floor":50,"turns":8}],"seed_played":"8222793745347386584","potions_obtained":[{"floor":2,"key":"GamblersBrew"},{"floor":11,"key":"FearPotion"},{"floor":16,"key":"SmokeBomb"},{"floor":27,"key":"Regen Potion"},{"floor":37,"key":"Regen Potion"},{"floor":42,"key":"Explosive Potion"},{"floor":45,"key":"Poison Potion"}],"is_trial":false,"path_per_floor":["M","M","?","?","$","R","?","M","T","R","M","?","?","M","R","B",null,"M","M","$","M","M","R","E","M","T","E","?","T","M","$","R","B",null,"M","?","M","M","?","R","M","M","T","R","E","R","?","$","R","B"],"character_chosen":"IRONCLAD","items_purchased":["Cleave","Body Slam","Shockwave","Metallicize","Iron Wave","Pear"],"campfire_rested":4,"item_purchase_floors":[5,5,20,31,31,48],"current_hp_per_floor":[72,71,64,64,64,64,57,55,55,55,61,37,37,43,71,65,88,70,68,68,74,53,53,24,30,30,34,34,34,40,40,68,74,91,85,85,53,24,45,45,46,45,45,88,42,42,42,52,98,0],"gold":9,"neow_bonus":"TWENTY_PERCENT_HP_BONUS","is_prod":false,"is_daily":false,"chose_seed":false,"campfire_upgraded":5,"win_rate":0,"timestamp":1548410979,"path_taken":["M","M","?","?","$","R","?","M","T","R","M","?","?","M","R","BOSS","M","M","$","M","M","R","E","M","T","E","?","?","M","$","R","BOSS","M","?","?","M","?","R","M","M","T","R","E","R","?","?","R","BOSS"],"build_version":"2019-01-23","purchased_purges":3,"victory":false,"max_hp_per_floor":[96,96,96,96,96,96,96,96,96,96,96,96,96,96,96,96,96,96,96,96,96,96,96,96,96,96,96,96,96,96,96,96,96,96,96,96,96,96,96,96,96,96,96,96,96,96,96,106,106,106],"card_choices":[{"not_picked":["Pommel Strike","Warcry"],"picked":"Armaments","floor":1},{"not_picked":["Clothesline","Warcry"],"picked":"Metallicize","floor":2},{"not_picked":["Second Wind","Anger"],"picked":"Ghostly Armor","floor":8},{"not_picked":["Havoc","Warcry","Headbutt"],"picked":"SKIP","floor":11},{"not_picked":["Anger","Hemokinesis"],"picked":"Metallicize","floor":14},{"not_picked":["Bludgeon","Feed"],"picked":"Barricade","floor":16},{"not_picked":["Thunderclap","Armaments"],"picked":"Spot Weakness","floor":18},{"not_picked":["Pummel","Second Wind"],"picked":"Infernal Blade","floor":19},{"not_picked":["Warcry","Ghostly Armor","Twin Strike"],"picked":"SKIP","floor":21},{"not_picked":["Sword Boomerang","Fire Breathing"],"picked":"Rage+1","floor":22},{"not_picked":["Hemokinesis","Sword Boomerang+1"],"picked":"Flame Barrier","floor":24},{"not_picked":["Offering","Inflame"],"picked":"True Grit","floor":25},{"not_picked":["Reaper","Armaments","Thunderclap"],"picked":"SKIP","floor":27},{"not_picked":["Spot Weakness","Flex","Wild Strike"],"picked":"SKIP","floor":30},{"not_picked":["Rupture","Clash"],"picked":"Thunderclap+1","floor":35},{"not_picked":["Rage+1","Shrug It Off"],"picked":"Pummel+1","floor":37},{"not_picked":["Flex+1","Thunderclap"],"picked":"Body Slam+1","floor":39},{"not_picked":["Fire Breathing+1","Warcry","Sword Boomerang"],"picked":"SKIP","floor":41},{"not_picked":["Warcry","Infernal Blade","Thunderclap+1"],"picked":"SKIP","floor":42},{"not_picked":["Heavy Blade","Sever Soul+1","Thunderclap"],"picked":"SKIP","floor":45}],"player_experience":160382,"relics_obtained":[{"floor":9,"key":"Thread and Needle"},{"floor":24,"key":"Omamori"},{"floor":26,"key":"Bottled Tornado"},{"floor":27,"key":"Tiny Chest"},{"floor":29,"key":"Vajra"},{"floor":39,"key":"Calipers"},{"floor":43,"key":"Regal Pillow"},{"floor":45,"key":"Boot"},{"floor":45,"key":"The Courier"}],"event_choices":[{"damage_healed":0,"gold_gain":0,"player_choice":"Success","damage_taken":7,"relics_obtained":["Red Skull"],"max_hp_gain":0,"max_hp_loss":0,"event_name":"Scrap Ooze","floor":3,"gold_loss":0},{"cards_removed":["Strike_R"],"damage_healed":0,"gold_gain":0,"player_choice":"Card Removal","damage_taken":0,"max_hp_gain":0,"max_hp_loss":0,"event_name":"The Cleric","floor":4,"gold_loss":50},{"cards_removed":["Strike_R"],"damage_healed":0,"gold_gain":0,"player_choice":"Card Removal","damage_taken":7,"max_hp_gain":0,"max_hp_loss":0,"event_name":"Golden Wing","floor":7,"gold_loss":0},{"damage_healed":0,"gold_gain":0,"player_choice":"Take Damage","damage_taken":24,"relics_obtained":["Golden Idol"],"max_hp_gain":0,"max_hp_loss":0,"event_name":"Golden Idol","floor":12,"gold_loss":0},{"damage_healed":0,"gold_gain":0,"player_choice":"Ignored","damage_taken":0,"max_hp_gain":0,"max_hp_loss":0,"event_name":"Shining Light","floor":13,"gold_loss":0},{"damage_healed":0,"gold_gain":0,"player_choice":"Obtained Relic","damage_taken":0,"relics_obtained":["PreservedInsect"],"max_hp_gain":0,"max_hp_loss":0,"event_name":"Addict","floor":28,"gold_loss":85},{"cards_removed":["Defend_R"],"damage_healed":0,"gold_gain":0,"player_choice":"Upgrade and Remove","damage_taken":0,"max_hp_gain":0,"max_hp_loss":0,"event_name":"Designer","floor":36,"gold_loss":90,"cards_upgraded":["Metallicize"]},{"damage_healed":0,"gold_gain":0,"player_choice":"Fight","damage_taken":0,"max_hp_gain":0,"max_hp_loss":0,"event_name":"MindBloom","floor":39,"gold_loss":0},{"cards_removed":["Strike_R"],"damage_healed":0,"gold_gain":0,"player_choice":"Removed Attack","damage_taken":0,"max_hp_gain":0,"max_hp_loss":0,"event_name":"Falling","floor":47,"gold_loss":0}],"is_beta":false,"boss_relics":[{"not_picked":["Mark of Pain","Fusion Hammer"],"picked":"Velvet Choker"},{"not_picked":["Tiny House","Sozu"],"picked":"Black Star"}],"items_purged_floors":[20,31,48],"is_endless":false,"potions_floor_spawned":[2,11,16,19,27,30,35,37,42,45],"killed_by":"Donu and Deca","ascension_level":6}