{"gold_per_floor":[117,127,127,141,141,141,141,141,141,185,197,23,36,46,46,141,141,160,260,117,117,27],"floor_reached":22,"playtime":1226,"items_purged":["Strike_G"],"score":338,"play_id":"5c58b6b3-98e0-476e-a5c1-e55c36feefd4","local_time":"20190609123224","is_ascension_mode":true,"campfire_choices":[{"data":"Crippling Poison","floor":6.0,"key":"SMITH"},{"data":"Sucker Punch","floor":8.0,"key":"SMITH"},{"data":"Noxious Fumes","floor":11.0,"key":"SMITH"},{"data":"Neutralize","floor":15.0,"key":"SMITH"}],"neow_cost":"NONE","seed_source_timestamp":0,"circlet_count":0,"master_deck":["Defend_G","Defend_G","Defend_G","Defend_G","Defend_G","Survivor","Neutralize+1","Crippling Poison+1","PiercingWail","Sucker Punch+1","Escape Plan","Noxious Fumes+1","Well Laid Plans","Escape Plan","Dodge and Roll","Acrobatics","Doppelganger","Deflect+1","Skewer+1","Bite","Bite","Bite","Bite","Bite"],"special_seed":0,"relics":["Ring of the Snake","FaceOfCleric","MawBank","Gremlin Horn","Sozu","Gambling Chip","Toxic Egg 2","Bronze Scales"],"potions_floor_usage":[19],"damage_taken":[{"damage":0.0,"enemies":"Small Slimes","floor":1.0,"turns":5.0},{"damage":4.0,"enemies":"Cultist","floor":2.0,"turns":5.0},{"damage":1.0,"enemies":"2 Louse","floor":4.0,"turns":4.0},{"damage":29.0,"enemies":"Lagavulin","floor":10.0,"turns":12.0},{"damage":0.0,"enemies":"Red Slaver","floor":13.0,"turns":4.0},{"damage":6.0,"enemies":"Blue Slaver","floor":14.0,"turns":4.0},{"damage":0.0,"enemies":"The Guardian","floor":16.0,"turns":10.0},{"damage":0,"enemies":"Spheric Guardian","floor":18,"turns":5},{"damage":10,"enemies":"Colosseum Slavers","floor":19,"turns":5},{"damage":56,"enemies":"Colosseum Nobs","floor":19,"turns":7},{"damage":18,"enemies":"2 Thieves","floor":22,"turns":3}],"seed_played":"1783215705540322184","potions_obtained":[{"floor":1.0,"key":"PowerPotion"},{"floor":2.0,"key":"Block Potion"},{"floor":14.0,"key":"Poison Potion"}],"is_trial":false,"path_per_floor":["M","M","?","M","?","R","?","R","T","E","R","$","M","M","R","B",null,"M","?","$","?","M"],"character_chosen":"THE_SILENT","items_purchased":["Well Laid Plans","Escape Plan","Bronze Scales"],"campfire_rested":0,"item_purchase_floors":[12,12,20],"current_hp_per_floor":[70,66,66,65,58,58,58,58,58,30,30,30,31,26,26,27,68,69,5,5,5,0],"gold":27,"neow_bonus":"TEN_PERCENT_HP_BONUS","is_prod":false,"is_daily":false,"chose_seed":false,"campfire_upgraded":4,"win_rate":0,"timestamp":1560063744,"path_taken":["M","M","?","?","?","R","?","R","T","E","R","$","M","?","R","BOSS","M","?","$","?","M"],"build_version":"2019-01-23","purchased_purges":1,"victory":false,"max_hp_per_floor":[77,77,77,77,77,77,77,77,77,78,78,78,79,80,80,81,81,82,84,84,58,58],"card_choices":[{"not_picked":["Dodge and Roll","Outmaneuver"],"picked":"Crippling Poison","floor":1.0},{"not_picked":["Acrobatics","Flying Knee"],"picked":"PiercingWail","floor":2.0},{"not_picked":["Dodge and Roll","Riddle With Holes"],"picked":"Escape Plan","floor":4.0},{"not_picked":["Blur","Glass Knife"],"picked":"Noxious Fumes","floor":10.0},{"not_picked":["Noxious Fumes","Calculated Gamble"],"picked":"Dodge and Roll","floor":13.0},{"not_picked":["Noxious Fumes","Blade Dance"],"picked":"Acrobatics","floor":14.0},{"not_picked":["Bullet Time","Glass Knife"],"picked":"Doppelganger","floor":16.0},{"not_picked":["Prepared","Bane"],"picked":"Deflect+1","floor":18},{"not_picked":["Dodge and Roll","Well Laid Plans"],"picked":"Skewer+1","floor":19}],"player_experience":271806,"relics_obtained":[{"floor":9.0,"key":"MawBank"},{"floor":10.0,"key":"Gremlin Horn"},{"floor":19,"key":"Gambling Chip"},{"floor":19,"key":"Toxic Egg 2"}],"event_choices":[{"damage_healed":0.0,"max_hp_gain":0.0,"max_hp_loss":0.0,"gold_gain":0.0,"event_name":"Match and Keep!","player_choice":"1 cards matched","floor":3.0,"gold_loss":0.0,"damage_taken":0.0,"cards_obtained":["Sucker Punch"]},{"cards_removed":["Strike_G"],"damage_healed":0.0,"max_hp_gain":0.0,"max_hp_loss":0.0,"gold_gain":0.0,"event_name":"Golden Wing","player_choice":"Card Removal","floor":5.0,"gold_loss":0.0,"damage_taken":7.0},{"damage_healed":0.0,"max_hp_gain":0.0,"max_hp_loss":0.0,"gold_gain":0.0,"event_name":"FaceTrader","player_choice":"Trade","floor":7.0,"gold_loss":0.0,"damage_taken":0.0,"relics_obtained":["FaceOfCleric"]},{"damage_healed":0,"gold_gain":0,"player_choice":"Fight","damage_taken":0,"max_hp_gain":0,"max_hp_loss":0,"event_name":"Colosseum","floor":19,"gold_loss":0},{"damage_healed":0,"gold_gain":0,"player_choice":"Fought Nobs","damage_taken":0,"max_hp_gain":0,"max_hp_loss":0,"event_name":"Colosseum","floor":19,"gold_loss":0},{"damage_healed":0,"gold_gain":0,"player_choice":"Became a vampire","damage_taken":0,"max_hp_gain":0,"max_hp_loss":26,"event_name":"Vampires","floor":21,"gold_loss":0,"cards_obtained":["Bite","Bite","Bite","Bite","Bite"]}],"is_beta":false,"boss_relics":[{"not_picked":["Lizard Tail","Coffee Dripper"],"picked":"Sozu"}],"items_purged_floors":[12],"is_endless":false,"potions_floor_spawned":[1,2,14,18],"killed_by":"2 Thieves","ascension_level":7}