{"gold_per_floor":[116,128,26,46,11,43,43,73,99,99,118,135,135,135,135,231,231,244,244,118,43,114,139,139,153,153,169,169,201,300,313,313,411,411,421,439,539,553,571,571,597,597,648,694,729,745,326,81,81,81,81,81,45,77,77],"floor_reached":56,"playtime":4430,"items_purged":["Strike_R","Strike_R"],"score":1649,"play_id":"014eb85a-bf52-4c97-84c7-469dcfc029a2","local_time":"20190609151639","is_ascension_mode":true,"campfire_choices":[{"data":"Bash","floor":7,"key":"SMITH"},{"data":"Rampage","floor":10,"key":"SMITH"},{"data":"Disarm","floor":15,"key":"SMITH"},{"floor":24,"key":"REST"},{"data":"Uppercut","floor":28,"key":"SMITH"},{"data":"Shockwave","floor":32,"key":"SMITH"},{"data":"Inflame","floor":40,"key":"SMITH"},{"floor":42,"key":"RECALL"},{"data":"Shrug It Off","floor":49,"key":"SMITH"},{"data":"Impervious","floor":52,"key":"SMITH"}],"neow_cost":"NONE","seed_source_timestamp":45964131838200,"circlet_count":0,"master_deck":["Strike_R+1","Defend_R","Defend_R","Defend_R","Defend_R","Bash+1","Havoc","Disarm+1","Shockwave+1","Combust","Pommel Strike+1","Anger","Rampage+1","Shrug It Off","Metallicize","Impervious+1","Dropkick","Inflame+1","Feed","Uppercut+1","Clothesline+1","Burning Pact","Immolate","Thunderclap+1","Shrug It Off+1","Offering","True Grit+1","Entrench+1","Clumsy","Seeing Red","Seeing Red+1","Shrug It Off+1","Feel No Pain","Spot Weakness","Anger+1"],"relics":["Burning Blood","Smiling Mask","Whetstone","Anchor","Runic Pyramid","Enchiridion","Gremlin Horn","Mummified Hand","Ornamental Fan","Pear","Cursed Key","Bird Faced Urn","Centennial Puzzle","Incense Burner","Bag of Preparation","Potion Belt","Toy Ornithopter","Membership Card","Du-Vu Doll"],"potions_floor_usage":[8,33,45,45,45,50,50,54,55,55,55,55],"damage_taken":[{"damage":1,"enemies":"Cultist","floor":1,"turns":4},{"damage":13,"enemies":"Small Slimes","floor":2,"turns":6},{"damage":9,"enemies":"Jaw Worm","floor":4,"turns":4},{"damage":22,"enemies":"Gremlin Nob","floor":6,"turns":4},{"damage":25,"enemies":"Lagavulin","floor":8,"turns":6},{"damage":4,"enemies":"2 Fungi Beasts","floor":11,"turns":4},{"damage":15,"enemies":"3 Louse","floor":12,"turns":3},{"damage":38,"enemies":"The Guardian","floor":16,"turns":15},{"damage":14,"enemies":"Shell Parasite","floor":18,"turns":7},{"damage":30,"enemies":"Slavers","floor":23,"turns":8},{"damage":2,"enemies":"Chosen","floor":25,"turns":4},{"damage":15,"enemies":"Centurion and Healer","floor":27,"turns":4},{"damage":4,"enemies":"Book of Stabbing","floor":29,"turns":5},{"damage":12,"enemies":"3 Cultists","floor":31,"turns":5},{"damage":44,"enemies":"Collector","floor":33,"turns":9},{"damage":5,"enemies":"Orb Walker","floor":35,"turns":3},{"damage":0,"enemies":"3 Darklings","floor":36,"turns":3},{"damage":8,"enemies":"Mind Bloom Boss Battle","floor":37,"turns":9},{"damage":16,"enemies":"Maw","floor":38,"turns":7},{"damage":13,"enemies":"Transient","floor":39,"turns":5},{"damage":25,"enemies":"Nemesis","floor":41,"turns":9},{"damage":6,"enemies":"2 Orb Walkers","floor":44,"turns":4},{"damage":44,"enemies":"Giant Head","floor":45,"turns":10},{"damage":1,"enemies":"Jaw Worm Horde","floor":46,"turns":2},{"damage":47,"enemies":"Awakened One","floor":50,"turns":19},{"damage":31,"enemies":"Shield and Spear","floor":54,"turns":8},{"damage":28,"enemies":"The Heart","floor":55,"turns":11}],"seed_played":"6324376269503957638","potions_obtained":[{"floor":4,"key":"SpeedPotion"},{"floor":23,"key":"EssenceOfSteel"},{"floor":31,"key":"Swift Potion"},{"floor":33,"key":"AttackPotion"},{"floor":35,"key":"SteroidPotion"},{"floor":45,"key":"EntropicBrew"},{"floor":54,"key":"Poison Potion"}],"is_trial":false,"path_per_floor":["M","M","$","M","?","E","R","E","T","R","M","M","$","?","R","B",null,"M","?","$","?","T","E","R","M","T","M","R","E","?","M","R","B",null,"M","M","?","M","M","R","E","R","T","?","E","M","$","$","R","B",null,"R","$","E","B",null],"character_chosen":"IRONCLAD","items_purchased":["Combust","Pommel Strike","Inflame","Shrug It Off","Potion Belt","Toy Ornithopter","Membership Card","Feel No Pain","Spot Weakness"],"campfire_rested":1,"item_purchase_floors":[3,3,20,47,47,47,48,48,53],"current_hp_per_floor":[77,70,70,67,80,64,64,45,45,45,47,38,38,43,43,11,67,59,43,43,43,43,19,44,51,51,45,45,60,60,57,57,19,85,89,98,99,100,101,101,93,93,93,100,70,79,79,79,79,55,110,110,110,103,111],"gold":77,"neow_bonus":"TRANSFORM_CARD","is_prod":false,"is_daily":false,"chose_seed":false,"campfire_upgraded":8,"win_rate":0,"timestamp":1560073599,"path_taken":["M","M","?","M","?","E","R","E","T","R","M","M","?","?","R","BOSS","M","?","$","?","?","E","R","M","T","M","R","E","?","M","R","BOSS","M","M","?","M","M","R","E","R","T","?","E","?","?","$","R","BOSS","R","$","E","BOSS"],"build_version":"2019-01-23","purchased_purges":2,"victory":true,"max_hp_per_floor":[80,80,80,80,80,80,80,80,80,80,80,80,80,85,85,85,85,85,85,85,85,85,85,85,88,88,91,91,104,104,107,107,107,107,110,113,116,119,119,119,122,122,122,125,125,125,125,125,125,128,128,128,128,131,131],"card_choices":[{"not_picked":["Perfected Strike","Rampage"],"picked":"Disarm","floor":1},{"not_picked":["Flex","Spot Weakness"],"picked":"Shockwave","floor":2},{"not_picked":["Wild Strike","Rage"],"picked":"Anger","floor":4},{"not_picked":["Bludgeon","Sword Boomerang"],"picked":"Rampage","floor":6},{"not_picked":["Entrench","Pommel Strike","Havoc"],"picked":"SKIP","floor":8},{"not_picked":["Sword Boomerang","Inflame"],"picked":"Shrug It Off","floor":11},{"not_picked":["Wild Strike","Sentinel"],"picked":"Metallicize","floor":12},{"not_picked":["Limit Break","Dark Embrace"],"picked":"Impervious","floor":16},{"not_picked":["Wild Strike","Twin Strike"],"picked":"Dropkick","floor":18},{"not_picked":["Carnage+1","True Grit"],"picked":"Feed","floor":23},{"not_picked":["Body Slam+1","Havoc"],"picked":"Uppercut","floor":25},{"not_picked":["Iron Wave","Berserk"],"picked":"Clothesline+1","floor":27},{"not_picked":["Power Through","Metallicize"],"picked":"Burning Pact","floor":29},{"not_picked":["Anger","Body Slam","Havoc"],"picked":"SKIP","floor":31},{"not_picked":["Exhume","Impervious"],"picked":"Immolate","floor":33},{"not_picked":["Warcry","Perfected Strike"],"picked":"Thunderclap+1","floor":35},{"not_picked":["Searing Blow","Body Slam"],"picked":"Shrug It Off+1","floor":36},{"not_picked":["Perfected Strike","Sever Soul"],"picked":"Offering","floor":37},{"not_picked":["Reckless Charge","Wild Strike+1","Cleave+1"],"picked":"SKIP","floor":38},{"not_picked":["Intimidate","Pommel Strike+1"],"picked":"True Grit+1","floor":39},{"not_picked":["True Grit+1","Dark Embrace"],"picked":"Entrench+1","floor":41},{"not_picked":["Thunderclap","Hemokinesis+1"],"picked":"Seeing Red","floor":45},{"not_picked":["Sword Boomerang+1","Infernal Blade+1"],"picked":"Seeing Red+1","floor":46},{"not_picked":["Whirlwind+1","Heavy Blade+1"],"picked":"Anger+1","floor":54}],"player_experience":277775,"relics_obtained":[{"floor":6,"key":"Smiling Mask"},{"floor":8,"key":"Whetstone"},{"floor":9,"key":"Anchor"},{"floor":19,"key":"Enchiridion"},{"floor":22,"key":"Gremlin Horn"},{"floor":23,"key":"Mummified Hand"},{"floor":26,"key":"Ornamental Fan"},{"floor":29,"key":"Pear"},{"floor":37,"key":"Bird Faced Urn"},{"floor":41,"key":"Centennial Puzzle"},{"floor":44,"key":"Incense Burner"},{"floor":45,"key":"Bag of Preparation"},{"floor":54,"key":"Du-Vu Doll"}],"event_choices":[{"damage_healed":20,"gold_gain":0,"player_choice":"Healed","damage_taken":0,"max_hp_gain":0,"max_hp_loss":0,"event_name":"The Cleric","floor":5,"gold_loss":35},{"damage_healed":0,"gold_gain":0,"player_choice":"Donut","damage_taken":0,"max_hp_gain":5,"max_hp_loss":0,"event_name":"Big Fish","floor":14,"gold_loss":0},{"damage_healed":0,"gold_gain":0,"player_choice":"Obtained Book","damage_taken":16,"max_hp_gain":0,"max_hp_loss":0,"event_name":"Cursed Tome","floor":19,"gold_loss":0},{"cards_removed":["Strike_R"],"damage_healed":0,"gold_gain":0,"player_choice":"Gave Gold","damage_taken":0,"max_hp_gain":0,"max_hp_loss":0,"event_name":"Beggar","floor":21,"gold_loss":75},{"damage_healed":0,"gold_gain":99,"player_choice":"Stole From Cult","damage_taken":0,"max_hp_gain":0,"max_hp_loss":0,"event_name":"Nest","floor":30,"gold_loss":0},{"damage_healed":0,"gold_gain":0,"player_choice":"Fight","damage_taken":0,"max_hp_gain":0,"max_hp_loss":0,"event_name":"MindBloom","floor":37,"gold_loss":0},{"damage_healed":0,"gold_gain":0,"player_choice":"Fight","damage_taken":0,"max_hp_gain":0,"max_hp_loss":0,"event_name":"Mysterious Sphere","floor":44,"gold_loss":0}],"is_beta":false,"boss_relics":[{"not_picked":["Lizard Tail","Calling Bell"],"picked":"Runic Pyramid"},{"not_picked":["Empty Cage","Fusion Hammer"],"picked":"Cursed Key"}],"items_purged_floors":[20,47],"is_endless":false,"potions_floor_spawned":[4,23,31,33,35,39,41,45,54],"ascension_level":8}