{"gold_per_floor":[119,130,130,55,75,75,104,104,129,129,186,186,202,217,217,321,321,338,349,349,359,359],"floor_reached":22,"playtime":1284,"items_purged":[],"score":251,"play_id":"11130883-0d56-4087-ab83-7f8838495103","local_time":"20190603210623","is_ascension_mode":true,"campfire_choices":[{"data":"After Image","floor":6,"key":"SMITH"},{"data":"Leg Sweep","floor":8,"key":"SMITH"},{"data":"Crippling Poison","floor":10,"key":"SMITH"},{"floor":15,"key":"REST"}],"neow_cost":"NONE","seed_source_timestamp":14038189797500,"circlet_count":0,"master_deck":["Defend_G","Defend_G","Defend_G","Defend_G","Defend_G","Strike_G","Strike_G+1","Strike_G","Strike_G","Strike_G+1","Survivor","Neutralize+1","Dagger Spray","Crippling Poison+1","After Image+1","Escape Plan","Leg Sweep+1","Backflip","Unload","Blade Dance","Caltrops","Malaise","PiercingWail","Blade Dance+1","Deep Breath","Slice"],"relics":["Ring of the Snake","Orichalcum","Omamori","Regal Pillow","Runic Pyramid"],"potions_floor_usage":[7,14,16],"damage_taken":[{"damage":1,"enemies":"Small Slimes","floor":1,"turns":5},{"damage":2,"enemies":"Cultist","floor":2,"turns":4},{"damage":0,"enemies":"2 Louse","floor":5,"turns":2},{"damage":20,"enemies":"Gremlin Nob","floor":7,"turns":4},{"damage":25,"enemies":"Lagavulin Event","floor":11,"turns":8},{"damage":0,"enemies":"Lots of Slimes","floor":13,"turns":1},{"damage":0,"enemies":"Looter","floor":14,"turns":4},{"damage":10,"enemies":"The Guardian","floor":16,"turns":14},{"damage":11,"enemies":"3 Byrds","floor":18,"turns":4},{"damage":10,"enemies":"Shell Parasite","floor":19,"turns":6},{"damage":18,"enemies":"3 Cultists","floor":21,"turns":6}],"seed_played":"6915785402961415979","potions_obtained":[{"floor":5,"key":"AttackPotion"},{"floor":11,"key":"LiquidBronze"},{"floor":14,"key":"Fruit Juice"},{"floor":16,"key":"PowerPotion"}],"is_trial":false,"path_per_floor":["M","M","?","$","M","R","E","R","T","R","?","?","M","M","R","B",null,"M","M","?","M","?"],"character_chosen":"THE_SILENT","items_purchased":["After Image"],"campfire_rested":1,"item_purchase_floors":[4],"current_hp_per_floor":[62,60,46,46,46,46,26,26,26,26,1,1,1,6,43,33,65,54,44,30,12,12],"gold":359,"neow_bonus":"UPGRADE_CARD","is_prod":false,"is_daily":false,"chose_seed":false,"campfire_upgraded":3,"win_rate":0,"timestamp":1559576183,"path_taken":["M","M","?","$","M","R","E","R","T","R","?","?","?","M","R","BOSS","M","M","?","?","?"],"build_version":"2019-01-23","purchased_purges":0,"victory":false,"max_hp_per_floor":[70,70,70,70,70,70,70,70,70,70,70,70,70,75,75,75,75,75,75,75,75,75],"card_choices":[{"not_picked":["Slice","Poisoned Stab"],"picked":"Dagger Spray","floor":1},{"not_picked":["Acrobatics","Dagger Throw"],"picked":"Crippling Poison","floor":2},{"not_picked":["Dagger Throw","Prepared"],"picked":"Escape Plan","floor":5},{"not_picked":["Skewer","Accuracy"],"picked":"Leg Sweep","floor":7},{"not_picked":["Blur","Poisoned Stab"],"picked":"Backflip","floor":11},{"not_picked":["Deadly Poison","Poisoned Stab"],"picked":"Blade Dance","floor":13},{"not_picked":["Prepared","Outmaneuver"],"picked":"Caltrops","floor":14},{"not_picked":["Glass Knife","Wraith Form v2"],"picked":"Malaise","floor":16},{"not_picked":["Masterful Stab","Acrobatics"],"picked":"PiercingWail","floor":18},{"not_picked":["Backflip","Slice+1"],"picked":"Blade Dance+1","floor":19},{"not_picked":["Dash","Acrobatics"],"picked":"Slice","floor":21}],"player_experience":258150,"relics_obtained":[{"floor":7,"key":"Orichalcum"},{"floor":9,"key":"Omamori"},{"floor":11,"key":"Regal Pillow"}],"event_choices":[{"damage_healed":0,"gold_gain":0,"player_choice":"Entered Light","damage_taken":14,"max_hp_gain":0,"max_hp_loss":0,"event_name":"Shining Light","floor":3,"gold_loss":0,"cards_upgraded":["Strike_G","Strike_G"]},{"damage_healed":0,"gold_gain":0,"player_choice":"Searched \u00271\u0027 times","damage_taken":0,"max_hp_gain":0,"max_hp_loss":0,"event_name":"Dead Adventurer","floor":11,"gold_loss":0},{"damage_healed":0,"gold_gain":0,"player_choice":"2 cards matched","damage_taken":0,"max_hp_gain":0,"max_hp_loss":0,"event_name":"Match and Keep!","floor":12,"gold_loss":0,"cards_obtained":["Clumsy","Unload"]},{"damage_healed":0,"gold_gain":0,"player_choice":"CARD ","damage_taken":14,"max_hp_gain":0,"max_hp_loss":0,"event_name":"Knowing Skull","floor":20,"potions_obtained":[],"gold_loss":0,"cards_obtained":["Deep Breath"]}],"is_beta":false,"boss_relics":[{"not_picked":["Velvet Choker","Orrery"],"picked":"Runic Pyramid"}],"items_purged_floors":[],"is_endless":false,"potions_floor_spawned":[5,11,14,16],"ascension_level":7}