{"gold_per_floor":[118,137,151,164,38,38,64,64,113,143,211,221,221,231,231,307,307,325,81,31,42,53,53,53],"floor_reached":24,"playtime":965,"items_purged":["Strike_R"],"score":416,"play_id":"950b56a1-472d-4988-9af4-a23de246d83c","local_time":"20190927213123","is_ascension_mode":true,"campfire_choices":[{"data":"Armaments","floor":6,"key":"SMITH"},{"data":"Uppercut","floor":8,"key":"SMITH"},{"data":"Disarm","floor":13,"key":"SMITH"},{"data":"Disarm","floor":15,"key":"SMITH"},{"floor":23,"key":"REST"}],"neow_cost":"TEN_PERCENT_HP_LOSS","seed_source_timestamp":940118940364200,"circlet_count":0,"master_deck":["AscendersBane","Strike_R","Strike_R","Strike_R","Strike_R","Defend_R","Defend_R","Defend_R","Defend_R","Bash","Secret Weapon","Clothesline","Armaments+1","Disarm+1","Uppercut+1","Disarm+1","Feel No Pain","Barricade","Spot Weakness"],"relics":["Burning Blood","Eternal Feather","Orichalcum","Blood Vial","Runic Dome"],"potions_floor_usage":[14,22],"damage_taken":[{"damage":9,"enemies":"Jaw Worm","floor":1,"turns":5},{"damage":7,"enemies":"2 Louse","floor":2,"turns":4},{"damage":4,"enemies":"Cultist","floor":3,"turns":4},{"damage":14,"enemies":"3 Louse","floor":4,"turns":6},{"damage":48,"enemies":"Gremlin Nob","floor":7,"turns":6},{"damage":18,"enemies":"Lagavulin","floor":10,"turns":8},{"damage":8,"enemies":"Looter","floor":12,"turns":4},{"damage":0,"enemies":"Gremlin Gang","floor":14,"turns":7},{"damage":32,"enemies":"The Guardian","floor":16,"turns":18},{"damage":2,"enemies":"Chosen","floor":18,"turns":6},{"damage":11,"enemies":"Shell Parasite","floor":21,"turns":7},{"damage":42,"enemies":"3 Cultists","floor":22,"turns":8},{"damage":14,"enemies":"Gremlin Leader","floor":24,"turns":3}],"seed_played":"3516847618372100000","potions_obtained":[{"floor":4,"key":"GamblersBrew"},{"floor":7,"key":"Weak Potion"},{"floor":12,"key":"Block Potion"},{"floor":18,"key":"AttackPotion"}],"is_trial":false,"path_per_floor":["M","M","M","M","$","R","E","R","T","E","?","M","R","M","R","B",null,"M","$","?","M","M","R","E"],"character_chosen":"IRONCLAD","items_purchased":["Disarm","Uppercut","Barricade"],"campfire_rested":1,"item_purchase_floors":[5,5,19],"current_hp_per_floor":[65,64,66,58,58,58,16,25,25,13,13,13,22,30,39,15,55,61,61,61,58,24,53,41],"gold":53,"neow_bonus":"RANDOM_COLORLESS_2","is_prod":false,"is_daily":false,"chose_seed":false,"campfire_upgraded":4,"win_rate":0,"timestamp":1569645083,"path_taken":["M","M","M","M","$","R","E","R","T","E","?","M","R","M","R","BOSS","M","$","?","M","?","R","E"],"build_version":"2019-09-27","purchased_purges":1,"victory":false,"max_hp_per_floor":[68,68,68,68,68,68,68,68,68,68,68,68,68,68,68,68,68,68,68,68,68,68,68,68],"card_choices":[{"not_picked":["Transmutation","Sadistic Nature"],"picked":"Secret Weapon","floor":0},{"not_picked":["Pommel Strike","Body Slam","Warcry"],"picked":"SKIP","floor":1},{"not_picked":["Armaments","Pummel"],"picked":"Clothesline","floor":2},{"not_picked":["Twin Strike","Warcry","Pommel Strike"],"picked":"SKIP","floor":3},{"not_picked":["Perfected Strike","Flex"],"picked":"Armaments","floor":4},{"not_picked":["Sentinel","Inflame","Iron Wave"],"picked":"SKIP","floor":7},{"not_picked":["Rage","Thunderclap","Brutality"],"picked":"SKIP","floor":10},{"not_picked":["Uppercut","Iron Wave"],"picked":"Disarm","floor":12},{"not_picked":["Perfected Strike","Twin Strike","Cleave"],"picked":"SKIP","floor":14},{"not_picked":["Clothesline","Ghostly Armor"],"picked":"Feel No Pain","floor":18},{"not_picked":["Dual Wield","Rage","Iron Wave+1"],"picked":"SKIP","floor":21},{"not_picked":["Evolve","Wild Strike"],"picked":"Spot Weakness","floor":22}],"player_experience":1080497,"relics_obtained":[{"floor":7,"key":"Eternal Feather"},{"floor":9,"key":"Orichalcum"},{"floor":10,"key":"Blood Vial"}],"event_choices":[{"damage_healed":0,"gold_gain":68,"player_choice":"Gained Gold","damage_taken":0,"max_hp_gain":0,"max_hp_loss":0,"event_name":"Golden Wing","floor":11,"gold_loss":0},{"damage_healed":0,"gold_gain":0,"player_choice":"Bet on Murderer","damage_taken":0,"max_hp_gain":0,"max_hp_loss":0,"event_name":"The Joust","floor":20,"gold_loss":50}],"is_beta":true,"boss_relics":[{"not_picked":["Tiny House","Black Star"],"picked":"Runic Dome"}],"items_purged_floors":[19],"is_endless":false,"potions_floor_spawned":[4,7,12,18],"killed_by":"Gremlin Leader","ascension_level":20}