{"gold_per_floor":[111,286,301,7,27,62,79,79,79,79,99,113,143,155,155,257,257,269,269,16,30,30,30,42,42,66,66,82,82,92,105,105,209,209,225,325,341,341,70,70,87,13,13,0,0,15,15,30,30,30],"floor_reached":51,"playtime":3937,"items_purged":["Doubt","Survivor"],"score":601,"play_id":"e6845ea6-d2f1-4760-ae38-451b7db6d62a","local_time":"20190923232156","is_ascension_mode":false,"campfire_choices":[{"floor":8,"key":"REST"},{"data":"Infinite Blades","floor":10,"key":"SMITH"},{"floor":15,"key":"REST"},{"floor":23,"key":"REST"},{"data":"A Thousand Cuts","floor":27,"key":"SMITH"},{"data":"Night Terror","floor":29,"key":"SMITH"},{"data":"Leg Sweep","floor":32,"key":"SMITH"},{"data":"Blade Dance","floor":40,"key":"SMITH"},{"floor":45,"key":"REST"},{"floor":47,"key":"REST"},{"data":"Malaise","floor":49,"key":"SMITH"}],"neow_cost":"NONE","seed_source_timestamp":977697859577400,"circlet_count":0,"master_deck":["Strike_G+1","Strike_G+1","Strike_G+1","Strike_G+1","Defend_G+1","Defend_G+1","Defend_G+1","Defend_G+1","Neutralize","Night Terror+1","Leg Sweep+1","Infinite Blades+1","Panache","Outmaneuver","Heel Hook","Finisher","Underhanded Strike","Backflip","Choke","A Thousand Cuts+1","Dash","Choke","Prepared+1","Dagger Spray+1","All Out Attack+1","Malaise+1","Dodge and Roll+1","Blade Dance+1"],"relics":["Ring of the Snake","Omamori","Mercury Hourglass","HoveringKite","Kunai","Ice Cream","Vajra","WristBlade","The Specimen","Strawberry","Darkstone Periapt","Red Mask"],"potions_floor_usage":[12,14,16,24,30,41,41,46,48,48,50],"damage_taken":[{"damage":0,"enemies":"Jaw Worm","floor":1,"turns":4},{"damage":0,"enemies":"Small Slimes","floor":3,"turns":6},{"damage":0,"enemies":"2 Louse","floor":5,"turns":5},{"damage":33,"enemies":"3 Sentries","floor":6,"turns":9},{"damage":0,"enemies":"Red Slaver","floor":7,"turns":4},{"damage":0,"enemies":"3 Louse","floor":11,"turns":3},{"damage":15,"enemies":"Large Slime","floor":12,"turns":5},{"damage":0,"enemies":"Exordium Wildlife","floor":14,"turns":3},{"damage":40,"enemies":"The Guardian","floor":16,"turns":10},{"damage":22,"enemies":"2 Thieves","floor":18,"turns":5},{"damage":0,"enemies":"Chosen","floor":21,"turns":3},{"damage":0,"enemies":"Snake Plant","floor":24,"turns":2},{"damage":1,"enemies":"Centurion and Healer","floor":28,"turns":5},{"damage":0,"enemies":"Cultist and Chosen","floor":30,"turns":3},{"damage":3,"enemies":"Snake Plant","floor":31,"turns":4},{"damage":29,"enemies":"Collector","floor":33,"turns":8},{"damage":8,"enemies":"3 Darklings","floor":35,"turns":4},{"damage":14,"enemies":"Mind Bloom Boss Battle","floor":36,"turns":6},{"damage":0,"enemies":"Orb Walker","floor":37,"turns":3},{"damage":30,"enemies":"Transient","floor":41,"turns":5},{"damage":16,"enemies":"Spire Growth","floor":46,"turns":4},{"damage":1,"enemies":"3 Darklings","floor":48,"turns":3},{"damage":44,"enemies":"Time Eater","floor":50,"turns":14}],"seed_played":"2737423693349217922","potions_obtained":[{"floor":1,"key":"FearPotion"},{"floor":7,"key":"LiquidBronze"},{"floor":11,"key":"Explosive Potion"},{"floor":12,"key":"Regen Potion"},{"floor":21,"key":"AttackPotion"},{"floor":28,"key":"AttackPotion"},{"floor":31,"key":"GhostInAJar"},{"floor":41,"key":"Fire Potion"},{"floor":46,"key":"PowerPotion"},{"floor":48,"key":"Weak Potion"}],"is_trial":false,"path_per_floor":["M","?","M","$","M","E","M","R","T","R","M","M","?","M","R","B",null,"M","?","$","M","?","R","M","?","T","R","M","R","M","M","R","B",null,"M","?","M","?","$","R","M","$","T","?","R","M","R","M","R","B",null],"character_chosen":"THE_SILENT","items_purchased":["Panache","Outmaneuver","Kunai","Blade Dance","Strawberry","GhostInAJar"],"campfire_rested":5,"item_purchase_floors":[4,4,20,39,39,42],"current_hp_per_floor":[70,70,70,70,70,37,37,58,58,58,58,43,43,43,64,24,70,48,48,48,48,48,69,69,69,69,69,68,68,68,65,65,36,70,62,48,48,48,55,55,40,40,40,40,63,47,70,69,69,25],"gold":30,"neow_bonus":"ONE_RANDOM_RARE_CARD","is_prod":false,"is_daily":false,"chose_seed":false,"campfire_upgraded":6,"win_rate":0.0,"timestamp":1569295316,"path_taken":["M","?","M","$","M","E","M","R","T","R","M","M","?","?","R","BOSS","M","?","$","M","?","R","M","?","T","R","M","R","M","?","R","BOSS","M","?","M","?","$","R","M","$","T","?","R","?","R","M","R","BOSS"],"build_version":"2019-07-17","purchased_purges":2,"victory":true,"max_hp_per_floor":[70,70,70,70,70,70,70,70,70,70,70,70,70,70,70,70,70,70,70,70,70,70,70,70,70,70,70,70,70,70,70,70,70,70,70,70,70,70,77,77,77,77,77,77,77,77,77,77,77,77],"card_choices":[{"not_picked":["Skewer","Slice"],"picked":"Leg Sweep","floor":1},{"not_picked":["Backflip","Quick Slash"],"picked":"Infinite Blades","floor":3},{"not_picked":["Deadly Poison","Masterful Stab"],"picked":"Heel Hook","floor":5},{"not_picked":["Caltrops","Catalyst"],"picked":"Acrobatics","floor":6},{"not_picked":["Noxious Fumes","Sucker Punch"],"picked":"Finisher","floor":7},{"not_picked":["Calculated Gamble","Dagger Throw"],"picked":"Underhanded Strike","floor":11},{"not_picked":["Deadly Poison","Catalyst"],"picked":"Backflip","floor":12},{"not_picked":["Noxious Fumes","Backflip"],"picked":"Choke","floor":14},{"not_picked":["Burst","Night Terror"],"picked":"A Thousand Cuts","floor":16},{"not_picked":["Poisoned Stab","Sucker Punch","Flying Knee"],"picked":"SKIP","floor":18},{"not_picked":["Deflect","Quick Slash+1"],"picked":"Prepared+1","floor":21},{"not_picked":["Deflect","Infinite Blades","Catalyst+1"],"picked":"SKIP","floor":24},{"not_picked":["Endless Agony","Flying Knee+1"],"picked":"PiercingWail","floor":28},{"not_picked":["Backstab","Acrobatics"],"picked":"Dagger Spray+1","floor":30},{"not_picked":["Distraction","Blade Dance"],"picked":"All Out Attack+1","floor":31},{"not_picked":["Burst","Bullet Time"],"picked":"Malaise","floor":33},{"not_picked":["Dagger Throw","PiercingWail"],"picked":"Dodge and Roll+1","floor":35},{"not_picked":["Calculated Gamble","Sucker Punch","Dagger Throw"],"picked":"SKIP","floor":37},{"not_picked":["Eviscerate","Calculated Gamble+1","Leg Sweep"],"picked":"SKIP","floor":41},{"not_picked":["Poisoned Stab","Heel Hook","Bouncing Flask+1"],"picked":"SKIP","floor":46},{"not_picked":["Dagger Spray+1","Crippling Poison+1","Prepared"],"picked":"SKIP","floor":48}],"player_experience":44022,"relics_obtained":[{"floor":6,"key":"Omamori"},{"floor":9,"key":"Mercury Hourglass"},{"floor":26,"key":"Vajra"},{"floor":36,"key":"The Specimen"},{"floor":43,"key":"Darkstone Periapt"}],"event_choices":[{"damage_healed":0,"gold_gain":175,"player_choice":"AGREE","damage_taken":0,"max_hp_gain":0,"max_hp_loss":0,"event_name":"Liars Game","floor":2,"gold_loss":0,"cards_obtained":["Doubt"]},{"damage_healed":0,"gold_gain":30,"player_choice":"Searched \u00271\u0027 times","damage_taken":0,"max_hp_gain":0,"max_hp_loss":0,"event_name":"Dead Adventurer","floor":13,"gold_loss":0},{"damage_healed":0,"gold_gain":0,"cards_transformed":["Strike_G","Defend_G"],"player_choice":"Became Test Subject","damage_taken":0,"max_hp_gain":0,"max_hp_loss":0,"event_name":"Drug Dealer","floor":19,"gold_loss":0,"cards_obtained":["Dash","Choke"]},{"damage_healed":0,"gold_gain":0,"player_choice":"Simplicity","damage_taken":0,"max_hp_gain":0,"max_hp_loss":0,"event_name":"Back to Basics","floor":22,"gold_loss":0,"cards_upgraded":["Strike_G","Strike_G","Strike_G","Strike_G","Defend_G","Defend_G","Defend_G","Defend_G"]},{"cards_removed":["Acrobatics"],"damage_healed":0,"gold_gain":0,"player_choice":"Gave Card","damage_taken":0,"relics_obtained":["Ice Cream"],"max_hp_gain":0,"max_hp_loss":0,"event_name":"WeMeetAgain","floor":25,"gold_loss":0},{"damage_healed":0,"gold_gain":0,"player_choice":"Fight","damage_taken":0,"max_hp_gain":0,"max_hp_loss":0,"event_name":"MindBloom","floor":36,"gold_loss":0},{"cards_removed":["PiercingWail"],"damage_healed":0,"gold_gain":0,"player_choice":"Removed Skill","damage_taken":0,"max_hp_gain":0,"max_hp_loss":0,"event_name":"Falling","floor":38,"gold_loss":0},{"damage_healed":0,"gold_gain":0,"player_choice":"Paid","damage_taken":0,"relics_obtained":["Red Mask"],"max_hp_gain":0,"max_hp_loss":0,"event_name":"Tomb of Lord Red Mask","floor":44,"gold_loss":13}],"is_beta":false,"boss_relics":[{"not_picked":["Runic Pyramid","White Beast Statue"],"picked":"HoveringKite"},{"not_picked":["Calling Bell","Orrery"],"picked":"WristBlade"}],"items_purged_floors":[4,39],"is_endless":false,"potions_floor_spawned":[1,7,11,12,21,28,31,41,46,48],"ascension_level":0}