{"gold_per_floor":[19,31,31,46,46,46,67,103,127,150,100,275,38,74,74,205,205,223,498,514,537,283,326,326,326,326,79,79,79,79,94,94,94],"floor_reached":33,"playtime":1537,"items_purged":["Doubt"],"score":298,"play_id":"0bb79126-fdb2-4ebc-8b95-a78c4369d308","local_time":"20190925035655","is_ascension_mode":false,"campfire_choices":[{"data":"Anger","floor":6,"key":"SMITH"},{"floor":15,"key":"REST"},{"floor":25,"key":"REST"},{"data":"Wild Strike","floor":28,"key":"SMITH"},{"data":"Immolate","floor":30,"key":"SMITH"},{"floor":32,"key":"REST"}],"neow_cost":"NO_GOLD","seed_source_timestamp":1083008765367700,"circlet_count":0,"master_deck":["Strike_R+1","Defend_R+1","Defend_R+1","Defend_R+1","Defend_R+1","Bash","Metallicize","Evolve","Anger+1","Thunderclap","Pummel","Battle Trance","Exhume","Wild Strike+1","Rampage","Dual Wield","Immolate+1","Infernal Blade+1","Regret","Fire Breathing+1","Whirlwind+1","Rage+1"],"relics":["Burning Blood","Golden Idol","Bag of Preparation","Red Skull","Blood Vial","Runic Cube","Pear","Strawberry","WingedGreaves","Vajra","Bottled Tornado"],"potions_floor_usage":[20,21,23,23,33],"damage_taken":[{"damage":1,"enemies":"Jaw Worm","floor":1,"turns":7},{"damage":2,"enemies":"Small Slimes","floor":2,"turns":5},{"damage":0,"enemies":"2 Louse","floor":4,"turns":2},{"damage":6,"enemies":"2 Fungi Beasts","floor":7,"turns":3},{"damage":30,"enemies":"Lagavulin","floor":8,"turns":5},{"damage":0,"enemies":"Looter","floor":10,"turns":1},{"damage":10,"enemies":"3 Sentries","floor":14,"turns":5},{"damage":43,"enemies":"Hexaghost","floor":16,"turns":7},{"damage":40,"enemies":"Shell Parasite","floor":18,"turns":5},{"damage":19,"enemies":"Spheric Guardian","floor":20,"turns":4},{"damage":9,"enemies":"Shelled Parasite and Fungi","floor":21,"turns":3},{"damage":40,"enemies":"Book of Stabbing","floor":23,"turns":4},{"damage":37,"enemies":"Snake Plant","floor":31,"turns":4},{"damage":90,"enemies":"Automaton","floor":33,"turns":6}],"seed_played":"-1098954183165524109","potions_obtained":[{"floor":4,"key":"GamblersBrew"},{"floor":10,"key":"BloodPotion"},{"floor":14,"key":"Ancient Potion"},{"floor":20,"key":"SteroidPotion"},{"floor":23,"key":"Energy Potion"}],"is_trial":false,"path_per_floor":["M","M","?","M","?","R","M","E","T","M","?","?","$","E","R","B",null,"M","?","M","M","$","E","?","R","T","$","R","?","R","M","R","B"],"character_chosen":"IRONCLAD","items_purchased":["Rampage","Dual Wield","Pear","Bottled Tornado"],"campfire_rested":3,"item_purchase_floors":[13,13,22,27],"current_hp_per_floor":[80,80,60,66,59,59,59,35,35,41,41,41,41,37,61,26,80,46,46,35,34,44,41,41,70,70,70,70,70,70,41,70,0],"gold":94,"neow_bonus":"TRANSFORM_TWO_CARDS","is_prod":false,"is_daily":false,"chose_seed":false,"campfire_upgraded":3,"win_rate":0,"timestamp":1569398215,"path_taken":["M","M","?","M","?","R","M","E","T","M","?","?","$","E","R","BOSS","M","?","?","?","$","E","?","R","T","$","R","?","R","M","R","BOSS"],"build_version":"2019-07-17","purchased_purges":1,"victory":false,"max_hp_per_floor":[80,80,80,80,80,80,80,80,80,80,80,80,80,80,80,80,80,80,80,80,80,90,97,97,97,97,97,97,97,97,97,97,97],"card_choices":[{"not_picked":["Havoc","Shrug It Off"],"picked":"Anger","floor":1},{"not_picked":["Clothesline","True Grit"],"picked":"Thunderclap","floor":2},{"not_picked":["Thunderclap","Havoc"],"picked":"Pummel","floor":4},{"not_picked":["Sword Boomerang","Cleave"],"picked":"Battle Trance","floor":7},{"not_picked":["Havoc","Iron Wave"],"picked":"Exhume","floor":8},{"not_picked":["Clash","Iron Wave"],"picked":"Wild Strike","floor":10},{"not_picked":["Warcry","Perfected Strike","Shrug It Off"],"picked":"SKIP","floor":14},{"not_picked":["Juggernaut","Bludgeon"],"picked":"Immolate","floor":16},{"not_picked":["Ghostly Armor","Flame Barrier+1"],"picked":"Infernal Blade+1","floor":18},{"not_picked":["Dual Wield+1","Twin Strike+1"],"picked":"Fire Breathing+1","floor":20},{"not_picked":["True Grit","Spot Weakness"],"picked":"Whirlwind+1","floor":21},{"not_picked":["Perfected Strike","Cleave"],"picked":"Rage+1","floor":23},{"not_picked":["Clash+1","Pommel Strike+1","Wild Strike"],"picked":"SKIP","floor":31}],"player_experience":83932,"relics_obtained":[{"floor":8,"key":"Bag of Preparation"},{"floor":9,"key":"Red Skull"},{"floor":14,"key":"Blood Vial"},{"floor":23,"key":"Strawberry"},{"floor":26,"key":"Vajra"}],"event_choices":[{"damage_healed":0,"gold_gain":0,"player_choice":"Take Damage","damage_taken":20,"relics_obtained":["Golden Idol"],"max_hp_gain":0,"max_hp_loss":0,"event_name":"Golden Idol","floor":3,"gold_loss":0},{"cards_removed":["Strike_R"],"damage_healed":0,"gold_gain":0,"player_choice":"Card Removal","damage_taken":7,"max_hp_gain":0,"max_hp_loss":0,"event_name":"Golden Wing","floor":5,"gold_loss":0},{"cards_removed":["Strike_R"],"damage_healed":0,"gold_gain":0,"player_choice":"Card Removal","damage_taken":0,"max_hp_gain":0,"max_hp_loss":0,"event_name":"The Cleric","floor":11,"gold_loss":50},{"damage_healed":0,"gold_gain":175,"player_choice":"AGREE","damage_taken":0,"max_hp_gain":0,"max_hp_loss":0,"event_name":"Liars Game","floor":12,"gold_loss":0,"cards_obtained":["Doubt"]},{"damage_healed":0,"gold_gain":275,"player_choice":"Desecrate","damage_taken":0,"max_hp_gain":0,"max_hp_loss":0,"event_name":"Golden Shrine","floor":19,"gold_loss":0,"cards_obtained":["Regret"]},{"damage_healed":0,"gold_gain":0,"player_choice":"Opened","damage_taken":0,"relics_obtained":["WingedGreaves"],"max_hp_gain":0,"max_hp_loss":0,"event_name":"The Mausoleum","floor":24,"gold_loss":0},{"damage_healed":0,"gold_gain":0,"player_choice":"Simplicity","damage_taken":0,"max_hp_gain":0,"max_hp_loss":0,"event_name":"Back to Basics","floor":29,"gold_loss":0,"cards_upgraded":["Strike_R","Defend_R","Defend_R","Defend_R","Defend_R"]}],"is_beta":false,"boss_relics":[{"not_picked":["Eternal Feather","Runic Dome"],"picked":"Runic Cube"}],"items_purged_floors":[13],"is_endless":false,"potions_floor_spawned":[4,10,14,20,23],"killed_by":"Automaton","ascension_level":0}