{"gold_per_floor":[118,134,81,81,91,91,119,176,199,231,246,246,274,285,285,364,364,380,380,153,153,153],"floor_reached":22,"playtime":881,"items_purged":[],"score":404,"play_id":"2ebba677-1cae-4d44-8d6f-6b49d5fbb57f","local_time":"20190424232832","is_ascension_mode":true,"campfire_choices":[{"floor":6.0,"key":"REST"},{"floor":12.0,"key":"REST"},{"floor":15.0,"key":"REST"}],"neow_cost":"PERCENT_DAMAGE","seed_source_timestamp":257800447924986,"circlet_count":0,"master_deck":["AscendersBane","Strike_B+1","Defend_B","Defend_B","Defend_B","Defend_B","Zap","Dualcast","Electrodynamics","Consume","Glacier","Sunder+1","Steam","Hologram","Capacitor","Hyperbeam","Compile Driver+1","Fission+1","Hello World+1","Genetic Algorithm"],"special_seed":0,"relics":["Cracked Core","Pen Nib","Bag of Marbles","Whetstone","FossilizedHelix","Vajra","Astrolabe","OrangePellets","WingedGreaves"],"potions_floor_usage":[],"damage_taken":[{"damage":3.0,"enemies":"Small Slimes","floor":1.0,"turns":4.0},{"damage":0.0,"enemies":"2 Louse","floor":2.0,"turns":2.0},{"damage":2.0,"enemies":"Jaw Worm","floor":5.0,"turns":4.0},{"damage":33.0,"enemies":"Gremlin Nob","floor":7.0,"turns":5.0},{"damage":10.0,"enemies":"3 Sentries","floor":10.0,"turns":3.0},{"damage":11.0,"enemies":"Gremlin Gang","floor":11.0,"turns":3.0},{"damage":18.0,"enemies":"Gremlin Nob","floor":13.0,"turns":4.0},{"damage":0.0,"enemies":"Blue Slaver","floor":14.0,"turns":2.0},{"damage":17.0,"enemies":"The Guardian","floor":16.0,"turns":13.0},{"damage":12,"enemies":"Shell Parasite","floor":18,"turns":3},{"damage":26,"enemies":"Chosen","floor":22,"turns":5}],"seed_played":"5440363266713134342","potions_obtained":[{"floor":1.0,"key":"Strength Potion"},{"floor":13.0,"key":"Ancient Potion"},{"floor":16.0,"key":"SpeedPotion"}],"is_trial":false,"path_per_floor":["M","M","$","?","M","R","E","?","T","E","M","R","E","M","R","B",null,"M","?","$","?","M"],"character_chosen":"DEFECT","items_purchased":["FearPotion","OrangePellets"],"campfire_rested":3,"item_purchase_floors":[3,20],"current_hp_per_floor":[43,43,43,38,36,57,24,24,24,14,3,24,6,6,27,10,56,44,24,24,24,0],"gold":153,"neow_bonus":"THREE_RARE_CARDS","is_prod":false,"is_daily":false,"chose_seed":false,"campfire_upgraded":0,"win_rate":0,"timestamp":1556162912,"path_taken":["M","M","$","?","M","R","E","?","T","E","M","R","E","M","R","BOSS","M","?","$","?","?"],"build_version":"2019-01-23","purchased_purges":0,"victory":false,"max_hp_per_floor":[71,71,71,71,71,71,71,71,71,71,71,71,71,71,71,71,71,71,76,76,76,76],"card_choices":[{"not_picked":["Biased Cognition","Amplify"],"picked":"Electrodynamics","floor":0.0},{"not_picked":["Reinforced Body","Rebound"],"picked":"Consume","floor":1.0},{"not_picked":["Rebound","Steam"],"picked":"Glacier","floor":2.0},{"not_picked":["Force Field","Turbo","Rebound"],"picked":"SKIP","floor":5.0},{"not_picked":["Gash","Steam"],"picked":"Sunder","floor":7.0},{"not_picked":["Recycle","Sweeping Beam"],"picked":"Steam","floor":10.0},{"not_picked":["Rebound","Gash","Redo"],"picked":"SKIP","floor":11.0},{"not_picked":["White Noise","Fission"],"picked":"Hologram","floor":13.0},{"not_picked":["Beam Cell","Chaos"],"picked":"Capacitor","floor":14.0},{"not_picked":["Meteor Strike","Buffer"],"picked":"Hyperbeam","floor":16.0},{"not_picked":["Redo+1","Leap"],"picked":"Genetic Algorithm","floor":18}],"player_experience":779982,"relics_obtained":[{"floor":7.0,"key":"Bag of Marbles"},{"floor":9.0,"key":"Whetstone"},{"floor":10.0,"key":"FossilizedHelix"},{"floor":13.0,"key":"Vajra"},{"floor":21,"key":"WingedGreaves"}],"event_choices":[{"damage_healed":0.0,"max_hp_gain":0.0,"max_hp_loss":0.0,"gold_gain":0.0,"event_name":"Scrap Ooze","player_choice":"Success","floor":4.0,"gold_loss":0.0,"damage_taken":5.0,"relics_obtained":["Pen Nib"]},{"damage_healed":0.0,"max_hp_gain":0.0,"max_hp_loss":0.0,"gold_gain":57.0,"event_name":"Golden Wing","player_choice":"Gained Gold","floor":8.0,"gold_loss":0.0,"damage_taken":0.0},{"damage_healed":0,"gold_gain":0,"player_choice":"Shed Blood","damage_taken":25,"max_hp_gain":5,"max_hp_loss":0,"event_name":"Forgotten Altar","floor":19,"gold_loss":0},{"damage_healed":0,"gold_gain":0,"player_choice":"Relic","damage_taken":0,"max_hp_gain":0,"max_hp_loss":0,"event_name":"Wheel of Change","floor":21,"gold_loss":0}],"is_beta":false,"boss_relics":[{"not_picked":["Orrery","Philosopher\u0027s Stone"],"picked":"Astrolabe"}],"items_purged_floors":[],"is_endless":false,"potions_floor_spawned":[1,13,16,18],"killed_by":"Chosen","ascension_level":20}