{"gold_per_floor":[114,114,0,18,18,18,51,63,105,67,90,114,126,157,169,276,288,313,211,126,0,13,13,26,51,51,67,93,193,223,30,30,132,132,148,148,108,122,134,169,169,182,207,227,251,251,270,286,286,286],"floor_reached":51,"playtime":4244,"items_purged":[],"score":865,"play_id":"3ba24146-488c-4e35-b578-0fa20cf0f420","local_time":"20190924234439","is_ascension_mode":true,"campfire_choices":[{"data":"Noxious Fumes","floor":6,"key":"SMITH"},{"data":"Dash","floor":8,"key":"SMITH"},{"data":"After Image","floor":15,"key":"SMITH"},{"data":"Malaise","floor":23,"key":"SMITH"},{"data":"Footwork","floor":32,"key":"SMITH"},{"data":"Acrobatics","floor":41,"key":"SMITH"},{"data":"Dodge and Roll","floor":46,"key":"SMITH"},{"data":"Catalyst","floor":49,"key":"SMITH"}],"neow_cost":"NONE","seed_source_timestamp":131535502227500,"circlet_count":0,"master_deck":["Strike_G","Strike_G","Strike_G","Defend_G","Defend_G","Defend_G","Defend_G","Defend_G","Survivor","Neutralize","PiercingWail+1","Noxious Fumes+1","Dash+1","Acrobatics+1","Skewer","Escape Plan","After Image+1","Expertise","Malaise+1","Cloak And Dagger+1","Footwork+1","Dodge and Roll+1","Well Laid Plans","PiercingWail+1","Dodge and Roll+1","Outmaneuver","Noxious Fumes+1","Noxious Fumes","Dodge and Roll+1","Bouncing Flask","Catalyst+1"],"relics":["Ring of the Snake","NeowsBlessing","MawBank","Tiny Chest","Bird Faced Urn","Coffee Dripper","Snake Skull","Sundial","Matryoshka","Ninja Scroll","Strawberry","Unceasing Top","Bottled Lightning","Letter Opener","DollysMirror","Busted Crown","Blood Vial","Smiling Mask","Orichalcum","Anchor"],"potions_floor_usage":[25,29,33,33,39,44,50],"damage_taken":[{"damage":0,"enemies":"Jaw Worm","floor":1,"turns":1},{"damage":0,"enemies":"Cultist","floor":4,"turns":1},{"damage":0,"enemies":"3 Sentries","floor":7,"turns":2},{"damage":0,"enemies":"2 Louse","floor":11,"turns":3},{"damage":0,"enemies":"Exordium Thugs","floor":12,"turns":5},{"damage":0,"enemies":"Exordium Wildlife","floor":14,"turns":4},{"damage":2,"enemies":"Hexaghost","floor":16,"turns":11},{"damage":2,"enemies":"3 Byrds","floor":18,"turns":8},{"damage":0,"enemies":"Spheric Guardian","floor":22,"turns":6},{"damage":0,"enemies":"Shelled Parasite and Fungi","floor":24,"turns":8},{"damage":14,"enemies":"Slavers","floor":25,"turns":8},{"damage":0,"enemies":"Chosen and Byrds","floor":27,"turns":7},{"damage":8,"enemies":"Colosseum Slavers","floor":29,"turns":8},{"damage":22,"enemies":"Colosseum Nobs","floor":29,"turns":5},{"damage":1,"enemies":"Gremlin Leader","floor":30,"turns":9},{"damage":20,"enemies":"Champ","floor":33,"turns":16},{"damage":0,"enemies":"3 Shapes","floor":35,"turns":4},{"damage":7,"enemies":"Orb Walker","floor":38,"turns":5},{"damage":0,"enemies":"Jaw Worm Horde","floor":39,"turns":6},{"damage":70,"enemies":"Reptomancer","floor":40,"turns":9},{"damage":14,"enemies":"Sphere and 2 Shapes","floor":42,"turns":6},{"damage":14,"enemies":"Transient","floor":44,"turns":5},{"damage":3,"enemies":"3 Darklings","floor":47,"turns":5},{"damage":0,"enemies":"Sphere and 2 Shapes","floor":48,"turns":5},{"damage":36,"enemies":"Time Eater","floor":50,"turns":11}],"seed_played":"1177781141839712574","potions_obtained":[{"floor":11,"key":"Block Potion"},{"floor":12,"key":"GhostInAJar"},{"floor":14,"key":"GhostInAJar"},{"floor":27,"key":"AttackPotion"},{"floor":29,"key":"SkillPotion"},{"floor":39,"key":"LiquidBronze"},{"floor":40,"key":"Weak Potion"}],"is_trial":false,"path_per_floor":["M","?","$","M","$","R","E","R","T","?","M","M","?","M","R","B",null,"M","$","?","$","M","R","M","E","T","M","T","?","E","$","R","B",null,"M","?","?","M","M","E","R","M","T","M","T","R","M","M","R","B",null],"character_chosen":"THE_SILENT","items_purchased":["Noxious Fumes","Dash","Footwork","Dodge and Roll","Well Laid Plans","PiercingWail","DollysMirror"],"campfire_rested":0,"item_purchase_floors":[3,3,19,19,21,21,31],"current_hp_per_floor":[70,70,70,70,70,70,70,70,70,70,70,70,45,49,49,51,65,67,67,67,67,70,70,70,62,62,70,77,57,64,64,64,54,71,77,77,77,76,77,9,9,9,9,9,9,9,20,34,34,12],"gold":286,"neow_bonus":"THREE_ENEMY_KILL","is_prod":false,"is_daily":false,"chose_seed":false,"campfire_upgraded":8,"win_rate":0,"timestamp":1569361479,"path_taken":["M","?","?","?","$","R","E","R","T","?","M","M","?","M","R","BOSS","M","$","?","$","M","R","M","E","T","M","?","?","E","$","R","BOSS","M","?","?","?","M","E","R","M","T","M","?","R","M","M","R","BOSS"],"build_version":"2019-07-17","purchased_purges":0,"victory":true,"max_hp_per_floor":[70,70,70,70,70,70,70,70,70,70,70,70,70,70,70,70,70,70,70,70,70,70,70,70,70,70,70,77,77,77,77,77,77,77,77,77,77,77,77,77,77,77,77,77,77,77,77,77,77,77],"card_choices":[{"not_picked":["Quick Slash","Prepared"],"picked":"PiercingWail","floor":1},{"not_picked":["Dagger Spray","PiercingWail"],"picked":"Acrobatics","floor":4},{"not_picked":["Flying Knee","Underhanded Strike"],"picked":"Skewer","floor":7},{"not_picked":["Slice","Infinite Blades"],"picked":"Escape Plan","floor":11},{"not_picked":["Deflect","Prepared"],"picked":"After Image","floor":12},{"not_picked":["Poisoned Stab","Flying Knee"],"picked":"Expertise","floor":14},{"not_picked":["Glass Knife","Storm of Steel"],"picked":"Malaise","floor":16},{"not_picked":["Finisher+1","Deflect+1"],"picked":"Cloak And Dagger+1","floor":18},{"not_picked":["PiercingWail","Terror","Choke"],"picked":"SKIP","floor":22},{"not_picked":["Sucker Punch","Quick Slash+1"],"picked":"Dodge and Roll+1","floor":24},{"not_picked":["A Thousand Cuts","Dash","Bullet Time"],"picked":"SKIP","floor":25},{"not_picked":["Bane","Slice"],"picked":"Outmaneuver","floor":27},{"not_picked":["Finisher","Skewer","Reflex"],"picked":"SKIP","floor":30},{"not_picked":["Cloak And Dagger"],"picked":"SKIP","floor":35},{"not_picked":[],"picked":"Noxious Fumes","floor":38},{"not_picked":[],"picked":"Dodge and Roll+1","floor":39},{"not_picked":["Cloak And Dagger+1"],"picked":"SKIP","floor":40},{"not_picked":["Leg Sweep"],"picked":"SKIP","floor":42},{"not_picked":[],"picked":"Bouncing Flask","floor":44},{"not_picked":["Prepared+1"],"picked":"SKIP","floor":47},{"not_picked":[],"picked":"Catalyst","floor":48}],"player_experience":379822,"relics_obtained":[{"floor":7,"key":"MawBank"},{"floor":9,"key":"Tiny Chest"},{"floor":25,"key":"Sundial"},{"floor":26,"key":"Matryoshka"},{"floor":28,"key":"Ninja Scroll"},{"floor":28,"key":"Strawberry"},{"floor":29,"key":"Unceasing Top"},{"floor":29,"key":"Bottled Lightning"},{"floor":30,"key":"Letter Opener"},{"floor":40,"key":"Blood Vial"},{"floor":43,"key":"Smiling Mask"},{"floor":43,"key":"Orichalcum"},{"floor":45,"key":"Anchor"}],"event_choices":[{"damage_healed":0,"gold_gain":0,"player_choice":"0 cards matched","damage_taken":0,"max_hp_gain":0,"max_hp_loss":0,"event_name":"Match and Keep!","floor":2,"gold_loss":0,"cards_obtained":[]},{"cards_removed":["Strike_G"],"damage_healed":0,"gold_gain":0,"player_choice":"Card Removal","damage_taken":0,"max_hp_gain":0,"max_hp_loss":0,"event_name":"The Cleric","floor":10,"gold_loss":50},{"damage_healed":0,"gold_gain":0,"player_choice":"Success","damage_taken":25,"relics_obtained":["Bird Faced Urn"],"max_hp_gain":0,"max_hp_loss":0,"event_name":"Scrap Ooze","floor":13,"gold_loss":0},{"damage_healed":0,"gold_gain":0,"player_choice":"Obtained Relic","damage_taken":0,"relics_obtained":["Snake Skull"],"max_hp_gain":0,"max_hp_loss":0,"event_name":"Addict","floor":20,"gold_loss":85},{"damage_healed":0,"gold_gain":0,"player_choice":"Fight","damage_taken":0,"max_hp_gain":0,"max_hp_loss":0,"event_name":"Colosseum","floor":29,"gold_loss":0},{"damage_healed":0,"gold_gain":0,"player_choice":"Fought Nobs","damage_taken":0,"max_hp_gain":0,"max_hp_loss":0,"event_name":"Colosseum","floor":29,"gold_loss":0},{"cards_removed":["Strike_G"],"damage_healed":0,"gold_gain":0,"player_choice":"Removed Attack","damage_taken":0,"max_hp_gain":0,"max_hp_loss":0,"event_name":"Falling","floor":36,"gold_loss":0},{"damage_healed":0,"gold_gain":0,"player_choice":"Upgraded Two","damage_taken":0,"max_hp_gain":0,"max_hp_loss":0,"event_name":"Designer","floor":37,"gold_loss":40,"cards_upgraded":["PiercingWail","PiercingWail"]}],"is_beta":false,"boss_relics":[{"not_picked":["Runic Dome","Fusion Hammer"],"picked":"Coffee Dripper"},{"not_picked":["Velvet Choker","HoveringKite"],"picked":"Busted Crown"}],"items_purged_floors":[],"is_endless":false,"potions_floor_spawned":[11,12,14,22,27,29,30,39,40],"ascension_level":5}