{"gold_per_floor":[118,193,212,102,102,102,115,132,184,184,184,203,232,248,248,352,352,326,326,326,345,355,355],"floor_reached":23,"playtime":1570,"items_purged":["Strike_G"],"score":299,"play_id":"f9b208f5-a623-4233-a580-18219edce3b1","local_time":"20181027224843","is_ascension_mode":true,"campfire_choices":[{"data":"Terror","floor":6,"key":"SMITH"},{"floor":11,"key":"REST"},{"data":"Burst","floor":15,"key":"SMITH"}],"neow_cost":"NONE","seed_source_timestamp":1486586481514519,"circlet_count":0,"master_deck":["Defend_G+1","Defend_G+1","Defend_G+1","Defend_G+1","Defend_G+1","Strike_G+1","Strike_G+1","Strike_G+1","Strike_G+1","Survivor","Neutralize","AscendersBane","Terror+1","Cloak And Dagger","Backstab","Burst+1","After Image","Necronomicurse","Backflip","Backflip+1"],"relics":["Ring of the Snake","NeowsBlessing","Oddly Smooth Stone","Orichalcum","Mercury Hourglass","Sozu","Necronomicon"],"potions_floor_usage":[12,13,16,16,18],"damage_taken":[{"damage":0,"enemies":"Small Slimes","floor":1,"turns":1},{"damage":0,"enemies":"Jaw Worm","floor":3,"turns":1},{"damage":0,"enemies":"2 Louse","floor":7,"turns":1},{"damage":3,"enemies":"Exordium Thugs","floor":8,"turns":6},{"damage":9,"enemies":"Large Slime","floor":12,"turns":7},{"damage":8,"enemies":"Gremlin Nob","floor":13,"turns":3},{"damage":0,"enemies":"Gremlin Gang","floor":14,"turns":3},{"damage":46,"enemies":"Hexaghost","floor":16,"turns":16},{"damage":5,"enemies":"2 Thieves","floor":18,"turns":5},{"damage":0,"enemies":"Shell Parasite","floor":21,"turns":5},{"damage":22,"enemies":"Snecko","floor":22,"turns":6},{"damage":16,"enemies":"Slavers","floor":23,"turns":1}],"seed_played":"3120622535801508510","potions_obtained":[{"floor":7,"key":"Swift Potion"},{"floor":10,"key":"Strength Potion"},{"floor":10,"key":"Explosive Potion"},{"floor":12,"key":"GhostInAJar"},{"floor":14,"key":"AttackPotion"},{"floor":16,"key":"EssenceOfSteel"}],"is_trial":false,"path_per_floor":["M","?","M","$","T","R","M","M","T","?","R","M","E","M","R","B",null,"M","?","?","M","M"],"character_chosen":"THE_SILENT","items_purchased":["Terror"],"campfire_rested":1,"item_purchase_floors":[4],"current_hp_per_floor":[63,52,52,52,52,52,52,49,49,49,70,61,53,53,53,7,54,49,49,33,33,11,0],"gold":355,"neow_bonus":"THREE_ENEMY_KILL","is_prod":false,"is_daily":false,"chose_seed":false,"campfire_upgraded":2,"win_rate":0,"timestamp":1540698523,"path_taken":["M","?","M","$","?","R","M","M","T","?","R","M","E","M","R","BOSS","M","?","?","M","?","E"],"build_version":"2018-10-25v2","purchased_purges":1,"victory":false,"max_hp_per_floor":[70,70,70,70,70,70,70,70,70,70,70,70,70,70,70,70,70,70,70,70,70,70,70],"card_choices":[{"not_picked":["Deflect","Concentrate","Acrobatics"],"picked":"SKIP","floor":1},{"not_picked":["Expertise","Endless Agony","Quick Slash"],"picked":"SKIP","floor":3},{"not_picked":["Accuracy","Calculated Gamble"],"picked":"Cloak And Dagger","floor":7},{"not_picked":["Sucker Punch","Poisoned Stab","Masterful Stab"],"picked":"SKIP","floor":8},{"not_picked":["Calculated Gamble","Caltrops"],"picked":"Backstab","floor":12},{"not_picked":["Blur","Concentrate"],"picked":"Burst","floor":13},{"not_picked":["Bane","Blade Dance","Flying Knee"],"picked":"SKIP","floor":14},{"not_picked":["Night Terror","Glass Knife"],"picked":"After Image","floor":16},{"not_picked":["Dagger Spray","Escape Plan+1","Accuracy"],"picked":"SKIP","floor":18},{"not_picked":["Deadly Poison","Prepared+1"],"picked":"Backflip","floor":21},{"not_picked":["Bane","Quick Slash"],"picked":"Backflip+1","floor":22}],"player_experience":832087,"relics_obtained":[{"floor":5,"key":"Oddly Smooth Stone"},{"floor":9,"key":"Orichalcum"},{"floor":13,"key":"Mercury Hourglass"},{"floor":20,"key":"Necronomicon"}],"event_choices":[{"damage_healed":0,"gold_gain":75,"player_choice":"Gather Gold","damage_taken":11,"max_hp_gain":0,"max_hp_loss":0,"event_name":"World of Goop","floor":2,"gold_loss":0},{"damage_healed":0,"gold_gain":0,"player_choice":"Got Potions","damage_taken":0,"max_hp_gain":0,"max_hp_loss":0,"event_name":"The Lab","floor":10,"gold_loss":0},{"damage_healed":0,"gold_gain":0,"player_choice":"Simplicity","damage_taken":0,"max_hp_gain":0,"max_hp_loss":0,"event_name":"Back to Basics","floor":19,"gold_loss":0,"cards_upgraded":["Defend_G","Defend_G","Defend_G","Defend_G","Defend_G","Strike_G","Strike_G","Strike_G","Strike_G"]},{"damage_healed":0,"gold_gain":0,"player_choice":"Obtained Book","damage_taken":16,"max_hp_gain":0,"max_hp_loss":0,"event_name":"Cursed Tome","floor":20,"gold_loss":0}],"is_beta":false,"boss_relics":[{"not_picked":["Ectoplasm","Cursed Key"],"picked":"Sozu"}],"items_purged_floors":[4],"is_endless":false,"potions_floor_spawned":[7,12,14,16,21],"killed_by":"Slavers","ascension_level":11}