{"gold_per_floor":[209,224,18,37,37,81,6,39,116,116,416,416,429,465,465,465],"floor_reached":16,"playtime":6548,"items_purged":[],"score":236,"play_id":"49997c94-c9c1-404c-bc43-71685a8b17e1","local_time":"20190604221448","is_ascension_mode":true,"campfire_choices":[{"floor":10,"key":"REST"},{"data":"Uppercut","floor":15,"key":"SMITH"}],"neow_cost":"NONE","seed_source_timestamp":1118644037801640,"circlet_count":0,"master_deck":["AscendersBane","Strike_R","Strike_R","Strike_R","Strike_R","Defend_R","Defend_R","Defend_R","Defend_R","Bash","Clothesline","Flame Barrier","Feed","Feel No Pain","Second Wind","Immolate+1","Uppercut+1","Havoc"],"relics":["Burning Blood","Golden Idol","Nunchaku","Blood Vial","Mummified Hand","Old Coin","Question Card"],"potions_floor_usage":[8,16,16],"damage_taken":[{"damage":6,"enemies":"Jaw Worm","floor":1,"turns":7},{"damage":3,"enemies":"2 Louse","floor":2,"turns":4},{"damage":11,"enemies":"Cultist","floor":4,"turns":6},{"damage":20,"enemies":"3 Sentries","floor":6,"turns":16},{"damage":37,"enemies":"Lagavulin","floor":8,"turns":6},{"damage":32,"enemies":"Exordium Wildlife","floor":13,"turns":8},{"damage":18,"enemies":"3 Sentries","floor":14,"turns":9},{"damage":33,"enemies":"Hexaghost","floor":16,"turns":12}],"seed_played":"1106437930927954523","potions_obtained":[{"floor":1,"key":"Regen Potion"},{"floor":2,"key":"Explosive Potion"},{"floor":6,"key":"Strength Potion"},{"floor":8,"key":"FearPotion"}],"is_trial":false,"path_per_floor":["M","M","$","M","?","E","?","E","T","R","?","?","M","E","R","B"],"character_chosen":"IRONCLAD","items_purchased":["Feed","Feel No Pain"],"campfire_rested":1,"item_purchase_floors":[3,3],"current_hp_per_floor":[68,71,71,69,69,58,58,27,27,49,44,44,23,16,16,0],"gold":465,"neow_bonus":"HUNDRED_GOLD","is_prod":false,"is_daily":false,"chose_seed":false,"campfire_upgraded":1,"win_rate":0,"timestamp":1559700888,"path_taken":["M","M","$","M","?","E","?","E","T","R","?","?","M","E","R","BOSS"],"build_version":"2019-01-23","purchased_purges":0,"victory":false,"max_hp_per_floor":[75,75,75,78,71,74,74,74,74,74,74,74,77,80,80,80],"card_choices":[{"not_picked":["Havoc","Dropkick"],"picked":"Clothesline","floor":1},{"not_picked":["Pommel Strike","Iron Wave"],"picked":"Flame Barrier","floor":2},{"not_picked":["Body Slam","Thunderclap"],"picked":"Second Wind","floor":4},{"not_picked":["Havoc","Uppercut"],"picked":"Immolate","floor":6},{"not_picked":["Rampage","Bloodletting"],"picked":"Uppercut","floor":8},{"not_picked":["Dual Wield","Clothesline","Warcry"],"picked":"SKIP","floor":13},{"not_picked":["Cleave","Perfected Strike"],"picked":"Havoc","floor":14}],"player_experience":902379,"relics_obtained":[{"floor":6,"key":"Nunchaku"},{"floor":8,"key":"Blood Vial"},{"floor":9,"key":"Mummified Hand"},{"floor":14,"key":"Question Card"}],"event_choices":[{"damage_healed":0,"gold_gain":0,"player_choice":"Lose Max HP","damage_taken":0,"relics_obtained":["Golden Idol"],"max_hp_gain":0,"max_hp_loss":7,"event_name":"Golden Idol","floor":5,"gold_loss":0},{"cards_removed":["Strike_R"],"damage_healed":0,"gold_gain":0,"player_choice":"Card Removal","damage_taken":0,"max_hp_gain":0,"max_hp_loss":0,"event_name":"The Cleric","floor":7,"gold_loss":75},{"damage_healed":0,"gold_gain":0,"player_choice":"Success","damage_taken":5,"relics_obtained":["Old Coin"],"max_hp_gain":0,"max_hp_loss":0,"event_name":"Scrap Ooze","floor":11,"gold_loss":0},{"damage_healed":0,"gold_gain":0,"player_choice":"Upgraded","damage_taken":0,"max_hp_gain":0,"max_hp_loss":0,"event_name":"Upgrade Shrine","floor":12,"gold_loss":0,"cards_upgraded":["Immolate"]}],"is_beta":false,"boss_relics":[],"items_purged_floors":[],"is_endless":false,"potions_floor_spawned":[1,2,6,8],"killed_by":"Hexaghost","ascension_level":20}