{"gold_per_floor":[115,115,40,51,64,99,99,119,172,172,206,218,1,12,12,86,86,86,86,86,36,36,36,36,36,36,36,36,36,36,36,36,36],"floor_reached":33,"playtime":600,"items_purged":["Strike_R","Strike_R","Strike_R"],"score":600,"play_id":"d5562114-b793-4cad-97f1-daf8c4320ed4","local_time":"20190819210545","is_ascension_mode":true,"campfire_choices":[{"data":"Bash","floor":7.0,"key":"SMITH"},{"data":"Battle Trance","floor":10.0,"key":"SMITH"},{"data":"Shockwave","floor":15.0,"key":"SMITH"},{"data":"Bludgeon","floor":23.0,"key":"SMITH"},{"floor":32,"key":"REST"}],"neow_cost":"TEN_PERCENT_HP_LOSS","seed_source_timestamp":142922120178220,"circlet_count":0,"master_deck":["AscendersBane","Strike_R","Strike_R","Defend_R","Defend_R","Defend_R","Defend_R","Bash+1","Bludgeon+1","Battle Trance+1","Shockwave+1","Double Tap","Bludgeon+1","Shrug It Off","Disarm+1","Shrug It Off"],"special_seed":0,"relics":["Burning Blood","Blue Candle","Smiling Mask","Ancient Tea Set","Ectoplasm","Red Mask","Matryoshka","Calipers"],"potions_floor_usage":[],"damage_taken":[{"damage":9.0,"enemies":"Jaw Worm","floor":1.0,"turns":4.0},{"damage":0.0,"enemies":"Cultist","floor":4.0,"turns":2.0},{"damage":9.0,"enemies":"2 Louse","floor":5.0,"turns":3.0},{"damage":0.0,"enemies":"Lagavulin","floor":6.0,"turns":3.0},{"damage":9.0,"enemies":"2 Fungi Beasts","floor":8.0,"turns":3.0},{"damage":25.0,"enemies":"3 Sentries","floor":11.0,"turns":5.0},{"damage":14.0,"enemies":"3 Louse","floor":12.0,"turns":5.0},{"damage":0.0,"enemies":"Exordium Thugs","floor":14.0,"turns":3.0},{"damage":16.0,"enemies":"The Guardian","floor":16.0,"turns":5.0},{"damage":21.0,"enemies":"Shell Parasite","floor":18.0,"turns":2.0},{"damage":16.0,"enemies":"Masked Bandits","floor":20.0,"turns":3.0},{"damage":0.0,"enemies":"Chosen","floor":24.0,"turns":1.0},{"damage":0.0,"enemies":"Snecko","floor":27.0,"turns":2.0},{"damage":27.0,"enemies":"Slavers","floor":28.0,"turns":5.0},{"damage":0,"enemies":"Snake Plant","floor":30,"turns":2},{"damage":45,"enemies":"Automaton","floor":33,"turns":9}],"seed_played":"7599209085631322326","potions_obtained":[{"floor":5.0,"key":"Fire Potion"},{"floor":8.0,"key":"BloodPotion"},{"floor":12.0,"key":"Swift Potion"},{"floor":14.0,"key":"Energy Potion"},{"floor":16.0,"key":"LiquidBronze"},{"floor":20.0,"key":"SkillPotion"}],"is_trial":false,"path_per_floor":["M","?","$","M","M","E","R","M","T","R","E","M","$","M","R","B",null,"M","?","?","$","?","R","M","$","T","M","E","?","M","?","R","B"],"character_chosen":"IRONCLAD","items_purchased":["Double Tap"],"campfire_rested":1,"item_purchase_floors":[13],"current_hp_per_floor":[65,65,65,68,65,68,68,65,65,65,46,38,38,44,44,34,60,45,26,16,16,16,16,22,22,22,28,7,22,28,28,49,4],"gold":36,"neow_bonus":"THREE_RARE_CARDS","is_prod":false,"is_daily":false,"chose_seed":false,"campfire_upgraded":4,"win_rate":0,"timestamp":1566223545,"path_taken":["M","?","$","M","M","E","R","M","T","R","E","M","?","?","R","BOSS","M","?","?","$","?","R","M","$","T","M","E","?","M","?","R","BOSS"],"build_version":"2019-08-15","purchased_purges":3,"victory":false,"max_hp_per_floor":[68,68,68,68,68,68,68,68,68,68,68,68,68,68,68,68,68,68,73,73,73,73,73,73,73,73,73,73,73,73,73,73,73],"card_choices":[{"not_picked":["Impervious","Fiend Fire"],"picked":"Bludgeon","floor":0.0},{"not_picked":["Clothesline","Rampage","Bloodletting"],"picked":"SKIP","floor":1.0},{"not_picked":["Warcry","Havoc"],"picked":"Battle Trance","floor":4.0},{"not_picked":["Wild Strike","Thunderclap","Spot Weakness"],"picked":"SKIP","floor":5.0},{"not_picked":["Clash","Bloodletting","Anger"],"picked":"SKIP","floor":6.0},{"not_picked":["Pommel Strike","Armaments","Entrench"],"picked":"SKIP","floor":8.0},{"not_picked":["Corruption","Pommel Strike","Warcry"],"picked":"SKIP","floor":11.0},{"not_picked":["Pommel Strike","Headbutt"],"picked":"Shockwave","floor":12.0},{"not_picked":["Flex","Armaments","Seeing Red"],"picked":"SKIP","floor":14.0},{"not_picked":["Double Tap","Dark Embrace"],"picked":"Bludgeon","floor":16.0},{"not_picked":["Body Slam+1","Ghostly Armor"],"picked":"Shrug It Off","floor":18.0},{"not_picked":["Wild Strike","Clash"],"picked":"Disarm","floor":24.0},{"not_picked":["Clothesline+1","Iron Wave+1"],"picked":"Shrug It Off","floor":27.0},{"not_picked":["Flex+1","Havoc","Iron Wave+1"],"picked":"SKIP","floor":28.0},{"not_picked":["Havoc+1","Sword Boomerang","Reckless Charge"],"picked":"SKIP","floor":30}],"player_experience":1071490,"relics_obtained":[{"floor":6.0,"key":"Blue Candle"},{"floor":9.0,"key":"Smiling Mask"},{"floor":11.0,"key":"Ancient Tea Set"},{"floor":20.0,"key":"Red Mask"},{"floor":26.0,"key":"Matryoshka"},{"floor":28.0,"key":"Calipers"}],"event_choices":[{"damage_healed":0.0,"max_hp_gain":0.0,"max_hp_loss":0.0,"gold_gain":0.0,"event_name":"Upgrade Shrine","player_choice":"Upgraded","floor":2.0,"gold_loss":0.0,"damage_taken":0.0,"cards_upgraded":["Bludgeon"]},{"damage_healed":0.0,"max_hp_gain":5.0,"max_hp_loss":0.0,"gold_gain":0.0,"event_name":"Forgotten Altar","player_choice":"Shed Blood","floor":19.0,"gold_loss":0.0,"damage_taken":24.0},{"damage_healed":0.0,"max_hp_gain":0.0,"max_hp_loss":0.0,"gold_gain":0.0,"event_name":"Masked Bandits","player_choice":"Fought Bandits","floor":20.0,"gold_loss":0.0,"damage_taken":0.0},{"damage_healed":0.0,"max_hp_gain":0.0,"max_hp_loss":0.0,"gold_gain":0.0,"event_name":"Ghosts","player_choice":"Ignored","floor":22.0,"gold_loss":0.0,"damage_taken":0.0},{"damage_healed":15,"gold_gain":0,"player_choice":"Heal","damage_taken":0,"max_hp_gain":0,"max_hp_loss":0,"event_name":"The Library","floor":29,"gold_loss":0},{"damage_healed":0,"gold_gain":0,"player_choice":"Upgraded","damage_taken":0,"max_hp_gain":0,"max_hp_loss":0,"event_name":"Upgrade Shrine","floor":31,"gold_loss":0,"cards_upgraded":["Disarm"]}],"is_beta":true,"boss_relics":[{"not_picked":["Lizard Tail","White Beast Statue"],"picked":"Ectoplasm"}],"items_purged_floors":[3,13,21],"is_endless":false,"potions_floor_spawned":[5,8,12,14,16,20],"killed_by":"Automaton","ascension_level":20}