{"gold_per_floor":[114,124,124,124,9,44,44,78,102,102,130,144,164,177,177,278,278,296,19,19,38,57,57,89,89,89,89,105,105,131,131,131,229,229,244,22,42,56,56,56,73,73,73,73,73,73,86,98,98,98],"floor_reached":50,"playtime":2746,"items_purged":["Strike_G+1"],"score":575,"play_id":"4f14f599-1f9b-443f-9646-bd9375972058","local_time":"20190927035852","is_ascension_mode":true,"campfire_choices":[{"floor":7,"key":"REST"},{"data":"Deflect","floor":10,"key":"SMITH"},{"floor":15,"key":"REST"},{"data":"Terror","floor":23,"key":"SMITH"},{"floor":25,"key":"REST"},{"data":"Envenom","floor":29,"key":"SMITH"},{"floor":32,"key":"REST"},{"floor":40,"key":"RECALL"},{"data":"Noxious Fumes","floor":42,"key":"SMITH"},{"data":"Noxious Fumes","floor":44,"key":"SMITH"},{"floor":49,"key":"REST"}],"neow_cost":"NONE","seed_source_timestamp":1254716530538100,"circlet_count":0,"master_deck":["Strike_G+1","Strike_G+1","Defend_G+1","Defend_G+1","Defend_G+1","Defend_G+1","Defend_G+1","Survivor","Neutralize","Backflip","Deflect+1","Doppelganger","Noxious Fumes+1","Backstab+1","Terror+1","Choke+1","Poisoned Stab+1","Caltrops","Flying Knee+1","Envenom+1","All Out Attack+1","Masterful Stab+1","Cloak And Dagger+1","Outmaneuver","Bouncing Flask+1","Dash+1","Backflip+1","After Image","Pain","Neutralize+1","Crippling Poison","Phantasmal Killer","Bane+1","Noxious Fumes+1","Dash+1","Leg Sweep+1","Backflip+1","Writhe","Riddle With Holes+1","Night Terror"],"relics":["Ring of the Snake","Vajra","Molten Egg 2","War Paint","Regal Pillow","Bag of Marbles","Bottled Tornado","Juzu Bracelet","Unceasing Top","Nloth\u0027s Gift","Dream Catcher","Busted Crown","Anchor"],"potions_floor_usage":[8,16,21,28,37,50,50,50],"damage_taken":[{"damage":9,"enemies":"Cultist","floor":1,"turns":6},{"damage":0,"enemies":"Small Slimes","floor":2,"turns":5},{"damage":22,"enemies":"Lagavulin","floor":6,"turns":7},{"damage":6,"enemies":"3 Sentries","floor":8,"turns":7},{"damage":19,"enemies":"Gremlin Nob","floor":11,"turns":4},{"damage":0,"enemies":"Jaw Worm","floor":12,"turns":1},{"damage":0,"enemies":"Blue Slaver","floor":13,"turns":1},{"damage":0,"enemies":"Looter","floor":14,"turns":1},{"damage":21,"enemies":"Hexaghost","floor":16,"turns":6},{"damage":1,"enemies":"3 Byrds","floor":18,"turns":4},{"damage":4,"enemies":"Chosen","floor":21,"turns":3},{"damage":10,"enemies":"Snecko","floor":22,"turns":3},{"damage":23,"enemies":"Slavers","floor":24,"turns":4},{"damage":6,"enemies":"Centurion and Healer","floor":28,"turns":4},{"damage":27,"enemies":"Gremlin Leader","floor":30,"turns":5},{"damage":48,"enemies":"Champ","floor":33,"turns":11},{"damage":0,"enemies":"3 Shapes","floor":35,"turns":3},{"damage":4,"enemies":"3 Darklings","floor":37,"turns":4},{"damage":9,"enemies":"Spire Growth","floor":38,"turns":4},{"damage":13,"enemies":"Sphere and 2 Shapes","floor":41,"turns":5},{"damage":2,"enemies":"3 Darklings","floor":47,"turns":4},{"damage":4,"enemies":"Writhing Mass","floor":48,"turns":5},{"damage":85,"enemies":"Awakened One","floor":50,"turns":12}],"seed_played":"-1145557491164101294","potions_obtained":[{"floor":6,"key":"SkillPotion"},{"floor":13,"key":"Energy Potion"},{"floor":14,"key":"Energy Potion"},{"floor":24,"key":"Energy Potion"},{"floor":30,"key":"Dexterity Potion"},{"floor":33,"key":"AttackPotion"},{"floor":38,"key":"GamblersBrew"},{"floor":47,"key":"SpeedPotion"}],"is_trial":false,"path_per_floor":["M","M","?","T","$","E","R","E","T","R","E","M","M","M","R","B",null,"M","$","?","M","M","R","E","R","T","?","M","R","E","?","R","B",null,"M","$","M","M","?","R","M","R","T","R","?","?","M","M","R","B"],"character_chosen":"THE_SILENT","items_purchased":["Noxious Fumes","Flechettes+1","Bottled Tornado","Masterful Stab+1","Noxious Fumes","Dash+1"],"campfire_rested":5,"item_purchase_floors":[5,5,19,19,36,36],"current_hp_per_floor":[61,61,58,58,58,36,57,51,51,51,32,32,32,32,68,47,70,69,69,69,65,55,55,32,68,68,68,62,62,35,35,70,22,70,70,70,66,57,70,70,57,57,57,57,57,57,55,51,70,0],"gold":98,"neow_bonus":"THREE_CARDS","is_prod":false,"is_daily":false,"chose_seed":false,"campfire_upgraded":5,"win_rate":0,"timestamp":1569571132,"path_taken":["M","?","?","?","?","E","R","E","T","R","E","M","M","M","R","BOSS","M","$","?","M","M","R","E","R","T","?","M","R","E","?","R","BOSS","M","$","M","M","?","R","M","R","T","R","?","?","M","M","R","BOSS"],"build_version":"2019-07-17","purchased_purges":1,"victory":false,"max_hp_per_floor":[70,70,70,70,70,70,70,70,70,70,70,70,70,70,70,70,70,70,70,70,70,70,70,70,70,70,70,70,70,70,70,70,70,70,70,70,70,70,70,70,70,70,70,70,70,70,70,70,70,70],"card_choices":[{"not_picked":["Quick Slash","Distraction"],"picked":"Backflip","floor":0},{"not_picked":["Sucker Punch","Backflip"],"picked":"Deflect","floor":1},{"not_picked":["All Out Attack","Backflip"],"picked":"Doppelganger","floor":2},{"not_picked":["Poisoned Stab+1","Dagger Throw+1"],"picked":"Backstab+1","floor":6},{"not_picked":["Acrobatics","Night Terror"],"picked":"Terror","floor":8},{"not_picked":["Deflect","Blade Dance"],"picked":"Choke+1","floor":11},{"not_picked":["Outmaneuver","Endless Agony+1"],"picked":"Poisoned Stab+1","floor":12},{"not_picked":["Bane+1","Endless Agony+1"],"picked":"Caltrops","floor":13},{"not_picked":["Choke+1","Blade Dance"],"picked":"Flying Knee+1","floor":14},{"not_picked":["Tools of the Trade","A Thousand Cuts"],"picked":"Envenom","floor":16},{"not_picked":["Outmaneuver","Skewer+1"],"picked":"All Out Attack+1","floor":18},{"not_picked":["Infinite Blades","Endless Agony+1"],"picked":"Cloak And Dagger+1","floor":21},{"not_picked":["Flying Knee+1","Tactician"],"picked":"Outmaneuver","floor":22},{"not_picked":["Quick Slash+1","Flying Knee+1"],"picked":"Bouncing Flask+1","floor":24},{"not_picked":["Storm of Steel","Backflip"],"picked":"Dash+1","floor":28},{"not_picked":["Underhanded Strike+1","Infinite Blades+1"],"picked":"Backflip+1","floor":30},{"not_picked":["Cloak And Dagger","Dagger Spray+1"],"picked":"Crippling Poison","floor":32},{"not_picked":["Night Terror","Storm of Steel"],"picked":"Phantasmal Killer","floor":33},{"not_picked":[],"picked":"Bane+1","floor":35},{"not_picked":[],"picked":"Leg Sweep+1","floor":37},{"not_picked":[],"picked":"Backflip+1","floor":38},{"not_picked":[],"picked":"Riddle With Holes+1","floor":41},{"not_picked":["Underhanded Strike+1"],"picked":"SKIP","floor":47},{"not_picked":[],"picked":"Night Terror","floor":48}],"player_experience":99536,"relics_obtained":[{"floor":4,"key":"Molten Egg 2"},{"floor":6,"key":"War Paint"},{"floor":8,"key":"Regal Pillow"},{"floor":11,"key":"Bag of Marbles"},{"floor":24,"key":"Juzu Bracelet"},{"floor":26,"key":"Unceasing Top"},{"floor":30,"key":"Dream Catcher"},{"floor":43,"key":"Anchor"}],"event_choices":[{"damage_healed":0,"gold_gain":0,"player_choice":"Success","damage_taken":3,"relics_obtained":["Vajra"],"max_hp_gain":0,"max_hp_loss":0,"event_name":"Scrap Ooze","floor":3,"gold_loss":0},{"damage_healed":0,"gold_gain":0,"player_choice":"Simplicity","damage_taken":0,"max_hp_gain":0,"max_hp_loss":0,"event_name":"Back to Basics","floor":20,"gold_loss":0,"cards_upgraded":["Strike_G","Strike_G","Strike_G","Defend_G","Defend_G","Defend_G"]},{"damage_healed":0,"gold_gain":0,"player_choice":"Traded Relic","damage_taken":0,"relics_obtained":["Nloth\u0027s Gift"],"max_hp_gain":0,"max_hp_loss":0,"event_name":"N\u0027loth","floor":27,"relics_lost":["Empty Cage"],"gold_loss":0},{"damage_healed":0,"gold_gain":0,"player_choice":"3 cards matched","damage_taken":0,"max_hp_gain":0,"max_hp_loss":0,"event_name":"Match and Keep!","floor":31,"gold_loss":0,"cards_obtained":["After Image","Pain","Neutralize"]},{"damage_healed":18,"gold_gain":0,"player_choice":"Writhe","damage_taken":0,"max_hp_gain":0,"max_hp_loss":0,"event_name":"Winding Halls","floor":39,"gold_loss":0,"cards_obtained":["Writhe"]},{"damage_healed":0,"gold_gain":0,"player_choice":"Ignored","damage_taken":0,"max_hp_gain":0,"max_hp_loss":0,"event_name":"Mysterious Sphere","floor":45,"gold_loss":0},{"cards_removed":["Flechettes"],"damage_healed":0,"gold_gain":0,"player_choice":"Removed Attack","damage_taken":0,"max_hp_gain":0,"max_hp_loss":0,"event_name":"Falling","floor":46,"gold_loss":0}],"is_beta":false,"boss_relics":[{"not_picked":["HoveringKite","Black Star"],"picked":"Empty Cage"},{"not_picked":["Philosopher\u0027s Stone","Tiny House"],"picked":"Busted Crown"}],"items_purged_floors":[36],"is_endless":false,"potions_floor_spawned":[6,13,14,24,30,33,38,47],"killed_by":"Awakened One","ascension_level":2}