{"gold_per_floor":[118,129,129,129,141,141,171,187,187,187,205,235,235,247,247,247],"floor_reached":16,"playtime":679,"items_purged":[],"score":224,"play_id":"bb72e478-abe0-4e5c-915c-f8f6b2905cc7","local_time":"20190927192137","is_ascension_mode":true,"campfire_choices":[{"data":"Undo","floor":6,"key":"SMITH"},{"floor":10,"key":"REST"},{"data":"Core Surge","floor":13,"key":"SMITH"},{"data":"Compile Driver","floor":15,"key":"SMITH"}],"neow_cost":"NONE","seed_source_timestamp":1387003650633400,"circlet_count":0,"master_deck":["AscendersBane","Strike_B","Strike_B","Strike_B","Strike_B","Defend_B","Defend_B","Defend_B","Defend_B","Zap","Dualcast","Sunder+1","Undo+1","Compile Driver+1","Conserve Battery","FTL","Core Surge+1","Chill"],"relics":["Cracked Core","Lantern","Dead Branch"],"potions_floor_usage":[12,16],"damage_taken":[{"damage":19,"enemies":"Small Slimes","floor":1,"turns":4},{"damage":0,"enemies":"Cultist","floor":2,"turns":3},{"damage":0,"enemies":"Jaw Worm","floor":5,"turns":2},{"damage":28,"enemies":"Gremlin Nob","floor":7,"turns":4},{"damage":0,"enemies":"Red Slaver","floor":8,"turns":3},{"damage":1,"enemies":"Looter","floor":11,"turns":3},{"damage":6,"enemies":"Lagavulin","floor":12,"turns":6},{"damage":0,"enemies":"Large Slime","floor":14,"turns":3},{"damage":57,"enemies":"Hexaghost","floor":16,"turns":10}],"seed_played":"-3639439355055266554","potions_obtained":[{"floor":1,"key":"Regen Potion"},{"floor":5,"key":"Explosive Potion"},{"floor":14,"key":"Energy Potion"}],"is_trial":false,"path_per_floor":["M","M","?","?","M","R","E","M","T","R","M","E","R","M","R","B"],"character_chosen":"DEFECT","items_purchased":[],"campfire_rested":1,"item_purchase_floors":[],"current_hp_per_floor":[52,52,52,52,52,52,24,24,24,47,46,55,55,55,55,0],"gold":247,"neow_bonus":"TEN_PERCENT_HP_BONUS","is_prod":false,"is_daily":false,"chose_seed":false,"campfire_upgraded":3,"win_rate":0,"timestamp":1569626497,"path_taken":["M","M","?","?","M","R","E","M","T","R","M","E","R","?","R","BOSS"],"build_version":"2019-07-17","purchased_purges":0,"victory":false,"max_hp_per_floor":[78,78,78,78,78,78,78,78,78,78,78,78,78,78,78,78],"card_choices":[{"not_picked":["Go for the Eyes","Recycle"],"picked":"Sunder","floor":1},{"not_picked":["Stack","Darkness"],"picked":"Undo","floor":2},{"not_picked":["Redo","Stack","Reprogram"],"picked":"SKIP","floor":5},{"not_picked":["Streamline","Sunder"],"picked":"Conserve Battery","floor":7},{"not_picked":["Gash","Tempest"],"picked":"FTL","floor":8},{"not_picked":["Redo","Compile Driver","Barrage"],"picked":"SKIP","floor":11},{"not_picked":["Coolheaded","Darkness"],"picked":"Core Surge","floor":12},{"not_picked":["Steam","Hologram"],"picked":"Chill","floor":14}],"player_experience":1033727,"relics_obtained":[{"floor":7,"key":"Lantern"},{"floor":12,"key":"Dead Branch"}],"event_choices":[{"damage_healed":0,"gold_gain":0,"player_choice":"Grow","damage_taken":0,"max_hp_gain":0,"max_hp_loss":0,"event_name":"Living Wall","floor":3,"gold_loss":0,"cards_upgraded":["Sunder"]},{"damage_healed":0,"gold_gain":0,"player_choice":"1 cards matched","damage_taken":0,"max_hp_gain":0,"max_hp_loss":0,"event_name":"Match and Keep!","floor":4,"gold_loss":0,"cards_obtained":["Compile Driver"]}],"is_beta":false,"boss_relics":[],"items_purged_floors":[],"is_endless":false,"potions_floor_spawned":[1,5,7,14],"killed_by":"Hexaghost","ascension_level":20}