{"gold_per_floor":[109,120,120,140,156,156,191,191,214,249,262,262,291,311,311,414,414,430,443,456,136,51,51,51,63,63,63,0,0,13,29,29,130,130,144,162,178,196,209,209,235,251,275,275,290,41,53,53,53,53],"floor_reached":51,"playtime":3297,"items_purged":["Strike_R","Clumsy"],"score":867,"play_id":"a5afe137-1f1b-4e17-80d6-d55e6581eeac","local_time":"20190924022123","is_ascension_mode":true,"campfire_choices":[{"data":"Armaments","floor":6,"key":"SMITH"},{"data":"Entrench","floor":8,"key":"SMITH"},{"floor":12,"key":"REST"},{"data":"Body Slam","floor":15,"key":"SMITH"},{"floor":23,"key":"REST"},{"floor":29,"key":"REST"},{"floor":32,"key":"REST"},{"floor":40,"key":"REST"},{"floor":44,"key":"REST"},{"data":"Juggernaut","floor":49,"key":"SMITH"}],"neow_cost":"NONE","seed_source_timestamp":989104375916700,"circlet_count":0,"master_deck":["Strike_R","Strike_R","Strike_R","Strike_R+1","Defend_R+1","Defend_R","Defend_R","Defend_R","Bash","Barricade+1","Ghostly Armor+1","Iron Wave","Armaments+1","Spot Weakness","Entrench+1","Dual Wield","Body Slam+1","Body Slam+1","Feel No Pain","Feed","Entrench+1","Shrug It Off","Iron Wave","Metallicize","Shockwave+1","Brutality","Ghostly Armor+1","Impervious+1","Iron Wave","Power Through+1","Disarm+1","Juggernaut+1","Metallicize+1","Infernal Blade+1","Writhe"],"relics":["Burning Blood","Strawberry","War Paint","PreservedInsect","Whetstone","Mark of Pain","Anchor","Darkstone Periapt","Toxic Egg 2","Cursed Key","Shuriken","Dream Catcher","Lantern"],"potions_floor_usage":[7,13,18,33,33,36,37,38,50,50],"damage_taken":[{"damage":4,"enemies":"2 Louse","floor":1,"turns":3},{"damage":10,"enemies":"Cultist","floor":2,"turns":4},{"damage":8,"enemies":"Jaw Worm","floor":4,"turns":4},{"damage":2,"enemies":"Blue Slaver","floor":5,"turns":7},{"damage":20,"enemies":"Gremlin Nob","floor":7,"turns":5},{"damage":17,"enemies":"3 Sentries","floor":10,"turns":11},{"damage":10,"enemies":"Looter","floor":11,"turns":3},{"damage":16,"enemies":"Gremlin Nob","floor":13,"turns":3},{"damage":0,"enemies":"Large Slime","floor":14,"turns":6},{"damage":35,"enemies":"Slime Boss","floor":16,"turns":9},{"damage":12,"enemies":"Spheric Guardian","floor":18,"turns":6},{"damage":24,"enemies":"Chosen","floor":19,"turns":6},{"damage":45,"enemies":"3 Cultists","floor":20,"turns":7},{"damage":36,"enemies":"Snecko","floor":25,"turns":7},{"damage":30,"enemies":"Snake Plant","floor":30,"turns":6},{"damage":8,"enemies":"Centurion and Healer","floor":31,"turns":8},{"damage":0,"enemies":"Champ","floor":33,"turns":6},{"damage":3,"enemies":"3 Darklings","floor":35,"turns":4},{"damage":6,"enemies":"Orb Walker","floor":36,"turns":7},{"damage":10,"enemies":"Jaw Worm Horde","floor":37,"turns":7},{"damage":52,"enemies":"Writhing Mass","floor":38,"turns":5},{"damage":0,"enemies":"Maw","floor":39,"turns":9},{"damage":30,"enemies":"Nemesis","floor":41,"turns":9},{"damage":49,"enemies":"Spire Growth","floor":42,"turns":9},{"damage":0,"enemies":"Sphere and 2 Shapes","floor":45,"turns":7},{"damage":0,"enemies":"Jaw Worm Horde","floor":47,"turns":5},{"damage":54,"enemies":"Time Eater","floor":50,"turns":9}],"seed_played":"3782608214081471411","potions_obtained":[{"floor":4,"key":"SteroidPotion"},{"floor":5,"key":"SteroidPotion"},{"floor":10,"key":"LiquidBronze"},{"floor":13,"key":"GamblersBrew"},{"floor":14,"key":"FairyPotion"},{"floor":33,"key":"Weak Potion"},{"floor":36,"key":"Energy Potion"},{"floor":37,"key":"Poison Potion"},{"floor":41,"key":"FearPotion"},{"floor":42,"key":"LiquidBronze"}],"is_trial":false,"path_per_floor":["M","M","?","M","M","R","E","R","T","E","M","R","E","M","R","B",null,"M","M","M","$","?","R","?","M","T","?","?","R","M","M","R","B",null,"M","M","M","M","M","R","E","M","T","R","M","$","M","?","R","B",null],"character_chosen":"IRONCLAD","items_purchased":["Anchor","Iron Wave","Dexterity Potion","Lantern"],"campfire_rested":6,"item_purchase_floors":[21,21,21,46],"current_hp_per_floor":[80,76,76,74,78,78,71,71,71,60,56,82,72,78,78,49,87,81,63,27,27,27,54,54,24,24,6,6,34,10,11,40,46,98,98,98,97,51,57,87,63,20,26,58,67,67,76,110,110,62],"gold":53,"neow_bonus":"ONE_RANDOM_RARE_CARD","is_prod":false,"is_daily":false,"chose_seed":false,"campfire_upgraded":4,"win_rate":0,"timestamp":1569306083,"path_taken":["M","M","?","M","M","R","E","R","T","E","M","R","E","M","R","BOSS","M","?","M","$","?","R","?","M","T","?","?","R","?","M","R","BOSS","M","M","?","?","M","R","E","?","T","R","M","?","M","?","R","BOSS"],"build_version":"2019-07-17","purchased_purges":2,"victory":true,"max_hp_per_floor":[80,80,80,80,80,80,87,87,87,87,87,87,87,87,87,87,87,87,87,90,90,90,90,90,90,90,95,95,95,95,98,98,98,98,98,98,101,101,101,101,101,101,107,107,110,110,113,119,119,119],"card_choices":[{"not_picked":["Heavy Blade","Clash"],"picked":"Ghostly Armor","floor":1},{"not_picked":["True Grit","Sword Boomerang"],"picked":"Iron Wave","floor":2},{"not_picked":["Inflame","Pummel"],"picked":"Armaments","floor":4},{"not_picked":["Second Wind","Shrug It Off"],"picked":"Spot Weakness","floor":5},{"not_picked":["Bloodletting","True Grit"],"picked":"Entrench","floor":7},{"not_picked":["Bludgeon","Warcry"],"picked":"Dual Wield","floor":10},{"not_picked":["True Grit","Carnage"],"picked":"Body Slam","floor":11},{"not_picked":["Limit Break","Cleave"],"picked":"Body Slam","floor":13},{"not_picked":["Sword Boomerang","Clothesline"],"picked":"Feel No Pain","floor":14},{"not_picked":["Impervious","Bludgeon"],"picked":"Feed","floor":16},{"not_picked":["Clash","True Grit+1"],"picked":"Entrench+1","floor":18},{"not_picked":["Pommel Strike","Perfected Strike","Clothesline"],"picked":"SKIP","floor":19},{"not_picked":["Sword Boomerang","Bloodletting"],"picked":"Shrug It Off","floor":20},{"not_picked":["Spot Weakness","Iron Wave"],"picked":"Metallicize","floor":25},{"not_picked":["Clothesline","Intimidate+1"],"picked":"Shockwave+1","floor":30},{"not_picked":["Warcry+1","Armaments+1","Reckless Charge"],"picked":"SKIP","floor":31},{"not_picked":["Double Tap+1","Barricade"],"picked":"Brutality","floor":33},{"not_picked":["Carnage","Body Slam+1"],"picked":"Ghostly Armor+1","floor":35},{"not_picked":["Flex+1","Combust+1","Armaments+1"],"picked":"SKIP","floor":36},{"not_picked":["Clash+1","Headbutt+1"],"picked":"Impervious+1","floor":37},{"not_picked":["Combust+1","Clothesline+1","Reckless Charge+1"],"picked":"SKIP","floor":38},{"not_picked":["Armaments+1","Warcry+1"],"picked":"Iron Wave","floor":39},{"not_picked":["Flex+1","Perfected Strike+1"],"picked":"Power Through+1","floor":41},{"not_picked":["Sword Boomerang+1","Thunderclap+1"],"picked":"Disarm+1","floor":42},{"not_picked":["Bloodletting+1","Ghostly Armor+1"],"picked":"Juggernaut","floor":44},{"not_picked":["Clothesline+1","Warcry+1"],"picked":"Metallicize+1","floor":45},{"not_picked":["Sword Boomerang","Combust"],"picked":"Infernal Blade+1","floor":47}],"player_experience":55329,"relics_obtained":[{"floor":7,"key":"Strawberry"},{"floor":9,"key":"War Paint"},{"floor":10,"key":"PreservedInsect"},{"floor":13,"key":"Whetstone"},{"floor":26,"key":"Toxic Egg 2"},{"floor":41,"key":"Shuriken"},{"floor":43,"key":"Dream Catcher"}],"event_choices":[{"damage_healed":0,"gold_gain":0,"player_choice":"Upgraded","damage_taken":0,"max_hp_gain":0,"max_hp_loss":0,"event_name":"Upgrade Shrine","floor":3,"gold_loss":0,"cards_upgraded":["Barricade"]},{"damage_healed":0,"gold_gain":0,"player_choice":"Obtained Relic","damage_taken":0,"relics_obtained":["Darkstone Periapt"],"max_hp_gain":0,"max_hp_loss":0,"event_name":"Addict","floor":22,"gold_loss":85},{"damage_healed":0,"gold_gain":0,"player_choice":"Ignored","damage_taken":0,"max_hp_gain":0,"max_hp_loss":0,"event_name":"Ghosts","floor":24,"gold_loss":0},{"damage_healed":0,"gold_gain":0,"player_choice":"Shed Blood","damage_taken":23,"max_hp_gain":5,"max_hp_loss":0,"event_name":"Forgotten Altar","floor":27,"gold_loss":0},{"damage_healed":0,"gold_gain":0,"player_choice":"Paid Fearfully","damage_taken":0,"max_hp_gain":0,"max_hp_loss":0,"event_name":"Masked Bandits","floor":28,"gold_loss":63},{"damage_healed":28,"gold_gain":0,"player_choice":"Writhe","damage_taken":0,"max_hp_gain":0,"max_hp_loss":0,"event_name":"Winding Halls","floor":48,"gold_loss":0,"cards_obtained":["Writhe"]}],"is_beta":false,"boss_relics":[{"not_picked":["Snecko Eye","Calling Bell"],"picked":"Mark of Pain"},{"not_picked":["Astrolabe","Sozu"],"picked":"Cursed Key"}],"items_purged_floors":[21,46],"is_endless":false,"potions_floor_spawned":[4,5,10,13,14,25,33,36,37,41,42],"ascension_level":1}