{"gold_per_floor":[111,111,111,111,124,149,149,49,107,107],"floor_reached":10,"playtime":103,"items_purged":["Strike_P"],"score":200,"play_id":"bf50a9da-9249-4bbb-b549-1ed3ca93e37c","local_time":"20190927014512","is_ascension_mode":true,"campfire_choices":[{"data":"Eruption","floor":7,"key":"SMITH"}],"neow_cost":"NONE","seed_source_timestamp":338046296567300,"circlet_count":0,"master_deck":["Strike_P+1","Strike_P","Strike_P","Defend_P","Defend_P","Defend_P","Eruption+1","Vigilance+1","AscMod:ascendersbane"],"relics":["PureWater","NeowsBlessing","Golden Idol","Question Card","Gremlin Horn"],"potions_floor_usage":[10],"damage_taken":[{"damage":0,"enemies":"Small Slimes","floor":1,"turns":2},{"damage":0,"enemies":"Jaw Worm","floor":5,"turns":1},{"damage":0,"enemies":"Lagavulin","floor":6,"turns":1},{"damage":28,"enemies":"3 Sentries","floor":10,"turns":5}],"seed_played":"623697828459496285","potions_obtained":[{"floor":6,"key":"Regen Potion"}],"is_trial":false,"path_per_floor":["M","?","?","?","M","E","R","$","T","E"],"character_chosen":"WATCHER","items_purchased":[],"campfire_rested":0,"item_purchase_floors":[],"current_hp_per_floor":[55,37,37,30,30,30,30,30,30,13],"gold":107,"neow_bonus":"THREE_ENEMY_KILL","is_prod":false,"is_daily":false,"chose_seed":false,"campfire_upgraded":1,"win_rate":0,"timestamp":1569523512,"path_taken":["M","?","?","?","M","E","R","$","T","E"],"build_version":"2019-09-25","purchased_purges":1,"victory":false,"max_hp_per_floor":[61,61,55,55,55,55,55,55,55,55],"card_choices":[{"not_picked":["BowlingBash","FlyingSleeves","TalkToTheHand"],"picked":"SKIP","floor":1},{"not_picked":["Consecrate","Unraveling","Weave"],"picked":"SKIP","floor":5},{"not_picked":["ClearTheMind","CutThroughFate","ThirdEye"],"picked":"SKIP","floor":6}],"player_experience":1163135,"relics_obtained":[{"floor":6,"key":"Question Card"},{"floor":9,"key":"Gremlin Horn"}],"event_choices":[{"damage_healed":0,"gold_gain":0,"player_choice":"Entered Light","damage_taken":18,"max_hp_gain":0,"max_hp_loss":0,"event_name":"Shining Light","floor":2,"gold_loss":0,"cards_upgraded":["Vigilance","Strike_P"]},{"damage_healed":0,"gold_gain":0,"player_choice":"Lose Max HP","damage_taken":0,"relics_obtained":["Golden Idol"],"max_hp_gain":0,"max_hp_loss":6,"event_name":"Golden Idol","floor":3,"gold_loss":0},{"cards_removed":["Defend_P"],"damage_healed":0,"gold_gain":0,"player_choice":"Card Removal","damage_taken":7,"max_hp_gain":0,"max_hp_loss":0,"event_name":"Golden Wing","floor":4,"gold_loss":0}],"is_beta":true,"boss_relics":[],"items_purged_floors":[8],"is_endless":false,"potions_floor_spawned":[6],"killed_by":"3 Sentries","ascension_level":25}