{"gold_per_floor":[109,33,33,33,33,77,77,97,97,97,97,22,197,216,216,216],"floor_reached":16,"playtime":336,"items_purged":["Injury"],"score":182,"play_id":"338c7f4c-31b1-44c6-b2a1-372df763807e","local_time":"20190929194345","is_ascension_mode":true,"campfire_choices":[{"data":"Fission","floor":7,"key":"SMITH"},{"data":"Zap","floor":10,"key":"SMITH"},{"data":"Chill","floor":15,"key":"SMITH"}],"neow_cost":"NONE","seed_source_timestamp":6865301235600,"circlet_count":0,"master_deck":["AscendersBane","Strike_B","Strike_B","Defend_B","Defend_B","Defend_B","Defend_B","Zap+1","Dualcast","Chill+1","Consume","Fission+1","Barrage","Cold Snap","Doubt"],"relics":["Cracked Core","NeowsBlessing","Golden Idol","Symbiotic Virus","Mango","Molten Egg 2"],"potions_floor_usage":[16],"damage_taken":[{"damage":0,"enemies":"Jaw Worm","floor":1,"turns":1},{"damage":0,"enemies":"Gremlin Nob","floor":6,"turns":1},{"damage":0,"enemies":"Small Slimes","floor":8,"turns":1},{"damage":1,"enemies":"2 Louse","floor":14,"turns":2},{"damage":79,"enemies":"Hexaghost","floor":16,"turns":14}],"seed_played":"7746606088350900912","potions_obtained":[{"floor":6,"key":"Energy Potion"},{"floor":14,"key":"EssenceOfSteel"}],"is_trial":false,"path_per_floor":["M","$","?","?","?","E","R","M","T","R","T","$","?","M","R","B"],"character_chosen":"DEFECT","items_purchased":["Consume"],"campfire_rested":0,"item_purchase_floors":[2],"current_hp_per_floor":[68,68,68,61,61,61,61,61,75,75,75,75,75,74,74,0],"gold":216,"neow_bonus":"THREE_ENEMY_KILL","is_prod":false,"is_daily":false,"chose_seed":false,"campfire_upgraded":3,"win_rate":0,"timestamp":1569779025,"path_taken":["M","$","?","?","?","E","R","M","T","R","?","$","?","M","R","BOSS"],"build_version":"2019-07-17","purchased_purges":1,"victory":false,"max_hp_per_floor":[75,75,75,75,75,75,75,75,89,89,89,89,89,89,89,89],"card_choices":[{"not_picked":["Leap","Conserve Battery"],"picked":"Chill","floor":1},{"not_picked":["Ball Lightning","Steam"],"picked":"Barrage","floor":6},{"not_picked":["Hologram","Stack"],"picked":"Cold Snap","floor":8},{"not_picked":["Leap","Beam Cell+1","Streamline+1"],"picked":"SKIP","floor":14}],"player_experience":414375,"relics_obtained":[{"floor":6,"key":"Symbiotic Virus"},{"floor":9,"key":"Mango"},{"floor":11,"key":"Molten Egg 2"}],"event_choices":[{"damage_healed":0,"gold_gain":0,"cards_transformed":["Strike_B"],"player_choice":"Change","damage_taken":0,"max_hp_gain":0,"max_hp_loss":0,"event_name":"Living Wall","floor":3,"gold_loss":0,"cards_obtained":["Fission"]},{"cards_removed":["Strike_B"],"damage_healed":0,"gold_gain":0,"player_choice":"Card Removal","damage_taken":7,"max_hp_gain":0,"max_hp_loss":0,"event_name":"Golden Wing","floor":4,"gold_loss":0},{"damage_healed":0,"gold_gain":0,"player_choice":"Take Wound","damage_taken":0,"relics_obtained":["Golden Idol"],"max_hp_gain":0,"max_hp_loss":0,"event_name":"Golden Idol","floor":5,"gold_loss":0,"cards_obtained":["Injury"]},{"damage_healed":0,"gold_gain":175,"player_choice":"AGREE","damage_taken":0,"max_hp_gain":0,"max_hp_loss":0,"event_name":"Liars Game","floor":13,"gold_loss":0,"cards_obtained":["Doubt"]}],"is_beta":false,"boss_relics":[],"items_purged_floors":[12],"is_endless":false,"potions_floor_spawned":[6,14],"killed_by":"Hexaghost","ascension_level":10}