{"gold_per_floor":[109,109,129,54,54,89,102,102,102,436,455,466,73,89,89,187,187,197,177,195,209,229,229,247,12,12,0,0,0,0,0,0,100,100,114,0,0,14,14,14,26,26,26,26,46,46,65,85,85,85],"floor_reached":51,"playtime":2947,"items_purged":["Decay","Strike_R"],"score":709,"play_id":"3ce40d2d-d30e-49af-8745-d0d04d07b387","local_time":"20190923221540","is_ascension_mode":false,"campfire_choices":[{"data":"Rampage","floor":8,"key":"SMITH"},{"floor":15,"key":"REST"},{"floor":23,"key":"REST"},{"floor":28,"key":"REST"},{"data":"Seeing Red","floor":32,"key":"SMITH"},{"data":"Bloodletting","floor":40,"key":"SMITH"},{"floor":44,"key":"REST"},{"floor":49,"key":"REST"}],"neow_cost":"CURSE","seed_source_timestamp":974708899273800,"circlet_count":0,"master_deck":["Strike_R+1","Defend_R+1","Defend_R+1","Defend_R+1","Defend_R+1","Bash","Headbutt","Rampage+1","Barricade+1","Flex","Shrug It Off","Inflame+1","Rampage","Seeing Red+1","Rupture+1","Offering","Pommel Strike","Whirlwind+1","Cleave","Armaments","Bloodletting+1","Pain","Demon Form+1","True Grit+1","Rupture+1","Offering+1","Iron Wave","Magnetism+1","Violence","Sadistic Nature+1","Combust+1","Clumsy","Doubt","Disarm","Armaments+1"],"relics":["Burning Blood","Shovel","Frozen Egg 2","Charon\u0027s Ashes","Regal Pillow","Old Coin","Pen Nib","Cursed Key","Lantern","Dodecahedron","Calipers","Astrolabe","Red Mask","Ornamental Fan","Potion Belt"],"potions_floor_usage":[11,16,19,20,22,47,50,50],"damage_taken":[{"damage":7,"enemies":"Small Slimes","floor":1,"turns":3},{"damage":7,"enemies":"Jaw Worm","floor":3,"turns":4},{"damage":17,"enemies":"Gremlin Nob","floor":6,"turns":4},{"damage":7,"enemies":"Cultist","floor":7,"turns":5},{"damage":16,"enemies":"Lagavulin","floor":10,"turns":7},{"damage":8,"enemies":"3 Louse","floor":11,"turns":3},{"damage":9,"enemies":"2 Fungi Beasts","floor":12,"turns":3},{"damage":7,"enemies":"Large Slime","floor":14,"turns":4},{"damage":30,"enemies":"The Guardian","floor":16,"turns":7},{"damage":34,"enemies":"Shell Parasite","floor":18,"turns":5},{"damage":25,"enemies":"2 Thieves","floor":20,"turns":3},{"damage":37,"enemies":"Centurion and Healer","floor":21,"turns":5},{"damage":0,"enemies":"Snake Plant","floor":22,"turns":1},{"damage":25,"enemies":"Snecko","floor":24,"turns":6},{"damage":54,"enemies":"Champ","floor":33,"turns":11},{"damage":25,"enemies":"3 Shapes","floor":35,"turns":2},{"damage":7,"enemies":"3 Darklings","floor":38,"turns":1},{"damage":16,"enemies":"Sphere and 2 Shapes","floor":41,"turns":4},{"damage":35,"enemies":"Transient","floor":45,"turns":5},{"damage":11,"enemies":"3 Darklings","floor":47,"turns":2},{"damage":21,"enemies":"Maw","floor":48,"turns":6},{"damage":66,"enemies":"Donu and Deca","floor":50,"turns":5}],"seed_played":"-7380393211512883912","potions_obtained":[{"floor":7,"key":"Energy Potion"},{"floor":10,"key":"EssenceOfSteel"},{"floor":11,"key":"PowerPotion"},{"floor":16,"key":"SpeedPotion"},{"floor":19,"key":"Fruit Juice"},{"floor":21,"key":"AttackPotion"},{"floor":24,"key":"Ancient Potion"},{"floor":41,"key":"Energy Potion"},{"floor":47,"key":"Fire Potion"},{"floor":48,"key":"Energy Potion"}],"is_trial":false,"path_per_floor":["M","?","M","$","?","E","M","R","T","E","M","M","$","M","R","B",null,"M","?","M","M","M","R","M","$","T","?","R","?","?","?","R","B",null,"M","?","?","M","T","R","M","$","T","R","M","$","M","M","R","B",null],"character_chosen":"IRONCLAD","items_purchased":["Pen Nib","Seeing Red","Rupture+1","Bloodletting","Lantern"],"campfire_rested":5,"item_purchase_floors":[13,13,13,25,25],"current_hp_per_floor":[79,84,83,83,76,65,64,64,64,54,52,49,49,48,85,61,85,57,62,43,12,18,60,41,41,41,41,83,83,83,65,65,17,95,76,76,66,65,65,65,55,55,55,95,66,66,61,46,89,29],"gold":85,"neow_bonus":"ONE_RARE_RELIC","is_prod":false,"is_daily":false,"chose_seed":false,"campfire_upgraded":3,"win_rate":0,"timestamp":1569291340,"path_taken":["M","?","M","$","?","E","M","R","T","E","M","M","?","M","R","BOSS","M","?","?","M","M","R","M","$","T","?","R","?","?","?","R","BOSS","M","?","?","M","?","R","?","$","T","R","M","?","M","M","R","BOSS"],"build_version":"2019-07-17","purchased_purges":2,"victory":true,"max_hp_per_floor":[80,85,85,85,85,85,85,85,85,85,85,85,85,85,85,85,85,85,90,90,90,90,90,90,90,90,90,90,90,90,95,95,95,95,95,95,95,95,95,95,95,95,95,95,95,95,95,95,95,95],"card_choices":[{"not_picked":["Anger","Sword Boomerang"],"picked":"Headbutt","floor":1},{"not_picked":["Pummel","Shrug It Off"],"picked":"Rampage","floor":3},{"not_picked":["Rupture+1","Clothesline"],"picked":"Barricade+1","floor":6},{"not_picked":["Perfected Strike","Thunderclap"],"picked":"Flex","floor":7},{"not_picked":["Sword Boomerang","Thunderclap"],"picked":"Shrug It Off","floor":10},{"not_picked":["Twin Strike","Warcry"],"picked":"Inflame+1","floor":11},{"not_picked":["Perfected Strike","Carnage"],"picked":"Rampage","floor":12},{"not_picked":["Shockwave","Clothesline","Impervious"],"picked":"SKIP","floor":14},{"not_picked":["Limit Break","Demon Form+1"],"picked":"Offering","floor":16},{"not_picked":["Thunderclap","Fire Breathing+1"],"picked":"Pommel Strike","floor":18},{"not_picked":["Clash","Dual Wield"],"picked":"Whirlwind+1","floor":20},{"not_picked":["Shrug It Off+1","Twin Strike"],"picked":"Cleave","floor":21},{"not_picked":["Fire Breathing+1","Perfected Strike"],"picked":"Armaments","floor":22},{"not_picked":["Carnage","Flex","Headbutt"],"picked":"SKIP","floor":24},{"not_picked":["Limit Break","Bludgeon"],"picked":"Demon Form+1","floor":33},{"not_picked":["Perfected Strike+1","Flex+1"],"picked":"Iron Wave","floor":35},{"not_picked":["Thinking Ahead","Metamorphosis"],"picked":"Magnetism+1","floor":37},{"not_picked":["Madness","Trip"],"picked":"Violence","floor":37},{"not_picked":["Panacea","Blind"],"picked":"Sadistic Nature+1","floor":37},{"not_picked":["Headbutt","Twin Strike"],"picked":"Combust+1","floor":38},{"not_picked":["Sever Soul","Whirlwind+1","True Grit+1"],"picked":"SKIP","floor":41},{"not_picked":["Clothesline","Perfected Strike+1"],"picked":"Disarm","floor":45},{"not_picked":["Ghostly Armor","Clash+1","Twin Strike"],"picked":"SKIP","floor":47},{"not_picked":["Thunderclap+1","Sword Boomerang"],"picked":"Armaments+1","floor":48}],"player_experience":41075,"relics_obtained":[{"floor":6,"key":"Charon\u0027s Ashes"},{"floor":9,"key":"Regal Pillow"},{"floor":10,"key":"Old Coin"},{"floor":26,"key":"Dodecahedron"},{"floor":39,"key":"Ornamental Fan"},{"floor":43,"key":"Potion Belt"}],"event_choices":[{"damage_healed":0,"gold_gain":0,"player_choice":"Donut","damage_taken":0,"max_hp_gain":5,"max_hp_loss":0,"event_name":"Big Fish","floor":2,"gold_loss":0},{"damage_healed":0,"gold_gain":0,"player_choice":"Success","damage_taken":7,"relics_obtained":["Frozen Egg 2"],"max_hp_gain":0,"max_hp_loss":0,"event_name":"Scrap Ooze","floor":5,"gold_loss":0},{"damage_healed":0,"gold_gain":0,"player_choice":"Bought 1 Potion","damage_taken":0,"max_hp_gain":0,"max_hp_loss":0,"event_name":"The Woman in Blue","floor":19,"gold_loss":0},{"damage_healed":0,"gold_gain":0,"player_choice":"Paid Fearfully","damage_taken":0,"max_hp_gain":0,"max_hp_loss":0,"event_name":"Masked Bandits","floor":27,"gold_loss":12},{"damage_healed":0,"gold_gain":0,"player_choice":"Simplicity","damage_taken":0,"max_hp_gain":0,"max_hp_loss":0,"event_name":"Back to Basics","floor":29,"gold_loss":0,"cards_upgraded":["Strike_R","Strike_R","Strike_R","Strike_R","Defend_R","Defend_R","Defend_R","Defend_R"]},{"damage_healed":0,"gold_gain":0,"player_choice":"Opened","damage_taken":0,"relics_obtained":["Calipers"],"max_hp_gain":0,"max_hp_loss":0,"event_name":"The Mausoleum","floor":30,"gold_loss":0},{"damage_healed":0,"gold_gain":0,"player_choice":"Shed Blood","damage_taken":23,"max_hp_gain":5,"max_hp_loss":0,"event_name":"Forgotten Altar","floor":31,"gold_loss":0},{"damage_healed":0,"gold_gain":0,"player_choice":"Paid","damage_taken":0,"relics_obtained":["Red Mask"],"max_hp_gain":0,"max_hp_loss":0,"event_name":"Tomb of Lord Red Mask","floor":36,"gold_loss":114},{"damage_healed":0,"gold_gain":0,"player_choice":"Memory 3","damage_taken":10,"max_hp_gain":0,"max_hp_loss":0,"event_name":"SensoryStone","floor":37,"gold_loss":0}],"is_beta":false,"boss_relics":[{"not_picked":["Snecko Eye","Runic Pyramid"],"picked":"Cursed Key"},{"not_picked":["Runic Dome","Tiny House"],"picked":"Astrolabe"}],"items_purged_floors":[4,13],"is_endless":false,"potions_floor_spawned":[7,10,11,16,21,24,41,47,48],"ascension_level":0}