{"gold_per_floor":[212,212,122,122,132,132,163,174,244,244,254,279,290,302,302,374,374,351,351,61,81,81,81,111,111,135,162,162,172,172,202,202,202],"floor_reached":33,"playtime":1251,"items_purged":["Havoc"],"score":626,"play_id":"746d0204-13c4-420a-9bdd-fddb1d0d89d6","local_time":"20190928143512","is_ascension_mode":true,"campfire_choices":[{"data":"Anger","floor":6,"key":"SMITH"},{"floor":10,"key":"REST"},{"floor":15,"key":"REST"},{"data":"Apotheosis","floor":23,"key":"SMITH"},{"floor":25,"key":"REST"},{"data":"Disarm","floor":28,"key":"SMITH"},{"data":"Metallicize","floor":30,"key":"SMITH"},{"floor":32,"key":"REST"}],"neow_cost":"NONE","seed_source_timestamp":1001264200486900,"circlet_count":0,"master_deck":["AscendersBane","Strike_R+1","Strike_R","Strike_R","Defend_R","Defend_R","Defend_R","Defend_R","Bash+1","Flame Barrier+1","Disarm+1","Anger+1","Impervious","Body Slam","Headbutt","Uppercut","Inflame","Exhume","Metallicize+1","Apotheosis+1","Body Slam","Body Slam","Headbutt"],"relics":["Burning Blood","Whetstone","Bottled Lightning","Boot","SlaversCollar","Juzu Bracelet","Centennial Puzzle","Art of War","Bronze Scales"],"potions_floor_usage":[7,12,16,24,27,29],"damage_taken":[{"damage":6,"enemies":"Jaw Worm","floor":1,"turns":5},{"damage":4,"enemies":"2 Louse","floor":5,"turns":3},{"damage":65,"enemies":"3 Sentries","floor":7,"turns":13},{"damage":0,"enemies":"Small Slimes","floor":8,"turns":3},{"damage":7,"enemies":"Exordium Wildlife","floor":11,"turns":6},{"damage":10,"enemies":"Lagavulin","floor":12,"turns":7},{"damage":16,"enemies":"Large Slime","floor":13,"turns":5},{"damage":14,"enemies":"Exordium Thugs","floor":14,"turns":5},{"damage":24,"enemies":"The Guardian","floor":16,"turns":14},{"damage":14,"enemies":"2 Thieves","floor":18,"turns":4},{"damage":7,"enemies":"Chosen","floor":21,"turns":8},{"damage":7,"enemies":"Book of Stabbing","floor":24,"turns":7},{"damage":14,"enemies":"Gremlin Leader","floor":27,"turns":5},{"damage":8,"enemies":"Centurion and Healer","floor":29,"turns":7},{"damage":3,"enemies":"Book of Stabbing","floor":31,"turns":5},{"damage":92,"enemies":"Collector","floor":33,"turns":8}],"seed_played":"7485479857265819833","potions_obtained":[{"floor":5,"key":"Swift Potion"},{"floor":8,"key":"Fire Potion"},{"floor":11,"key":"GamblersBrew"},{"floor":13,"key":"SpeedPotion"},{"floor":18,"key":"BloodPotion"},{"floor":24,"key":"Weak Potion"}],"is_trial":false,"path_per_floor":["M","?","$","?","M","R","E","M","T","R","M","E","M","M","R","B",null,"M","?","$","M","?","R","E","R","T","E","R","M","R","E","R","B"],"character_chosen":"IRONCLAD","items_purchased":["Disarm","Apotheosis","Body Slam"],"campfire_rested":4,"item_purchase_floors":[3,20,20],"current_hp_per_floor":[68,68,68,68,70,70,11,17,17,39,38,34,24,16,38,20,61,53,53,53,52,31,31,46,70,70,62,62,60,60,63,80,0],"gold":202,"neow_bonus":"HUNDRED_GOLD","is_prod":false,"is_daily":false,"chose_seed":false,"campfire_upgraded":4,"win_rate":0,"timestamp":1569706512,"path_taken":["M","?","$","?","M","R","E","M","T","R","M","E","M","M","R","BOSS","M","?","$","M","?","R","E","R","T","E","R","M","R","E","R","BOSS"],"build_version":"2019-09-27","purchased_purges":1,"victory":false,"max_hp_per_floor":[75,75,75,75,75,75,75,75,75,75,75,75,75,75,75,75,75,75,75,75,75,80,80,80,80,80,80,80,80,80,80,80,80],"card_choices":[{"not_picked":["Havoc","Cleave"],"picked":"Flame Barrier","floor":1},{"not_picked":["Headbutt","Corruption"],"picked":"Anger","floor":5},{"not_picked":["Shrug It Off","Combust"],"picked":"Impervious","floor":7},{"not_picked":["Wild Strike","Reckless Charge"],"picked":"Body Slam","floor":8},{"not_picked":["Anger","Seeing Red"],"picked":"Headbutt","floor":11},{"not_picked":["Pummel","Anger","Dropkick"],"picked":"SKIP","floor":12},{"not_picked":["Second Wind","Havoc"],"picked":"Uppercut","floor":13},{"not_picked":["Combust","Whirlwind"],"picked":"Inflame","floor":14},{"not_picked":["Brutality","Dark Embrace"],"picked":"Exhume","floor":16},{"not_picked":["Anger","Dropkick","True Grit"],"picked":"SKIP","floor":18},{"not_picked":["Spot Weakness","Reckless Charge","Pommel Strike"],"picked":"SKIP","floor":21},{"not_picked":["Infernal Blade","Shrug It Off"],"picked":"Body Slam","floor":24},{"not_picked":["Brutality","Combust","Havoc"],"picked":"SKIP","floor":27},{"not_picked":["Iron Wave","Twin Strike","Clash"],"picked":"SKIP","floor":29},{"not_picked":["Clash","Flex"],"picked":"Headbutt","floor":31}],"player_experience":1097370,"relics_obtained":[{"floor":7,"key":"Whetstone"},{"floor":9,"key":"Bottled Lightning"},{"floor":12,"key":"Boot"},{"floor":24,"key":"Juzu Bracelet"},{"floor":26,"key":"Centennial Puzzle"},{"floor":27,"key":"Art of War"},{"floor":31,"key":"Bronze Scales"}],"event_choices":[{"damage_healed":0,"gold_gain":0,"player_choice":"Grow","damage_taken":0,"max_hp_gain":0,"max_hp_loss":0,"event_name":"Living Wall","floor":2,"gold_loss":0,"cards_upgraded":["Flame Barrier"]},{"damage_healed":0,"gold_gain":0,"player_choice":"Ignored","damage_taken":0,"max_hp_gain":0,"max_hp_loss":0,"event_name":"Liars Game","floor":4,"gold_loss":0},{"damage_healed":0,"gold_gain":0,"cards_transformed":["Strike_R","Strike_R"],"player_choice":"Became Test Subject","damage_taken":0,"max_hp_gain":0,"max_hp_loss":0,"event_name":"Drug Dealer","floor":19,"gold_loss":0,"cards_obtained":["Havoc","Metallicize"]},{"damage_healed":0,"gold_gain":0,"player_choice":"Shed Blood","damage_taken":26,"max_hp_gain":5,"max_hp_loss":0,"event_name":"Forgotten Altar","floor":22,"gold_loss":0}],"is_beta":true,"boss_relics":[{"not_picked":["Coffee Dripper","Black Star"],"picked":"SlaversCollar"}],"items_purged_floors":[20],"is_endless":false,"potions_floor_spawned":[5,8,11,13,14,18,21,24],"killed_by":"Collector","ascension_level":20}