{"gold_per_floor":[117,117,42,42,52,77,77,108,108,120,120,120,131,148,148,244,244,262,282,282,27,45,45,76,1,1,15,15,40,55,55],"floor_reached":31,"playtime":1030,"items_purged":["Strike_R"],"score":403,"play_id":"61e5bfbb-c827-44e1-a4b3-6f78fb38935a","local_time":"20190928072201","is_ascension_mode":true,"campfire_choices":[{"data":"Whirlwind","floor":7,"key":"SMITH"},{"floor":11,"key":"RECALL"},{"data":"Demon Form","floor":15,"key":"SMITH"},{"floor":23,"key":"REST"},{"floor":28,"key":"REST"}],"neow_cost":"NONE","seed_source_timestamp":1355026169667400,"circlet_count":0,"master_deck":["Strike_R","Strike_R","Strike_R","Defend_R","Defend_R","Defend_R","Defend_R","Bash","Pummel","Whirlwind+1","Shrug It Off","Demon Form+1","Bludgeon+1","Cleave+1","Thunderclap+1","Clothesline+1","Reaper+1","Sword Boomerang+1","Thunderclap+1","Demon Form+1","Heavy Blade+1","Clothesline+1","Headbutt+1","Whirlwind+1"],"relics":["Black Blood","NeowsBlessing","Molten Egg 2","Pear","Paper Frog","Chemical X","Art of War","Self Forming Clay","Pen Nib"],"potions_floor_usage":[8,16,16,24,24,31],"damage_taken":[{"damage":0,"enemies":"2 Louse","floor":1,"turns":1},{"damage":0,"enemies":"Cultist","floor":5,"turns":1},{"damage":0,"enemies":"Gremlin Nob","floor":6,"turns":1},{"damage":32,"enemies":"3 Sentries","floor":8,"turns":5},{"damage":5,"enemies":"Small Slimes","floor":10,"turns":3},{"damage":15,"enemies":"Red Slaver","floor":13,"turns":3},{"damage":0,"enemies":"Gremlin Gang","floor":14,"turns":1},{"damage":39,"enemies":"Hexaghost","floor":16,"turns":6},{"damage":12,"enemies":"Chosen","floor":18,"turns":4},{"damage":43,"enemies":"Shell Parasite","floor":19,"turns":6},{"damage":0,"enemies":"3 Cultists","floor":22,"turns":2},{"damage":62,"enemies":"Slavers","floor":24,"turns":4},{"damage":13,"enemies":"Snecko","floor":27,"turns":3},{"damage":67,"enemies":"Book of Stabbing","floor":29,"turns":5},{"damage":23,"enemies":"Centurion and Healer","floor":30,"turns":5},{"damage":16,"enemies":"Snake Plant","floor":31,"turns":1}],"seed_played":"2860120993698763992","potions_obtained":[{"floor":6,"key":"AttackPotion"},{"floor":13,"key":"SkillPotion"},{"floor":14,"key":"PowerPotion"},{"floor":16,"key":"LiquidBronze"},{"floor":22,"key":"Block Potion"},{"floor":24,"key":"Strength Potion"}],"is_trial":false,"path_per_floor":["M","?","$","$","M","E","R","E","T","M","R","?","M","M","R","B",null,"M","M","?","$","M","R","E","$","T","M","R","E","M","M"],"character_chosen":"IRONCLAD","items_purchased":["Whirlwind","Chemical X","Heavy Blade+1"],"campfire_rested":2,"item_purchase_floors":[3,21,21],"current_hp_per_floor":[78,78,78,78,80,80,80,64,64,65,65,90,81,87,87,54,81,89,56,56,56,66,90,62,62,62,59,86,29,16,0],"gold":55,"neow_bonus":"THREE_ENEMY_KILL","is_prod":false,"is_daily":false,"chose_seed":false,"campfire_upgraded":2,"win_rate":0,"timestamp":1569669721,"path_taken":["M","?","?","$","M","E","R","E","T","?","R","?","M","M","R","BOSS","M","M","?","$","?","R","E","$","T","M","R","E","M","?"],"build_version":"2019-07-17","purchased_purges":1,"victory":false,"max_hp_per_floor":[80,80,80,80,80,80,80,90,90,90,90,90,90,90,90,90,90,90,90,90,90,90,90,90,90,90,90,90,90,90,90],"card_choices":[{"not_picked":["Armaments","Sword Boomerang"],"picked":"Pummel","floor":1},{"not_picked":["True Grit","Sentinel"],"picked":"Shrug It Off","floor":5},{"not_picked":["Perfected Strike","Armaments"],"picked":"Demon Form","floor":6},{"not_picked":["Shrug It Off","Bloodletting"],"picked":"Bludgeon+1","floor":8},{"not_picked":["Iron Wave+1","Wild Strike+1"],"picked":"Cleave+1","floor":10},{"not_picked":["Power Through","Burning Pact"],"picked":"Thunderclap+1","floor":13},{"not_picked":["Pummel+1","Second Wind"],"picked":"Clothesline+1","floor":14},{"not_picked":["Impervious","Dark Embrace"],"picked":"Reaper+1","floor":16},{"not_picked":["Havoc","Ghostly Armor"],"picked":"Sword Boomerang+1","floor":18},{"not_picked":["Wild Strike+1","Metallicize"],"picked":"Thunderclap+1","floor":19},{"not_picked":["Dual Wield","Body Slam+1"],"picked":"Clothesline+1","floor":22},{"not_picked":["Dual Wield+1","Pommel Strike+1"],"picked":"Headbutt+1","floor":24},{"not_picked":["True Grit","Armaments","Body Slam+1"],"picked":"SKIP","floor":27},{"not_picked":["Perfected Strike+1","Dropkick+1"],"picked":"Whirlwind+1","floor":29},{"not_picked":["Body Slam+1","Fire Breathing","Offering"],"picked":"SKIP","floor":30}],"player_experience":154950,"relics_obtained":[{"floor":6,"key":"Molten Egg 2"},{"floor":8,"key":"Pear"},{"floor":9,"key":"Paper Frog"},{"floor":24,"key":"Art of War"},{"floor":26,"key":"Self Forming Clay"},{"floor":29,"key":"Pen Nib"}],"event_choices":[{"cards_removed":["Strike_R"],"damage_healed":0,"gold_gain":0,"player_choice":"Purged","damage_taken":0,"max_hp_gain":0,"max_hp_loss":0,"event_name":"Purifier","floor":2,"gold_loss":0},{"damage_healed":30,"gold_gain":0,"player_choice":"Banana","damage_taken":0,"max_hp_gain":0,"max_hp_loss":0,"event_name":"Big Fish","floor":12,"gold_loss":0},{"damage_healed":0,"gold_gain":0,"player_choice":"Copied","damage_taken":0,"max_hp_gain":0,"max_hp_loss":0,"event_name":"Duplicator","floor":20,"gold_loss":0,"cards_obtained":["Demon Form"]}],"is_beta":false,"boss_relics":[{"not_picked":["Astrolabe","Philosopher\u0027s Stone"],"picked":"Black Blood"}],"items_purged_floors":[25],"is_endless":false,"potions_floor_spawned":[6,13,14,16,22,24],"killed_by":"Snake Plant","ascension_level":6}