{"gold_per_floor":[110,118,18,18,18,18,33,33,33,33,33,47,61,75,75],"floor_reached":15,"playtime":247,"items_purged":["Defend_R"],"score":196,"play_id":"78093d71-9eae-4832-b6c5-178a45c12716","local_time":"20190906193313","is_ascension_mode":true,"campfire_choices":[{"data":"Bash","floor":6,"key":"SMITH"},{"data":"True Grit","floor":8,"key":"SMITH"}],"neow_cost":"TEN_PERCENT_HP_LOSS","seed_source_timestamp":27053626221974,"circlet_count":0,"master_deck":["Strike_R","Strike_R","Strike_R","Strike_R","Defend_R","Defend_R+1","Bash+1","AscMod:ascendersbane","Feel No Pain","Pummel+1","True Grit+1","Offering"],"relics":["Burning Blood","Magic Flower"],"potions_floor_usage":[2],"damage_taken":[{"damage":0,"enemies":"Small Slimes","floor":1,"turns":5},{"damage":11,"enemies":"Cultist","floor":2,"turns":4},{"damage":6,"enemies":"Jaw Worm","floor":7,"turns":3},{"damage":0,"enemies":"2 Fungi Beasts","floor":12,"turns":4},{"damage":12,"enemies":"3 Louse","floor":13,"turns":4},{"damage":7,"enemies":"Blue Slaver","floor":14,"turns":4}],"seed_played":"4903825148951453885","potions_obtained":[{"floor":2,"key":"Fruit Juice"},{"floor":12,"key":"Fire Potion"}],"is_trial":false,"path_per_floor":["M","M","$","?","?","R","M","R","T","?","$","M","M","M","R"],"character_chosen":"IRONCLAD","items_purchased":[],"campfire_rested":0,"item_purchase_floors":[],"current_hp_per_floor":[68,66,66,70,59,59,58,58,58,35,35,43,39,40,40],"gold":75,"neow_bonus":"TRANSFORM_TWO_CARDS","is_prod":false,"is_daily":false,"chose_seed":false,"campfire_upgraded":2,"win_rate":0,"timestamp":1567773193,"path_taken":["M","M","$","?","?","R","?","R","T","?","?","M","M","M","R"],"build_version":"2019-07-17","purchased_purges":1,"victory":false,"max_hp_per_floor":[68,73,73,78,78,78,78,78,78,78,78,78,78,78,78],"card_choices":[{"not_picked":["Body Slam","Thunderclap","Sword Boomerang"],"picked":"SKIP","floor":1},{"not_picked":["Heavy Blade","Corruption"],"picked":"True Grit","floor":2},{"not_picked":["Rampage","Havoc","Rage"],"picked":"SKIP","floor":7},{"not_picked":["Clothesline","Thunderclap"],"picked":"Offering","floor":12},{"not_picked":["True Grit","Sword Boomerang","Anger"],"picked":"SKIP","floor":13},{"not_picked":["Fire Breathing","Clash","Perfected Strike"],"picked":"SKIP","floor":14}],"player_experience":1147567,"relics_obtained":[{"floor":9,"key":"Magic Flower"}],"event_choices":[{"damage_healed":0,"gold_gain":0,"player_choice":"Donut","damage_taken":0,"max_hp_gain":5,"max_hp_loss":0,"event_name":"Big Fish","floor":4,"gold_loss":0},{"damage_healed":0,"gold_gain":0,"player_choice":"Damaged","damage_taken":11,"max_hp_gain":0,"max_hp_loss":0,"event_name":"Wheel of Change","floor":5,"gold_loss":0},{"damage_healed":0,"gold_gain":0,"player_choice":"Entered Light","damage_taken":23,"max_hp_gain":0,"max_hp_loss":0,"event_name":"Shining Light","floor":10,"gold_loss":0,"cards_upgraded":["Pummel","Defend_R"]}],"is_beta":false,"boss_relics":[],"items_purged_floors":[3],"is_endless":false,"potions_floor_spawned":[2,12],"ascension_level":25}