{"gold_per_floor":[113,113,113,38,58,58,90,120,143,143,93,93,170,194,194,314,314,339,360,103,103,118,118,118],"floor_reached":24,"playtime":859,"items_purged":["Strike_R","Strike_R"],"score":293,"play_id":"17e710e1-c6ad-4e33-ba0c-e94963d30305","local_time":"20190824140417","is_ascension_mode":true,"campfire_choices":[{"data":"Bash","floor":6,"key":"SMITH"},{"data":"Dropkick","floor":10,"key":"SMITH"},{"data":"Thunderclap","floor":15,"key":"SMITH"},{"floor":23,"key":"REST"}],"neow_cost":"NONE","seed_source_timestamp":63884421591100,"circlet_count":0,"master_deck":["Defend_R","Defend_R","Defend_R","Defend_R","Bash+1","Dropkick+1","Thunderclap+1","Rage","Bloodletting"],"relics":["Burning Blood","NeowsBlessing","Blue Candle","Nunchaku","Oddly Smooth Stone","Golden Idol","Ornamental Fan","Sozu","Omamori"],"potions_floor_usage":[18,24],"damage_taken":[{"damage":0,"enemies":"Small Slimes","floor":1,"turns":1},{"damage":0,"enemies":"Jaw Worm","floor":5,"turns":1},{"damage":0,"enemies":"Lagavulin","floor":7,"turns":1},{"damage":3,"enemies":"2 Louse","floor":14,"turns":2},{"damage":33,"enemies":"The Guardian","floor":16,"turns":16},{"damage":7,"enemies":"2 Thieves","floor":18,"turns":4},{"damage":28,"enemies":"Spheric Guardian","floor":19,"turns":6},{"damage":41,"enemies":"Snake Plant","floor":22,"turns":6},{"damage":37,"enemies":"Gremlin Leader","floor":24,"turns":3}],"seed_played":"318291753548804500","potions_obtained":[{"floor":5,"key":"Poison Potion"},{"floor":7,"key":"Block Potion"}],"is_trial":false,"path_per_floor":["M","?","?","$","M","R","E","?","T","R","$","?","T","M","R","B",null,"M","M","$","?","M","R","E"],"character_chosen":"IRONCLAD","items_purchased":["Thunderclap","Omamori"],"campfire_rested":1,"item_purchase_floors":[11,20],"current_hp_per_floor":[78,71,64,64,70,70,76,76,76,76,76,56,56,59,59,32,68,67,45,45,45,10,34,0],"gold":118,"neow_bonus":"THREE_ENEMY_KILL","is_prod":false,"is_daily":false,"chose_seed":false,"campfire_upgraded":3,"win_rate":0,"timestamp":1566648257,"path_taken":["M","?","?","$","M","R","E","?","T","R","$","?","?","M","R","BOSS","M","?","$","?","M","R","E"],"build_version":"2019-07-17","purchased_purges":2,"victory":false,"max_hp_per_floor":[80,80,80,80,80,80,80,80,80,80,80,80,80,80,80,80,80,80,80,80,80,80,80,80],"card_choices":[{"not_picked":["Sword Boomerang","Pummel"],"picked":"Dropkick","floor":1},{"not_picked":["Perfected Strike","Uppercut","Rampage"],"picked":"SKIP","floor":5},{"not_picked":["Perfected Strike","Dark Embrace","True Grit"],"picked":"SKIP","floor":7},{"not_picked":["Power Through","Wild Strike","Bloodletting"],"picked":"SKIP","floor":14},{"not_picked":["Clash+1","Iron Wave+1","Perfected Strike+1"],"picked":"SKIP","floor":18},{"not_picked":["Clothesline","Bloodletting","Intimidate+1"],"picked":"SKIP","floor":19},{"not_picked":["Combust+1","Carnage","Havoc"],"picked":"SKIP","floor":22}],"player_experience":333570,"relics_obtained":[{"floor":7,"key":"Nunchaku"},{"floor":9,"key":"Oddly Smooth Stone"},{"floor":13,"key":"Ornamental Fan"}],"event_choices":[{"damage_healed":0,"gold_gain":0,"player_choice":"Success","damage_taken":7,"relics_obtained":["Blue Candle"],"max_hp_gain":0,"max_hp_loss":0,"event_name":"Scrap Ooze","floor":2,"gold_loss":0},{"cards_removed":["Strike_R"],"damage_healed":0,"gold_gain":0,"player_choice":"Card Removal","damage_taken":7,"max_hp_gain":0,"max_hp_loss":0,"event_name":"Golden Wing","floor":3,"gold_loss":0},{"damage_healed":0,"gold_gain":30,"player_choice":"Searched \u00272\u0027 times","damage_taken":0,"max_hp_gain":0,"max_hp_loss":0,"event_name":"Dead Adventurer","floor":8,"gold_loss":0},{"damage_healed":0,"gold_gain":0,"player_choice":"Take Damage","damage_taken":20,"relics_obtained":["Golden Idol"],"max_hp_gain":0,"max_hp_loss":0,"event_name":"Golden Idol","floor":12,"gold_loss":0},{"damage_healed":0,"gold_gain":0,"cards_transformed":["Strike_R","Strike_R"],"player_choice":"Became Test Subject","damage_taken":0,"max_hp_gain":0,"max_hp_loss":0,"event_name":"Drug Dealer","floor":21,"gold_loss":0,"cards_obtained":["Rage","Bloodletting"]}],"is_beta":false,"boss_relics":[{"not_picked":["Tiny House","Black Star"],"picked":"Sozu"}],"items_purged_floors":[4,20],"is_endless":false,"potions_floor_spawned":[5,7,18,19],"killed_by":"Gremlin Leader","ascension_level":7}