{"gold_per_floor":[116,127,143,163,176,176,190,215,286,286,318,318,318,386,386,386],"floor_reached":16,"playtime":375,"items_purged":[],"score":224,"play_id":"d5ff53f1-c1e1-4db9-b908-78fb9a97d935","local_time":"20190926132009","is_ascension_mode":true,"campfire_choices":[{"data":"Rage","floor":6,"key":"SMITH"},{"data":"Flame Barrier","floor":10,"key":"SMITH"},{"floor":15,"key":"REST"}],"neow_cost":"NONE","seed_source_timestamp":824835005490300,"circlet_count":0,"master_deck":["AscendersBane","Strike_R","Strike_R","Strike_R","Strike_R","Strike_R","Defend_R","Defend_R+1","Defend_R","Defend_R","Bash","Power Through","Sword Boomerang","Anger","Rage+1","Flame Barrier+1","Feed+1"],"relics":["Burning Blood","Juzu Bracelet","Mummified Hand","Pen Nib"],"potions_floor_usage":[5,7,8],"damage_taken":[{"damage":7,"enemies":"Cultist","floor":1,"turns":4},{"damage":4,"enemies":"Jaw Worm","floor":2,"turns":5},{"damage":3,"enemies":"2 Louse","floor":3,"turns":3},{"damage":3,"enemies":"Blue Slaver","floor":4,"turns":5},{"damage":12,"enemies":"2 Fungi Beasts","floor":5,"turns":4},{"damage":8,"enemies":"Exordium Thugs","floor":7,"turns":6},{"damage":26,"enemies":"Gremlin Nob","floor":8,"turns":5},{"damage":36,"enemies":"Lagavulin","floor":11,"turns":10},{"damage":36,"enemies":"The Guardian","floor":16,"turns":2}],"seed_played":"-6142002136560150298","potions_obtained":[{"floor":2,"key":"Weak Potion"},{"floor":4,"key":"Fruit Juice"},{"floor":5,"key":"Swift Potion"},{"floor":11,"key":"Explosive Potion"},{"floor":12,"key":"Dexterity Potion"}],"is_trial":false,"path_per_floor":["M","M","M","M","M","R","M","E","T","R","E","?","?","?","R","B"],"character_chosen":"IRONCLAD","items_purchased":[],"campfire_rested":1,"item_purchase_floors":[],"current_hp_per_floor":[74,76,79,82,81,81,79,59,59,59,29,29,3,3,29,0],"gold":386,"neow_bonus":"TEN_PERCENT_HP_BONUS","is_prod":false,"is_daily":false,"chose_seed":false,"campfire_upgraded":2,"win_rate":0,"timestamp":1569529209,"path_taken":["M","M","M","M","M","R","M","E","T","R","E","?","?","?","R","BOSS"],"build_version":"2019-09-26","purchased_purges":0,"victory":false,"max_hp_per_floor":[82,82,82,82,87,87,87,87,87,87,87,87,87,87,87,87],"card_choices":[{"not_picked":["Warcry","Reckless Charge"],"picked":"Power Through","floor":1},{"not_picked":["Havoc","Ghostly Armor"],"picked":"Sword Boomerang","floor":2},{"not_picked":["Dual Wield","Infernal Blade"],"picked":"Anger","floor":3},{"not_picked":["Twin Strike","Bloodletting"],"picked":"Rage","floor":4},{"not_picked":["Cleave","Sever Soul","Infernal Blade"],"picked":"SKIP","floor":5},{"not_picked":["Whirlwind","Dual Wield","Sword Boomerang"],"picked":"SKIP","floor":7},{"not_picked":["Iron Wave","Sword Boomerang"],"picked":"Flame Barrier","floor":8},{"not_picked":["Perfected Strike","Combust"],"picked":"Feed","floor":11}],"player_experience":1043800,"relics_obtained":[{"floor":8,"key":"Juzu Bracelet"},{"floor":9,"key":"Mummified Hand"},{"floor":11,"key":"Pen Nib"}],"event_choices":[{"damage_healed":0,"gold_gain":0,"player_choice":"Got Potions","damage_taken":0,"max_hp_gain":0,"max_hp_loss":0,"event_name":"Lab","floor":12,"gold_loss":0},{"damage_healed":0,"gold_gain":0,"player_choice":"Entered Light","damage_taken":26,"max_hp_gain":0,"max_hp_loss":0,"event_name":"Shining Light","floor":13,"gold_loss":0,"cards_upgraded":["Feed","Defend_R"]},{"damage_healed":0,"gold_gain":68,"player_choice":"Gained Gold","damage_taken":0,"max_hp_gain":0,"max_hp_loss":0,"event_name":"Golden Wing","floor":14,"gold_loss":0}],"is_beta":true,"boss_relics":[],"items_purged_floors":[],"is_endless":false,"potions_floor_spawned":[2,4,5,11],"killed_by":"The Guardian","ascension_level":20}