{"gold_per_floor":[114,129,129,52,71,71,95,95,95,106,118,18,43,43,43,103,103,103,103,103,61,61,61,61,61,61,61,61,61,61,61,61,61,61,61,61,61,61,61,61,61,61,61,61,61,61,61,61,61,61,61],"floor_reached":52,"playtime":2589,"items_purged":["Strike_G"],"score":2498,"play_id":"d3d1b2f5-7237-4f21-9bde-5d9ced11cc31","local_time":"20190826215542","is_ascension_mode":true,"campfire_choices":[{"data":"Neutralize","floor":6.0,"key":"SMITH"},{"data":"Predator","floor":8.0,"key":"SMITH"},{"data":"Footwork","floor":15.0,"key":"SMITH"},{"floor":24.0,"key":"REST"},{"data":"Infinite Blades","floor":27,"key":"SMITH"},{"data":"Die Die Die","floor":32,"key":"SMITH"},{"floor":41,"key":"RECALL"},{"floor":46,"key":"REST"},{"floor":49,"key":"REST"}],"neow_cost":"NONE","seed_source_timestamp":113911043873992,"circlet_count":0,"master_deck":["AscendersBane","Strike_G","Strike_G","Strike_G","Strike_G","Defend_G","Defend_G","Defend_G","Defend_G","Defend_G","Survivor","Neutralize+1","Dash","Dash","Predator+1","Die Die Die+1","Blade Dance+1","Backflip+1","Footwork+1","Burst+1","Dagger Throw+1","Calculated Gamble+1","Infinite Blades+1","Venomology+1","Blade Dance+1","PiercingWail+1","Blade Dance+1","Burst+1","Footwork+1","Deflect+1","Panacea+1","Chrysalis+1","Panacea+1","Blade Dance+1","Backstab","Dodge and Roll+1","Terror+1","Night Terror+1"],"special_seed":0,"relics":["Ring of the Snake","NeowsBlessing","FaceOfCleric","Lantern","Dead Branch","Toxic Egg 2","Pantograph","Mercury Hourglass","Ectoplasm","Ancient Tea Set","Singing Bowl","Nloth\u0027s Gift","Fusion Hammer","Centennial Puzzle","Bottled Flame","Dream Catcher","Letter Opener"],"potions_floor_usage":[29,33,33,33,35,36,37,39,40,40,40,45,50,50,50,50,50,50,51],"damage_taken":[{"damage":0.0,"enemies":"Cultist","floor":1.0,"turns":1.0},{"damage":0.0,"enemies":"Jaw Worm","floor":2.0,"turns":1.0},{"damage":0.0,"enemies":"3 Sentries","floor":7.0,"turns":2.0},{"damage":0.0,"enemies":"Small Slimes","floor":10.0,"turns":3.0},{"damage":0.0,"enemies":"Exordium Thugs","floor":11.0,"turns":2.0},{"damage":22.0,"enemies":"Lagavulin","floor":13.0,"turns":7.0},{"damage":23.0,"enemies":"Slime Boss","floor":16.0,"turns":11.0},{"damage":1.0,"enemies":"Chosen","floor":18.0,"turns":4.0},{"damage":0.0,"enemies":"Shell Parasite","floor":19.0,"turns":3.0},{"damage":2.0,"enemies":"Snake Plant","floor":20.0,"turns":4.0},{"damage":0.0,"enemies":"Chosen and Byrds","floor":22.0,"turns":5.0},{"damage":45.0,"enemies":"Slavers","floor":23.0,"turns":5.0},{"damage":0.0,"enemies":"Gremlin Leader","floor":25.0,"turns":4.0},{"damage":7,"enemies":"Cultist and Chosen","floor":29,"turns":3},{"damage":0,"enemies":"Shelled Parasite and Fungi","floor":30,"turns":5},{"damage":33,"enemies":"Collector","floor":33,"turns":7},{"damage":19,"enemies":"Orb Walker","floor":35,"turns":3},{"damage":9,"enemies":"3 Darklings","floor":36,"turns":3},{"damage":1,"enemies":"Sphere and 2 Shapes","floor":37,"turns":6},{"damage":8,"enemies":"Spire Growth","floor":39,"turns":4},{"damage":0,"enemies":"Giant Head","floor":40,"turns":6},{"damage":15,"enemies":"Transient","floor":42,"turns":6},{"damage":29,"enemies":"Reptomancer","floor":45,"turns":5},{"damage":0,"enemies":"Jaw Worm Horde","floor":47,"turns":2},{"damage":0,"enemies":"Nemesis","floor":48,"turns":5},{"damage":23,"enemies":"Time Eater","floor":50,"turns":11},{"damage":76,"enemies":"Donu and Deca","floor":51,"turns":7}],"seed_played":"-329637465423992293","potions_obtained":[{"floor":10.0,"key":"Strength Potion"},{"floor":11.0,"key":"Swift Potion"},{"floor":13.0,"key":"SpeedPotion"},{"floor":16.0,"key":"SpeedPotion"},{"floor":18.0,"key":"Block Potion"},{"floor":20.0,"key":"AttackPotion"},{"floor":25,"key":"SneckoOil"},{"floor":30,"key":"Regen Potion"},{"floor":35,"key":"Poison Potion"},{"floor":39,"key":"Regen Potion"},{"floor":48,"key":"Strength Potion"}],"is_trial":false,"path_per_floor":["M","M","?","$","T","R","E","R","T","M","M","$","E","?","R","B",null,"M","M","M","$","M","E","R","E","T","R","?","M","M","?","R","B",null,"M","M","M","?","M","E","R","M","T","?","E","R","M","E","R","B","B",null],"character_chosen":"THE_SILENT","items_purchased":["Predator","Infinite Blades"],"campfire_rested":3,"item_purchase_floors":[4,21],"current_hp_per_floor":[59,59,59,59,59,59,60,60,60,61,62,62,41,41,41,39,58,58,59,58,58,59,15,33,34,40,40,40,34,35,35,35,37,68,57,51,51,41,34,47,47,35,35,35,7,31,34,37,62,60,5],"gold":61,"neow_bonus":"THREE_ENEMY_KILL","is_prod":false,"is_daily":false,"chose_seed":false,"campfire_upgraded":5,"win_rate":0,"timestamp":1566831342,"path_taken":["M","M","?","$","?","R","E","R","T","M","M","?","E","?","R","BOSS","M","M","M","$","M","E","R","E","T","R","?","M","?","?","R","BOSS","M","M","M","?","M","E","R","M","T","?","E","R","M","E","R","BOSS","BOSS"],"build_version":"2019-07-17","purchased_purges":1,"victory":true,"max_hp_per_floor":[66,66,66,66,66,66,67,67,67,68,69,69,70,70,70,71,71,72,73,74,74,75,76,76,77,84,84,84,85,86,86,86,89,89,90,93,94,94,95,96,96,99,99,99,100,100,103,106,106,107,108],"card_choices":[{"not_picked":["Dodge and Roll","Choke"],"picked":"Dash","floor":1.0},{"not_picked":["Cloak And Dagger","Deadly Poison"],"picked":"Dash","floor":2.0},{"not_picked":["Eviscerate","Outmaneuver"],"picked":"Die Die Die","floor":7.0},{"not_picked":["Reflex+1","Infinite Blades"],"picked":"Blade Dance+1","floor":10.0},{"not_picked":["Flechettes","Outmaneuver+1"],"picked":"Backflip+1","floor":11.0},{"not_picked":["Acrobatics+1","Well Laid Plans"],"picked":"Footwork","floor":13.0},{"not_picked":["Tools of the Trade","Die Die Die"],"picked":"Burst+1","floor":16.0},{"not_picked":["Slice","Expertise+1"],"picked":"Dagger Throw+1","floor":18.0},{"not_picked":["Bane","Dagger Spray"],"picked":"Calculated Gamble+1","floor":19.0},{"not_picked":["Quick Slash","Dagger Throw","Bane"],"picked":"SKIP","floor":20.0},{"not_picked":["Bane","Poisoned Stab","Deflect+1"],"picked":"SKIP","floor":22.0},{"not_picked":["Dodge and Roll+1","Dagger Spray+1"],"picked":"Venomology+1","floor":23.0},{"not_picked":["Quick Slash","Bane"],"picked":"Blade Dance+1","floor":25},{"not_picked":["Flying Knee+1","Calculated Gamble+1"],"picked":"PiercingWail+1","floor":29},{"not_picked":["Dagger Spray","Slice"],"picked":"Blade Dance+1","floor":30},{"not_picked":["Die Die Die","Wraith Form v2","Bullet Time+1"],"picked":"Singing Bowl","floor":33},{"not_picked":["Dagger Throw","Blur+1"],"picked":"Footwork+1","floor":35},{"not_picked":["Calculated Gamble+1","All Out Attack","Acrobatics+1"],"picked":"Singing Bowl","floor":36},{"not_picked":["Acrobatics+1","Well Laid Plans"],"picked":"Deflect+1","floor":37},{"not_picked":["Mind Blast","The Bomb+1"],"picked":"Panacea+1","floor":38},{"not_picked":["Flash of Steel","Secret Technique+1"],"picked":"Chrysalis+1","floor":38},{"not_picked":["Dramatic Entrance","Panache"],"picked":"Panacea+1","floor":38},{"not_picked":["Well Laid Plans","Cloak And Dagger+1"],"picked":"Blade Dance+1","floor":39},{"not_picked":["Accuracy+1","Slice"],"picked":"Backstab","floor":40},{"not_picked":["Setup+1","Eviscerate","Backflip+1"],"picked":"Singing Bowl","floor":42},{"not_picked":["Grand Finale","Dash"],"picked":"Dodge and Roll+1","floor":45},{"not_picked":["Acrobatics+1","Dodge and Roll+1"],"picked":"Terror+1","floor":46},{"not_picked":["Riddle With Holes","Dagger Spray","Prepared+1"],"picked":"Singing Bowl","floor":47},{"not_picked":["Deflect+1","Catalyst+1","Heel Hook"],"picked":"Singing Bowl","floor":48},{"not_picked":["Bane+1","Underhanded Strike+1"],"picked":"Night Terror+1","floor":49}],"player_experience":1089610,"relics_obtained":[{"floor":5.0,"key":"Lantern"},{"floor":7.0,"key":"Dead Branch"},{"floor":9.0,"key":"Toxic Egg 2"},{"floor":13.0,"key":"Pantograph"},{"floor":23.0,"key":"Ancient Tea Set"},{"floor":25,"key":"Singing Bowl"},{"floor":26,"key":"Strawberry"},{"floor":40,"key":"Centennial Puzzle"},{"floor":43,"key":"Bottled Flame"},{"floor":45,"key":"Dream Catcher"},{"floor":48,"key":"Letter Opener"}],"event_choices":[{"damage_healed":0.0,"max_hp_gain":0.0,"max_hp_loss":0.0,"gold_gain":0.0,"event_name":"FaceTrader","player_choice":"Trade","floor":3.0,"gold_loss":0.0,"damage_taken":0.0,"relics_obtained":["FaceOfCleric"]},{"damage_healed":0.0,"max_hp_gain":0.0,"max_hp_loss":0.0,"gold_gain":0.0,"event_name":"WeMeetAgain","player_choice":"Gave Potion","floor":14.0,"gold_loss":0.0,"damage_taken":0.0,"relics_obtained":["Mercury Hourglass"]},{"damage_healed":0,"gold_gain":0,"player_choice":"Traded Relic","damage_taken":0,"relics_obtained":["Nloth\u0027s Gift"],"max_hp_gain":0,"max_hp_loss":0,"event_name":"N\u0027loth","floor":28,"relics_lost":["Strawberry"],"gold_loss":0},{"damage_healed":0,"gold_gain":0,"player_choice":"1 cards matched","damage_taken":0,"max_hp_gain":0,"max_hp_loss":0,"event_name":"Match and Keep!","floor":31,"gold_loss":0,"cards_obtained":["Burst"]},{"damage_healed":0,"gold_gain":0,"player_choice":"Memory 3","damage_taken":10,"max_hp_gain":0,"max_hp_loss":0,"event_name":"SensoryStone","floor":38,"gold_loss":0},{"damage_healed":0,"gold_gain":0,"player_choice":"Ignored","damage_taken":0,"max_hp_gain":0,"max_hp_loss":0,"event_name":"The Moai Head","floor":44,"gold_loss":0}],"is_beta":false,"boss_relics":[{"not_picked":["Cursed Key","Eternal Feather"],"picked":"Ectoplasm"},{"not_picked":["Busted Crown","Tiny House"],"picked":"Fusion Hammer"}],"items_purged_floors":[12],"is_endless":false,"potions_floor_spawned":[10,11,13,16,18,20,25,30,35,39,42,47,48],"ascension_level":23}