{"gold_per_floor":[111,286,236,311,311,311,342,342,342,11,11,21,21,49,49,49],"floor_reached":16,"playtime":1123,"items_purged":["Defend_G"],"score":94,"play_id":"ee5b4f81-fde3-4902-a842-ed818d9f1523","local_time":"20190527154647","is_ascension_mode":false,"campfire_choices":[{"data":"Neutralize","floor":6,"key":"SMITH"},{"floor":11,"key":"REST"},{"floor":13,"key":"REST"},{"floor":15,"key":"REST"}],"neow_cost":"NONE","seed_source_timestamp":22368104379593,"circlet_count":0,"master_deck":["Defend_G","Defend_G","Defend_G","Strike_G","Strike_G","Strike_G","Strike_G","Survivor","Neutralize+1","PiercingWail","Prepared","Blur","Mayhem","Dagger Throw+1","Footwork"],"relics":["Ring of the Snake","Juzu Bracelet","Molten Egg 2","Odd Mushroom"],"potions_floor_usage":[],"damage_taken":[{"damage":1,"enemies":"Cultist","floor":1,"turns":4},{"damage":55,"enemies":"Gremlin Nob","floor":7,"turns":8},{"damage":0,"enemies":"2 Louse","floor":12,"turns":4},{"damage":12,"enemies":"The Mushroom Lair","floor":14,"turns":6},{"damage":63,"enemies":"Slime Boss","floor":16,"turns":13}],"seed_played":"-4260800161042689851","potions_obtained":[],"is_trial":false,"path_per_floor":["M","?","?","?","?","R","E","?","T","$","R","M","R","?","R","B"],"character_chosen":"THE_SILENT","items_purchased":["Blur","Mayhem"],"campfire_rested":3,"item_purchase_floors":[10,10],"current_hp_per_floor":[76,76,76,65,65,65,10,3,3,3,26,26,49,37,60,0],"gold":49,"neow_bonus":"TEN_PERCENT_HP_BONUS","is_prod":false,"is_daily":false,"chose_seed":false,"campfire_upgraded":1,"win_rate":0.0,"timestamp":1558964807,"path_taken":["M","?","?","?","?","R","E","?","T","$","R","M","R","?","R","BOSS"],"build_version":"2019-01-23","purchased_purges":1,"victory":false,"max_hp_per_floor":[77,77,77,77,77,77,77,77,77,77,77,77,77,77,77,77],"card_choices":[{"not_picked":["Quick Slash","Tactician"],"picked":"PiercingWail","floor":1},{"not_picked":["Underhanded Strike","Well Laid Plans"],"picked":"Prepared","floor":7},{"not_picked":["Eviscerate+1","Choke+1"],"picked":"Dagger Throw+1","floor":12},{"not_picked":["Backflip","Dodge and Roll"],"picked":"Footwork","floor":14}],"player_experience":59161,"relics_obtained":[{"floor":7,"key":"Juzu Bracelet"},{"floor":9,"key":"Molten Egg 2"},{"floor":14,"key":"Odd Mushroom"}],"event_choices":[{"damage_healed":0,"gold_gain":175,"player_choice":"AGREE","damage_taken":0,"max_hp_gain":0,"max_hp_loss":0,"event_name":"Liars Game","floor":2,"gold_loss":0,"cards_obtained":["Doubt"]},{"cards_removed":["Doubt"],"damage_healed":0,"gold_gain":0,"player_choice":"Card Removal","damage_taken":0,"max_hp_gain":0,"max_hp_loss":0,"event_name":"The Cleric","floor":3,"gold_loss":50},{"damage_healed":0,"gold_gain":75,"player_choice":"Gather Gold","damage_taken":11,"max_hp_gain":0,"max_hp_loss":0,"event_name":"World of Goop","floor":4,"gold_loss":0},{"cards_removed":["Strike_G"],"damage_healed":0,"gold_gain":0,"player_choice":"Forget","damage_taken":0,"max_hp_gain":0,"max_hp_loss":0,"event_name":"Living Wall","floor":5,"gold_loss":0},{"cards_removed":["Defend_G"],"damage_healed":0,"gold_gain":0,"player_choice":"Card Removal","damage_taken":7,"max_hp_gain":0,"max_hp_loss":0,"event_name":"Golden Wing","floor":8,"gold_loss":0},{"damage_healed":0,"gold_gain":0,"player_choice":"Fought Mushrooms","damage_taken":0,"max_hp_gain":0,"max_hp_loss":0,"event_name":"Mushrooms","floor":14,"gold_loss":0}],"is_beta":false,"boss_relics":[],"items_purged_floors":[10],"is_endless":false,"potions_floor_spawned":[],"killed_by":"Slime Boss","ascension_level":0}