{"gold_per_floor":[20,36,49,49,349,349,380,398,398,425,24,44,44,60,60,165,165,181,6,6,6,26,60,60,10,10,10,39,39,39,69,69,167,167,181,181,79,93,93,121,135,153,153,29,80,162,193,68,68,68],"floor_reached":51,"playtime":6409,"items_purged":["Regret","Strike_R","Strike_R","Strike_R","Defend_R","Bash"],"score":1190,"play_id":"cd0498ee-4b5f-49c7-9885-b3517c64fae5","local_time":"20180908003925","is_ascension_mode":true,"campfire_choices":[{"data":"Uppercut","floor":6,"key":"SMITH"},{"floor":15,"key":"REST"},{"floor":24,"key":"DIG"},{"floor":30,"key":"DIG"},{"floor":32,"key":"DIG"},{"floor":49,"key":"DIG"}],"neow_cost":"NO_GOLD","seed_source_timestamp":393191352513606,"circlet_count":0,"master_deck":["Strike_R","Strike_R","Defend_R","Defend_R","Defend_R","Uppercut+1","Battle Trance","Bludgeon+1","Iron Wave+1","Flash of Steel+1","Battle Trance","Body Slam+1","Double Tap","Armaments+1","Body Slam+1","Trip","True Grit","Shockwave","Shockwave","Iron Wave+1","Feed+1","Shrug It Off","Iron Wave+1","Madness","Madness","Flame Barrier","Inflame","Disarm+1","Headbutt+1"],"relics":["Burning Blood","Pocketwatch","Smiling Mask","Old Coin","Molten Egg 2","Bottled Lightning","Centennial Puzzle","Paper Frog","Coffee Dripper","Shovel","Kunai","Sundial","Boot","Enchiridion","Shuriken","FossilizedHelix","Blue Candle","Darkstone Periapt","Busted Crown","Gambling Chip","Vajra","Happy Flower","Peace Pipe","Self Forming Clay","Pear","Question Card"],"potions_floor_usage":[7,8,16,31,33,38,45,50],"damage_taken":[{"damage":10,"enemies":"Small Slimes","floor":1,"turns":4},{"damage":4,"enemies":"Jaw Worm","floor":2,"turns":3},{"damage":0,"enemies":"2 Louse","floor":3,"turns":3},{"damage":42,"enemies":"3 Sentries","floor":7,"turns":8},{"damage":18,"enemies":"Exordium Thugs","floor":8,"turns":4},{"damage":14,"enemies":"Lagavulin","floor":10,"turns":3},{"damage":0,"enemies":"2 Fungi Beasts","floor":12,"turns":3},{"damage":3,"enemies":"3 Louse","floor":14,"turns":4},{"damage":13,"enemies":"Hexaghost","floor":16,"turns":8},{"damage":1,"enemies":"Spheric Guardian","floor":18,"turns":3},{"damage":5,"enemies":"3 Byrds","floor":22,"turns":4},{"damage":21,"enemies":"Slavers","floor":23,"turns":5},{"damage":0,"enemies":"Gremlin Leader","floor":28,"turns":4},{"damage":7,"enemies":"Book of Stabbing","floor":31,"turns":3},{"damage":0,"enemies":"Collector","floor":33,"turns":4},{"damage":6,"enemies":"3 Darklings","floor":35,"turns":5},{"damage":0,"enemies":"Mind Bloom Boss Battle","floor":36,"turns":2},{"damage":2,"enemies":"3 Shapes","floor":38,"turns":3},{"damage":19,"enemies":"Giant Head","floor":40,"turns":8},{"damage":0,"enemies":"3 Darklings","floor":41,"turns":3},{"damage":0,"enemies":"Transient","floor":42,"turns":5},{"damage":4,"enemies":"Mysterious Sphere","floor":45,"turns":5},{"damage":0,"enemies":"2 Orb Walkers","floor":47,"turns":4},{"damage":15,"enemies":"Time Eater","floor":50,"turns":8}],"seed_played":"-9137428653604229644","potions_obtained":[{"floor":1,"key":"SpeedPotion"},{"floor":2,"key":"Fire Potion"},{"floor":14,"key":"Dexterity Potion"},{"floor":23,"key":"Regen Potion"},{"floor":28,"key":"GamblersBrew"},{"floor":31,"key":"EssenceOfSteel"},{"floor":38,"key":"SteroidPotion"},{"floor":41,"key":"PowerPotion"},{"floor":47,"key":"BloodPotion"}],"is_trial":false,"path_per_floor":["M","M","M","?","?","R","E","M","T","E","$","M","?","M","R","B",null,"M","$","?","T","M","E","R","$","T","?","E","?","R","E","R","B",null,"M","?","$","M","?","E","M","M","T","$","?","T","E","$","R","B"],"character_chosen":"IRONCLAD","items_purchased":["Flash of Steel+1","Paper Frog","Body Slam+1","Trip","Iron Wave+1","Inflame","Headbutt+1","Poison Potion"],"campfire_rested":1,"item_purchase_floors":[11,11,19,19,37,44,48,48],"current_hp_per_floor":[68,70,76,76,64,64,28,16,16,8,8,14,14,17,41,34,69,74,74,74,74,75,60,60,60,60,44,50,35,35,43,43,49,76,80,86,86,93,81,72,82,88,88,88,94,94,110,110,110,101],"gold":68,"neow_bonus":"ONE_RARE_RELIC","is_prod":false,"is_daily":false,"chose_seed":false,"campfire_upgraded":1,"win_rate":0,"timestamp":1536385165,"path_taken":["M","M","M","?","?","R","E","M","T","E","$","M","?","M","R","BOSS","M","$","?","?","M","E","R","?","T","?","E","?","R","E","R","BOSS","M","?","$","M","?","E","M","M","T","$","?","?","E","$","R","BOSS"],"build_version":"2018-09-06","purchased_purges":6,"victory":true,"max_hp_per_floor":[80,80,80,80,80,80,80,80,80,80,80,80,80,80,80,80,80,80,80,80,80,80,80,80,80,80,80,80,85,85,85,85,85,85,89,89,89,93,93,97,101,101,101,101,105,105,115,115,115,115],"card_choices":[{"not_picked":["Searing Blow","Twin Strike"],"picked":"Uppercut","floor":1},{"not_picked":["Clash","Armaments","Wild Strike"],"picked":"SKIP","floor":2},{"not_picked":["Havoc","True Grit"],"picked":"Battle Trance","floor":3},{"not_picked":["Hemokinesis","Havoc"],"picked":"Bludgeon","floor":7},{"not_picked":["Wild Strike+1","Blood for Blood+1","Clash+1"],"picked":"SKIP","floor":8},{"not_picked":["Hemokinesis+1","Twin Strike+1"],"picked":"Iron Wave+1","floor":10},{"not_picked":["Headbutt+1","Inflame"],"picked":"Battle Trance","floor":12},{"not_picked":["Combust","Body Slam+1","Heavy Blade+1"],"picked":"SKIP","floor":14},{"not_picked":["Combust","Heavy Blade+1"],"picked":"Body Slam+1","floor":14},{"not_picked":["Juggernaut","Barricade"],"picked":"Double Tap","floor":16},{"not_picked":["Twin Strike+1","Infernal Blade"],"picked":"Armaments+1","floor":18},{"not_picked":["Searing Blow+1","Heavy Blade+1"],"picked":"True Grit","floor":22},{"not_picked":["Pommel Strike+1","Perfected Strike+1"],"picked":"Shockwave","floor":23},{"not_picked":["Headbutt+1","Hemokinesis+1"],"picked":"Shockwave","floor":28},{"not_picked":["Exhume","Cleave+1"],"picked":"Iron Wave+1","floor":31},{"not_picked":["Bludgeon+1","Barricade"],"picked":"Feed+1","floor":33},{"not_picked":["Clash+1"],"picked":"SKIP","floor":35},{"not_picked":[],"picked":"Shrug It Off","floor":36},{"not_picked":["Thunderclap+1"],"picked":"SKIP","floor":38},{"not_picked":["Combust"],"picked":"SKIP","floor":40},{"not_picked":[],"picked":"Flame Barrier","floor":41},{"not_picked":["Twin Strike+1"],"picked":"SKIP","floor":42},{"not_picked":[],"picked":"Disarm+1","floor":47}],"player_experience":452936,"relics_obtained":[{"floor":7,"key":"Molten Egg 2"},{"floor":9,"key":"Bottled Lightning"},{"floor":10,"key":"Centennial Puzzle"},{"floor":21,"key":"Shovel"},{"floor":23,"key":"Kunai"},{"floor":24,"key":"Sundial"},{"floor":26,"key":"Boot"},{"floor":27,"key":"Enchiridion"},{"floor":28,"key":"Shuriken"},{"floor":30,"key":"FossilizedHelix"},{"floor":31,"key":"Blue Candle"},{"floor":32,"key":"Darkstone Periapt"},{"floor":36,"key":"Gambling Chip"},{"floor":40,"key":"Vajra"},{"floor":43,"key":"Happy Flower"},{"floor":45,"key":"Peace Pipe"},{"floor":46,"key":"Self Forming Clay"},{"floor":47,"key":"Pear"},{"floor":49,"key":"Question Card"}],"event_choices":[{"event_name":"Big Fish","player_choice":"Box","floor":4,"damage_taken":0},{"event_name":"Scrap Ooze","player_choice":"success","floor":5,"damage_taken":12},{"event_name":"WeMeetAgain","player_choice":"Attack","floor":13,"damage_taken":0},{"event_name":"Cursed Tome","player_choice":"Obtained Book","floor":27,"damage_taken":0},{"event_name":"Forgotten Altar","player_choice":"Shed Blood","floor":29,"damage_taken":0},{"event_name":"MindBloom","player_choice":"Fight","floor":36,"damage_taken":0},{"event_name":"Winding Halls","player_choice":"Embrace Madness","floor":39,"damage_taken":0},{"event_name":"Mysterious Sphere","player_choice":"Fight","floor":45,"damage_taken":0}],"is_beta":false,"boss_relics":[{"not_picked":["Black Blood","Mark of Pain"],"picked":"Coffee Dripper"},{"not_picked":["Pandora\u0027s Box","Snecko Eye"],"picked":"Busted Crown"}],"items_purged_floors":[11,19,25,37,44,48],"is_endless":false,"potions_floor_spawned":[1,2,14,23,28,31,38,41,47],"ascension_level":6}