{"gold_per_floor":[109,122,141,156,169,195,152,152],"floor_reached":8,"playtime":652,"items_purged":[],"score":108,"play_id":"f6c77388-d6e7-4362-bb44-55dee2804254","local_time":"20190626220517","is_ascension_mode":true,"campfire_choices":[],"neow_cost":"NONE","seed_source_timestamp":261634878847887,"circlet_count":0,"master_deck":["AscendersBane","Defend_G","Defend_G","Defend_G","Defend_G","Defend_G","Strike_G","Strike_G","Strike_G","Strike_G","Strike_G","Survivor","Neutralize","Tactician","Endless Agony","Footwork","Cloak And Dagger","Concentrate","Burst"],"relics":["Ring of the Snake","NeowsBlessing","PreservedInsect"],"potions_floor_usage":[6,8],"damage_taken":[{"damage":0,"enemies":"Cultist","floor":1,"turns":1},{"damage":0,"enemies":"Small Slimes","floor":2,"turns":1},{"damage":0,"enemies":"Jaw Worm","floor":3,"turns":1},{"damage":10,"enemies":"2 Fungi Beasts","floor":4,"turns":5},{"damage":3,"enemies":"3 Louse","floor":5,"turns":4},{"damage":70,"enemies":"Gremlin Nob","floor":6,"turns":7},{"damage":6,"enemies":"3 Sentries","floor":8,"turns":4}],"seed_played":"2143563602438102147","potions_obtained":[{"floor":1,"key":"FairyPotion"},{"floor":2,"key":"Poison Potion"},{"floor":6,"key":"Swift Potion"}],"is_trial":false,"path_per_floor":["M","M","M","M","M","E","?","E"],"character_chosen":"THE_SILENT","items_purchased":[],"campfire_rested":0,"item_purchase_floors":[],"current_hp_per_floor":[59,59,59,49,46,6,6,0],"gold":152,"neow_bonus":"THREE_ENEMY_KILL","is_prod":false,"is_daily":false,"chose_seed":false,"campfire_upgraded":0,"win_rate":0,"timestamp":1561604717,"path_taken":["M","?","M","M","M","E","?","E"],"build_version":"2019-01-23","purchased_purges":0,"victory":false,"max_hp_per_floor":[66,66,66,66,66,66,66,66],"card_choices":[{"not_picked":["Prepared","Blade Dance"],"picked":"Tactician","floor":1},{"not_picked":["Choke","Outmaneuver"],"picked":"Endless Agony","floor":2},{"not_picked":["Acrobatics","Leg Sweep"],"picked":"Footwork","floor":3},{"not_picked":["Bane","Deflect"],"picked":"Cloak And Dagger","floor":4},{"not_picked":["Flechettes","PiercingWail"],"picked":"Concentrate","floor":5},{"not_picked":["Prepared","Dagger Throw"],"picked":"Burst","floor":6}],"player_experience":1402615,"relics_obtained":[{"floor":6,"key":"PreservedInsect"}],"event_choices":[{"damage_healed":0,"gold_gain":0,"player_choice":"Left Gold","damage_taken":0,"max_hp_gain":0,"max_hp_loss":0,"event_name":"World of Goop","floor":7,"gold_loss":43}],"is_beta":false,"boss_relics":[],"items_purged_floors":[],"is_endless":false,"potions_floor_spawned":[1,2,6],"killed_by":"3 Sentries","ascension_level":16}