{"gold_per_floor":[109,109,70,80,97,97,124,136,136,136,136,136,168,184,184,283,283,299,299,317,317],"floor_reached":21,"playtime":5006,"items_purged":[],"score":189,"play_id":"5fc9d5ce-f22c-48a5-ad7c-c9c6ba826aa8","local_time":"20190526171405","is_ascension_mode":false,"campfire_choices":[{"data":"Capacitor","floor":6,"key":"SMITH"},{"floor":10,"key":"REST"},{"floor":15,"key":"REST"}],"neow_cost":"TEN_PERCENT_HP_LOSS","seed_source_timestamp":23407962593248,"circlet_count":0,"master_deck":["Strike_B","Strike_B","Strike_B","Strike_B","Defend_B","Defend_B","Defend_B","Defend_B","Zap","Dualcast","Rainbow+1","Compile Driver","Capacitor+1","Ball Lightning","White Noise","Lockon","Darkness","Regret","Hello World","Loop","Thunder Strike","Pain","Doubt","Doubt","Capacitor+1","Redo"],"relics":["Cracked Core","Pantograph","Mercury Hourglass","Peace Pipe","Shuriken","Incense Burner","Calling Bell","Pocketwatch","Darkstone Periapt","Bag of Marbles"],"potions_floor_usage":[20,20,21,21],"damage_taken":[{"damage":8,"enemies":"Small Slimes","floor":1,"turns":3},{"damage":0,"enemies":"Cultist","floor":4,"turns":3},{"damage":6,"enemies":"Jaw Worm","floor":5,"turns":2},{"damage":25,"enemies":"Gremlin Nob","floor":7,"turns":4},{"damage":6,"enemies":"3 Louse","floor":8,"turns":3},{"damage":13,"enemies":"Lagavulin","floor":13,"turns":3},{"damage":2,"enemies":"2 Fungi Beasts","floor":14,"turns":2},{"damage":16,"enemies":"The Guardian","floor":16,"turns":7},{"damage":44,"enemies":"Shell Parasite","floor":18,"turns":5},{"damage":17,"enemies":"2 Thieves","floor":20,"turns":4},{"damage":13,"enemies":"Sentry and Sphere","floor":21,"turns":3}],"seed_played":"-2054873482322080588","potions_obtained":[{"floor":5,"key":"GamblersBrew"},{"floor":7,"key":"Fire Potion"},{"floor":13,"key":"SpeedPotion"},{"floor":20,"key":"FocusPotion"}],"is_trial":false,"path_per_floor":["M","?","$","M","M","R","E","M","T","R","T","?","E","M","R","B",null,"M","?","M","M"],"character_chosen":"DEFECT","items_purchased":["Capacitor"],"campfire_rested":2,"item_purchase_floors":[3],"current_hp_per_floor":[60,60,60,60,54,54,29,23,23,43,43,43,30,28,48,52,68,24,24,7,0],"gold":317,"neow_bonus":"THREE_RARE_CARDS","is_prod":false,"is_daily":false,"chose_seed":false,"campfire_upgraded":1,"win_rate":0.0,"timestamp":1558883645,"path_taken":["M","?","$","M","?","R","E","?","T","R","?","?","E","M","R","BOSS","M","?","M","M"],"build_version":"2019-01-23","purchased_purges":0,"victory":false,"max_hp_per_floor":[68,68,68,68,68,68,68,68,68,68,68,68,68,68,68,68,68,68,68,68,68],"card_choices":[{"not_picked":["Reboot","Seek"],"picked":"Rainbow","floor":0},{"not_picked":["Gash","Go for the Eyes"],"picked":"Compile Driver","floor":1},{"not_picked":["Coolheaded","Tempest"],"picked":"Ball Lightning","floor":4},{"not_picked":["Gash","Hologram"],"picked":"White Noise","floor":5},{"not_picked":["FTL","Fission"],"picked":"Lockon","floor":7},{"not_picked":["Compile Driver","Steam"],"picked":"Darkness","floor":8},{"not_picked":["Gash","Steam"],"picked":"Hello World","floor":13},{"not_picked":["Steam Power","Conserve Battery"],"picked":"Loop","floor":14},{"not_picked":["Multi-Cast","Reboot"],"picked":"Thunder Strike","floor":16},{"not_picked":["Scrape","Gash"],"picked":"Capacitor+1","floor":18},{"not_picked":["Hologram","Beam Cell+1"],"picked":"Redo","floor":20}],"player_experience":21010,"relics_obtained":[{"floor":7,"key":"Pantograph"},{"floor":9,"key":"Mercury Hourglass"},{"floor":11,"key":"Peace Pipe"},{"floor":13,"key":"Incense Burner"},{"floor":17,"key":"Pocketwatch"},{"floor":17,"key":"Darkstone Periapt"},{"floor":17,"key":"Bag of Marbles"}],"event_choices":[{"damage_healed":0,"gold_gain":0,"player_choice":"Upgraded","damage_taken":0,"max_hp_gain":0,"max_hp_loss":0,"event_name":"Upgrade Shrine","floor":2,"gold_loss":0,"cards_upgraded":["Rainbow"]},{"damage_healed":0,"gold_gain":0,"player_choice":"Box","damage_taken":0,"relics_obtained":["Shuriken"],"max_hp_gain":0,"max_hp_loss":0,"event_name":"Big Fish","floor":12,"gold_loss":0,"cards_obtained":["Regret"]},{"damage_healed":0,"gold_gain":0,"player_choice":"Ignored","damage_taken":0,"max_hp_gain":0,"max_hp_loss":0,"event_name":"Ghosts","floor":19,"gold_loss":0}],"is_beta":false,"boss_relics":[{"not_picked":["Runic Dome","Ectoplasm"],"picked":"Calling Bell"}],"items_purged_floors":[],"is_endless":false,"potions_floor_spawned":[5,7,13,20],"killed_by":"Sentry and Sphere","ascension_level":0}