{"gold_per_floor":[114,127,127,127,140,140,140,140,217,241,241,241,261,274,274,404,404,419,43,43,43,43],"floor_reached":22,"playtime":671,"items_purged":["Strike_P"],"score":174,"play_id":"3923b002-24ac-405f-911b-e84a330991c6","local_time":"20190910021335","is_ascension_mode":false,"campfire_choices":[{"data":"Eruption","floor":6,"key":"SMITH"},{"data":"ForeignInfluence","floor":11,"key":"SMITH"},{"data":"FlowState","floor":15,"key":"SMITH"}],"neow_cost":"NONE","seed_source_timestamp":309849468805740,"circlet_count":0,"master_deck":["Strike_P","Strike_P","Defend_P","Defend_P","Defend_P","Eruption+1","Vigilance","ForeignInfluence+1","Fasting","FlowState+1","Brilliance"],"relics":["PureWater","NeowsBlessing","Shuriken","Golden Idol","Letter Opener","SlaversCollar","Blood Vial","Lantern"],"potions_floor_usage":[16,16],"damage_taken":[{"damage":0,"enemies":"Jaw Worm","floor":1,"turns":1},{"damage":0,"enemies":"Small Slimes","floor":2,"turns":3},{"damage":0,"enemies":"Cultist","floor":5,"turns":1},{"damage":0,"enemies":"Looter","floor":10,"turns":2},{"damage":0,"enemies":"Large Slime","floor":13,"turns":3},{"damage":0,"enemies":"3 Louse","floor":14,"turns":2},{"damage":36,"enemies":"The Guardian","floor":16,"turns":8},{"damage":64,"enemies":"3 Byrds","floor":18,"turns":6},{"damage":10,"enemies":"Shell Parasite","floor":22,"turns":3}],"seed_played":"-6656235249131508067","potions_obtained":[{"floor":1,"key":"LiquidBronze"},{"floor":10,"key":"Block Potion"},{"floor":13,"key":"Poison Potion"}],"is_trial":false,"path_per_floor":["M","M","?","?","M","R","?","?","T","M","R","?","M","M","R","B",null,"M","$","?","?","M"],"character_chosen":"WATCHER","items_purchased":["Blood Vial","Lantern"],"campfire_rested":0,"item_purchase_floors":[19,19],"current_hp_per_floor":[65,65,65,65,65,65,49,49,49,49,49,54,54,54,54,18,70,6,6,6,6,0],"gold":43,"neow_bonus":"THREE_ENEMY_KILL","is_prod":false,"is_daily":false,"chose_seed":false,"campfire_upgraded":3,"win_rate":0.0,"timestamp":1568056415,"path_taken":["M","M","?","?","?","R","?","?","T","M","R","?","M","M","R","BOSS","M","$","?","?","M"],"build_version":"2019-09-09","purchased_purges":1,"victory":false,"max_hp_per_floor":[65,65,65,65,65,65,65,65,65,65,65,70,70,70,70,70,70,70,70,70,70,70],"card_choices":[{"not_picked":["Collect","Sanctity"],"picked":"ForeignInfluence","floor":1},{"not_picked":["JustLucky","Swivel","Protect"],"picked":"SKIP","floor":2},{"not_picked":["CrushJoints","WindmillStrike","FollowUp"],"picked":"SKIP","floor":5},{"not_picked":["Sanctity","Consecrate","WreathOfFlame"],"picked":"SKIP","floor":10},{"not_picked":["Weave","ThirdEye"],"picked":"Fasting","floor":13},{"not_picked":["EmptyFist","BowlingBash"],"picked":"FlowState","floor":14},{"not_picked":["Nirvana","Vault"],"picked":"Brilliance","floor":16},{"not_picked":["ClearTheMind","EmptyMind","FlyingSleeves"],"picked":"SKIP","floor":18}],"player_experience":1082175,"relics_obtained":[{"floor":9,"key":"Letter Opener"}],"event_choices":[{"cards_removed":["Defend_P"],"damage_healed":0,"gold_gain":0,"player_choice":"Forget","damage_taken":0,"max_hp_gain":0,"max_hp_loss":0,"event_name":"Living Wall","floor":3,"gold_loss":0},{"damage_healed":0,"gold_gain":0,"player_choice":"Gave Potion","damage_taken":0,"relics_obtained":["Shuriken"],"max_hp_gain":0,"max_hp_loss":0,"event_name":"WeMeetAgain","floor":4,"gold_loss":0},{"damage_healed":0,"gold_gain":0,"player_choice":"Take Damage","damage_taken":16,"relics_obtained":["Golden Idol"],"max_hp_gain":0,"max_hp_loss":0,"event_name":"Golden Idol","floor":7,"gold_loss":0},{"damage_healed":0,"gold_gain":0,"player_choice":"Ignored","damage_taken":0,"max_hp_gain":0,"max_hp_loss":0,"event_name":"Liars Game","floor":8,"gold_loss":0},{"damage_healed":0,"gold_gain":0,"player_choice":"Donut","damage_taken":0,"max_hp_gain":5,"max_hp_loss":0,"event_name":"Big Fish","floor":12,"gold_loss":0},{"cards_removed":["Strike_P"],"damage_healed":0,"gold_gain":0,"player_choice":"Elegance","damage_taken":0,"max_hp_gain":0,"max_hp_loss":0,"event_name":"Back to Basics","floor":21,"gold_loss":0}],"is_beta":true,"boss_relics":[{"not_picked":["Black Star","Sozu"],"picked":"SlaversCollar"}],"items_purged_floors":[19],"is_endless":false,"potions_floor_spawned":[1,10,13],"killed_by":"Shell Parasite","ascension_level":0}