{"gold_per_floor":[113,129,304,317,333,361,361,391,691,691,720,685,733,748,748,748],"floor_reached":16,"playtime":2240,"items_purged":[],"score":120,"play_id":"562e2561-2de7-4639-82da-f5bedb17b84e","local_time":"20180819093046","is_ascension_mode":false,"campfire_choices":[{"floor":7,"key":"REST"},{"floor":10,"key":"REST"},{"data":"Body Slam","floor":15,"key":"SMITH"}],"neow_cost":"NONE","seed_source_timestamp":383950205285102,"circlet_count":0,"master_deck":["Strike_R","Strike_R","Strike_R","Strike_R","Strike_R","Defend_R+1","Defend_R","Defend_R","Defend_R+1","Bash","Ghostly Armor","Seeing Red","Doubt","Body Slam+1","Anger","Headbutt"],"relics":["Burning Blood","War Paint","Question Card","Old Coin","Unceasing Top","Bag of Marbles"],"potions_floor_usage":[6,6,11],"damage_taken":[{"damage":1,"enemies":"Jaw Worm","floor":1,"turns":3},{"damage":10,"enemies":"2 Louse","floor":2,"turns":4},{"damage":0,"enemies":"Cultist","floor":4,"turns":4},{"damage":19,"enemies":"Red Slaver","floor":5,"turns":5},{"damage":67,"enemies":"Gremlin Nob","floor":6,"turns":7},{"damage":33,"enemies":"Lagavulin","floor":8,"turns":8},{"damage":12,"enemies":"3 Sentries","floor":11,"turns":9},{"damage":4,"enemies":"2 Fungi Beasts","floor":14,"turns":3},{"damage":59,"enemies":"Hexaghost","floor":16,"turns":14}],"seed_played":"8334289739492571062","potions_obtained":[{"floor":1,"key":"GamblersBrew"},{"floor":5,"key":"Regen Potion"},{"floor":8,"key":"Fire Potion"}],"is_trial":false,"path_per_floor":["M","M","?","M","M","E","R","E","T","R","E","?","T","M","R"],"character_chosen":"IRONCLAD","items_purchased":[],"campfire_rested":2,"item_purchase_floors":[],"current_hp_per_floor":[80,76,76,80,67,21,45,18,18,42,36,56,56,58,58,0],"gold":748,"neow_bonus":"THREE_CARDS","is_prod":false,"is_daily":false,"chose_seed":false,"campfire_upgraded":1,"win_rate":0.0,"timestamp":1534689046,"path_taken":["M","M","?","M","?","E","R","E","T","R","E","?","?","M","R","BOSS"],"build_version":"2018-08-16","purchased_purges":0,"victory":false,"max_hp_per_floor":[80,80,80,80,80,80,80,80,80,80,80,80,80,80,80,80],"card_choices":[{"not_picked":["Clash","Anger"],"picked":"Ghostly Armor","floor":0},{"not_picked":["Sword Boomerang","Clothesline"],"picked":"Seeing Red","floor":1},{"not_picked":["Warcry","Combust","Twin Strike"],"picked":"SKIP","floor":2},{"not_picked":["Flex","True Grit"],"picked":"Body Slam","floor":4},{"not_picked":["Body Slam","Clothesline"],"picked":"Anger","floor":5},{"not_picked":["Sword Boomerang","Hemokinesis","Bloodletting"],"picked":"SKIP","floor":6},{"not_picked":["Burning Pact","Feel No Pain","Clothesline"],"picked":"SKIP","floor":8},{"not_picked":["Flex","Clash","Combust"],"picked":"Headbutt","floor":11},{"not_picked":["Perfected Strike","Battle Trance","Twin Strike","Brutality"],"picked":"SKIP","floor":14}],"player_experience":37251,"relics_obtained":[{"floor":6,"key":"War Paint"},{"floor":8,"key":"Question Card"},{"floor":9,"key":"Old Coin"},{"floor":11,"key":"Unceasing Top"},{"floor":13,"key":"Bag of Marbles"}],"event_choices":[{"event_name":"Liars Game","player_choice":"agreed","floor":3,"damage_taken":0},{"event_name":"The Cleric","player_choice":"Healed","floor":12,"damage_taken":0}],"is_beta":false,"boss_relics":[],"items_purged_floors":[],"is_endless":false,"potions_floor_spawned":[1,5,8],"killed_by":"Hexaghost","ascension_level":0}