{"gold_per_floor":[110,121,141,153,166,200,214,214,214,214,241,305,174,200,200,279,279,298,311,61,78,93,127,127,162,162,162,37,37,87,107,107,180,180,196,242,242,252,264,296,296,321,346,375,389,389,5,5,5,5],"floor_reached":51,"playtime":8561,"items_purged":["Strike_R","Strike_R","Strike_R","Strike_R"],"score":1488,"play_id":"16394622-431b-4622-93e8-686f9475d735","local_time":"20190723000533","is_ascension_mode":true,"campfire_choices":[{"floor":8.0,"key":"REST"},{"data":"Bludgeon","floor":10.0,"key":"SMITH"},{"floor":15.0,"key":"REST"},{"data":"Uppercut","floor":24.0,"key":"SMITH"},{"data":"Armaments","floor":27.0,"key":"SMITH"},{"data":"Armaments","floor":29.0,"key":"SMITH"},{"data":"Uppercut","floor":32.0,"key":"SMITH"},{"floor":41,"key":"REST"},{"data":"Strike_R","floor":49,"key":"PURGE"}],"neow_cost":"NONE","seed_source_timestamp":0,"circlet_count":0,"master_deck":["AscendersBane","Defend_R","Defend_R","Defend_R","Bash","Armaments+1","Whirlwind","Armaments+1","Clothesline","Bludgeon+1","Second Wind","Exhume","Shrug It Off","Fiend Fire","Uppercut+1","Feed","Reaper","Uppercut+1","Impervious","Flame Barrier","Impervious","Double Tap"],"special_seed":0,"relics":["Burning Blood","Pen Nib","Bag of Preparation","Strawberry","Red Skull","Kunai","Snecko Eye","Anchor","Ancient Tea Set","Champion Belt","Fusion Hammer","Peace Pipe","Oddly Smooth Stone","Potion Belt","Orichalcum","Gambling Chip","Self Forming Clay"],"potions_floor_usage":[39,40,50,50],"damage_taken":[{"damage":1.0,"enemies":"Cultist","floor":1.0,"turns":3.0},{"damage":7.0,"enemies":"Small Slimes","floor":2.0,"turns":3.0},{"damage":6.0,"enemies":"Jaw Worm","floor":3.0,"turns":4.0},{"damage":34.0,"enemies":"Exordium Thugs","floor":4.0,"turns":6.0},{"damage":10.0,"enemies":"Large Slime","floor":5.0,"turns":4.0},{"damage":27.0,"enemies":"3 Sentries","floor":6.0,"turns":9.0},{"damage":2.0,"enemies":"3 Louse","floor":7.0,"turns":2.0},{"damage":12.0,"enemies":"Lagavulin","floor":11.0,"turns":5.0},{"damage":20.0,"enemies":"Lagavulin Event","floor":12.0,"turns":3.0},{"damage":12.0,"enemies":"3 Sentries","floor":14.0,"turns":6.0},{"damage":49.0,"enemies":"Slime Boss","floor":16.0,"turns":11.0},{"damage":0.0,"enemies":"Spheric Guardian","floor":18.0,"turns":2.0},{"damage":0.0,"enemies":"3 Byrds","floor":19.0,"turns":4.0},{"damage":23.0,"enemies":"3 Cultists","floor":21.0,"turns":4.0},{"damage":10.0,"enemies":"Snake Plant","floor":22.0,"turns":2.0},{"damage":10.0,"enemies":"Book of Stabbing","floor":23.0,"turns":4.0},{"damage":26.0,"enemies":"Slavers","floor":25.0,"turns":5.0},{"damage":0.0,"enemies":"Shelled Parasite and Fungi","floor":31.0,"turns":2.0},{"damage":9.0,"enemies":"Automaton","floor":33.0,"turns":5.0},{"damage":0.0,"enemies":"Orb Walker","floor":35.0,"turns":2.0},{"damage":7.0,"enemies":"2 Orb Walkers","floor":36.0,"turns":4.0},{"damage":9.0,"enemies":"3 Darklings","floor":38.0,"turns":4.0},{"damage":0,"enemies":"Spire Growth","floor":39,"turns":4},{"damage":64,"enemies":"Giant Head","floor":40,"turns":7},{"damage":15,"enemies":"Reptomancer","floor":42,"turns":4},{"damage":5,"enemies":"Nemesis","floor":44,"turns":7},{"damage":0,"enemies":"Jaw Worm Horde","floor":45,"turns":3},{"damage":14,"enemies":"Donu and Deca","floor":50,"turns":9}],"seed_played":"-4217376491293027548","potions_obtained":[{"floor":4.0,"key":"GamblersBrew"},{"floor":5.0,"key":"Dexterity Potion"},{"floor":6.0,"key":"SneckoOil"},{"floor":7.0,"key":"FearPotion"},{"floor":11.0,"key":"SneckoOil"},{"floor":18.0,"key":"Fruit Juice"},{"floor":21.0,"key":"SpeedPotion"},{"floor":23.0,"key":"Weak Potion"},{"floor":25.0,"key":"Explosive Potion"},{"floor":31.0,"key":"Block Potion"},{"floor":38.0,"key":"Ancient Potion"},{"floor":39,"key":"Poison Potion"},{"floor":44,"key":"Ancient Potion"}],"is_trial":false,"path_per_floor":["M","M","M","M","M","E","M","R","T","R","E","?","$","E","R","B",null,"M","M","$","M","M","E","R","E","T","R","$","R","?","M","R","B",null,"M","?","?","M","M","E","R","E","T","E","M","?","$","T","R","B",null],"character_chosen":"IRONCLAD","items_purchased":["Strength Potion","Feed","Double Tap","Dexterity Potion"],"campfire_rested":3,"item_purchase_floors":[13,20,47,47],"current_hp_per_floor":[80,79,79,51,47,26,30,54,54,54,55,41,41,35,61,18,71,82,88,88,71,71,67,67,75,75,75,75,75,75,81,81,83,94,98,97,87,84,96,40,69,88,88,96,98,98,98,98,98,101],"gold":5,"neow_bonus":"TEN_PERCENT_HP_BONUS","is_prod":false,"is_daily":false,"chose_seed":false,"campfire_upgraded":5,"win_rate":0,"timestamp":1563858333,"path_taken":["M","M","M","?","M","E","M","R","T","R","E","?","$","E","R","BOSS","M","M","$","M","M","E","R","E","T","R","$","R","?","M","R","BOSS","M","?","?","M","M","E","R","E","T","E","M","?","$","?","R","BOSS"],"build_version":"2019-07-17","purchased_purges":4,"victory":true,"max_hp_per_floor":[82,82,82,82,82,82,82,82,82,82,89,89,89,89,89,89,89,94,94,94,94,98,98,98,98,98,98,98,98,98,98,98,98,98,98,98,98,98,98,98,98,98,98,98,98,98,98,98,98,102],"card_choices":[{"not_picked":["Perfected Strike","Anger"],"picked":"Armaments","floor":1.0},{"not_picked":["Intimidate","Warcry"],"picked":"Whirlwind","floor":2.0},{"not_picked":["Warcry","Wild Strike"],"picked":"Armaments","floor":3.0},{"not_picked":["Intimidate","True Grit"],"picked":"Clothesline","floor":4.0},{"not_picked":["True Grit","Bloodletting","Searing Blow"],"picked":"SKIP","floor":5.0},{"not_picked":["Blood for Blood","Seeing Red"],"picked":"Bludgeon","floor":6.0},{"not_picked":["Flex","Sword Boomerang"],"picked":"Second Wind","floor":7.0},{"not_picked":["Cleave","Double Tap"],"picked":"Exhume","floor":11.0},{"not_picked":["Warcry","Body Slam"],"picked":"Shrug It Off","floor":12.0},{"not_picked":["Cleave","Clash","Clothesline"],"picked":"SKIP","floor":14.0},{"not_picked":["Offering","Immolate"],"picked":"Fiend Fire","floor":16.0},{"not_picked":["Battle Trance","Iron Wave","Cleave"],"picked":"SKIP","floor":18.0},{"not_picked":["Dropkick","Flex+1"],"picked":"Uppercut","floor":19.0},{"not_picked":["Perfected Strike","Pummel","Wild Strike"],"picked":"SKIP","floor":21.0},{"not_picked":["Power Through","Twin Strike"],"picked":"Reaper","floor":22.0},{"not_picked":["Evolve","Sword Boomerang+1","Body Slam+1"],"picked":"SKIP","floor":23.0},{"not_picked":["Evolve","Sword Boomerang+1","Body Slam+1"],"picked":"SKIP","floor":23.0},{"not_picked":["Thunderclap","Wild Strike","Dropkick"],"picked":"SKIP","floor":25.0},{"not_picked":["Rage","Clash+1"],"picked":"Uppercut","floor":31.0},{"not_picked":["Berserk","Brutality"],"picked":"Impervious","floor":33.0},{"not_picked":["Second Wind","Armaments+1","Headbutt"],"picked":"SKIP","floor":35.0},{"not_picked":["Havoc","True Grit","Heavy Blade"],"picked":"SKIP","floor":38.0},{"not_picked":["Heavy Blade","Clash","Havoc"],"picked":"SKIP","floor":39},{"not_picked":["Heavy Blade","Clash","Havoc"],"picked":"SKIP","floor":39},{"not_picked":["Headbutt+1","Corruption"],"picked":"Flame Barrier","floor":40},{"not_picked":["Flex+1","Havoc","Sword Boomerang"],"picked":"SKIP","floor":42},{"not_picked":["Body Slam+1","Headbutt+1"],"picked":"Impervious","floor":44},{"not_picked":["Whirlwind","Thunderclap","Clash+1"],"picked":"SKIP","floor":45}],"player_experience":1621598,"relics_obtained":[{"floor":6.0,"key":"Pen Nib"},{"floor":9.0,"key":"Bag of Preparation"},{"floor":11.0,"key":"Strawberry"},{"floor":12.0,"key":"Red Skull"},{"floor":14.0,"key":"Kunai"},{"floor":23.0,"key":"Anchor"},{"floor":25.0,"key":"Ancient Tea Set"},{"floor":26.0,"key":"Champion Belt"},{"floor":36.0,"key":"Peace Pipe"},{"floor":40,"key":"Oddly Smooth Stone"},{"floor":42,"key":"Potion Belt"},{"floor":43,"key":"Orichalcum"},{"floor":44,"key":"Gambling Chip"},{"floor":48,"key":"Self Forming Clay"}],"event_choices":[{"damage_healed":0.0,"max_hp_gain":0.0,"max_hp_loss":0.0,"gold_gain":30.0,"event_name":"Dead Adventurer","player_choice":"Searched \u00272\u0027 times","floor":12.0,"gold_loss":0.0,"damage_taken":0.0},{"damage_healed":0.0,"max_hp_gain":0.0,"max_hp_loss":0.0,"gold_gain":50.0,"event_name":"Golden Shrine","player_choice":"Pray","floor":30.0,"gold_loss":0.0,"damage_taken":0.0},{"damage_healed":0.0,"max_hp_gain":0.0,"max_hp_loss":0.0,"gold_gain":0.0,"event_name":"Mysterious Sphere","player_choice":"Fight","floor":36.0,"gold_loss":0.0,"damage_taken":0.0},{"damage_healed":0.0,"max_hp_gain":0.0,"max_hp_loss":0.0,"gold_gain":0.0,"event_name":"SensoryStone","player_choice":"Memory 3","floor":37.0,"gold_loss":0.0,"damage_taken":10.0},{"cards_removed":["Defend_R"],"damage_healed":0,"gold_gain":0,"player_choice":"Removed Skill","damage_taken":0,"max_hp_gain":0,"max_hp_loss":0,"event_name":"Falling","floor":46,"gold_loss":0}],"is_beta":false,"boss_relics":[{"not_picked":["Velvet Choker","Sozu"],"picked":"Snecko Eye"},{"not_picked":["Philosopher\u0027s Stone","Orrery"],"picked":"Fusion Hammer"}],"items_purged_floors":[13,20,28,47],"is_endless":false,"potions_floor_spawned":[4,5,6,7,11,18,21,23,25,31,38,39,44],"ascension_level":18}