{"gold_per_floor":[116,127,54,74,149,175,175,223,235,247,102,102,49,84,84,186,236,254,254,254,179,205,205,205],"floor_reached":24,"playtime":2964,"items_purged":["Strike_R"],"score":332,"play_id":"1d4af82d-2fd7-468d-90ac-a529927b15db","local_time":"20181218224204","is_ascension_mode":true,"campfire_choices":[{"floor":7.0,"key":"REST"},{"data":"Battle Trance","floor":10.0,"key":"SMITH"},{"data":"Shrug It Off","floor":12.0,"key":"SMITH"},{"data":"True Grit","floor":15,"key":"SMITH"},{"floor":23,"key":"REST"}],"neow_cost":"NONE","seed_source_timestamp":0,"circlet_count":0,"master_deck":["AscendersBane","Defend_R+1","Defend_R+1","Defend_R+1","Defend_R+1","Bash+1","Body Slam+1","Battle Trance+1","Shrug It Off+1","Iron Wave","Impervious","True Grit+1","Immolate","Inflame","Bite","Bite","Bite","Bite","Bite"],"special_seed":0,"relics":["Burning Blood","Whetstone","MawBank","WingedGreaves","Juzu Bracelet","Tiny House","Red Mask"],"potions_floor_usage":[15,22],"damage_taken":[{"damage":1.0,"enemies":"Cultist","floor":1.0,"turns":3.0},{"damage":3.0,"enemies":"2 Louse","floor":2.0,"turns":3.0},{"damage":4.0,"enemies":"Jaw Worm","floor":4.0,"turns":4.0},{"damage":35.0,"enemies":"Gremlin Nob","floor":6.0,"turns":5.0},{"damage":23,"enemies":"Lagavulin","floor":14,"turns":5},{"damage":40,"enemies":"Hexaghost","floor":16,"turns":13},{"damage":22,"enemies":"Spheric Guardian","floor":18,"turns":5},{"damage":53,"enemies":"Masked Bandits","floor":22,"turns":5},{"damage":58,"enemies":"Book of Stabbing","floor":24,"turns":8}],"seed_played":"3549017217025254754","potions_obtained":[{"floor":4.0,"key":"Fruit Juice"},{"floor":14,"key":"Fruit Juice"},{"floor":17,"key":"Energy Potion"}],"is_trial":false,"path_per_floor":["M","M","$","M","?","E","E","R","T","T","R","$","R","$","E","R","B",null,"M","?","?","?","?","R","E"],"character_chosen":"IRONCLAD","items_purchased":["Battle Trance","Impervious","True Grit"],"campfire_rested":2,"item_purchase_floors":[3,11,13],"current_hp_per_floor":[77,80,80,80,69,45,70,70,70,70,70,70,70,53,58,24,79,63,63,63,63,27,46,0],"gold":205,"neow_bonus":"UPGRADE_CARD","is_prod":false,"is_daily":false,"chose_seed":false,"campfire_upgraded":3,"win_rate":0,"timestamp":1545194524,"path_taken":["M","?","$","M","?","E","R","?","T","R","$","R","?","E","R","BOSS","M","?","?","?","?","R","E"],"build_version":"2018-12-13","purchased_purges":1,"victory":false,"max_hp_per_floor":[80,80,80,80,80,85,85,85,85,85,85,85,85,85,90,90,95,95,95,66,66,66,66,66],"card_choices":[{"not_picked":["Pommel Strike","Sword Boomerang"],"picked":"Body Slam","floor":1.0},{"not_picked":["Seeing Red","Clash"],"picked":"Clothesline","floor":2.0},{"not_picked":["Spot Weakness","Dual Wield"],"picked":"Shrug It Off","floor":4.0},{"not_picked":["Thunderclap","Reckless Charge"],"picked":"Iron Wave","floor":6.0},{"not_picked":["True Grit","Thunderclap","Power Through"],"picked":"SKIP","floor":14},{"not_picked":["Feed","Limit Break"],"picked":"Immolate","floor":16},{"not_picked":["Rage","Body Slam"],"picked":"Inflame","floor":17},{"not_picked":["Entrench","Sword Boomerang+1","Havoc"],"picked":"SKIP","floor":18}],"player_experience":865221,"relics_obtained":[{"floor":6.0,"key":"Whetstone"},{"floor":8.0,"key":"MawBank"},{"floor":9.0,"key":"WingedGreaves"},{"floor":14,"key":"Juzu Bracelet"},{"floor":22,"key":"Red Mask"}],"event_choices":[{"damage_healed":0.0,"max_hp_gain":0.0,"max_hp_loss":0.0,"gold_gain":75.0,"event_name":"World of Goop","player_choice":"Gather Gold","floor":5.0,"gold_loss":0.0,"damage_taken":11.0},{"damage_healed":0,"gold_gain":0,"player_choice":"Simplicity","damage_taken":0,"max_hp_gain":0,"max_hp_loss":0,"event_name":"Back to Basics","floor":19,"gold_loss":0,"cards_upgraded":["Strike_R","Strike_R","Strike_R","Defend_R","Defend_R","Defend_R"]},{"damage_healed":0,"gold_gain":0,"player_choice":"Became a vampire","damage_taken":0,"max_hp_gain":0,"max_hp_loss":29,"event_name":"Vampires","floor":20,"gold_loss":0,"cards_obtained":["Bite","Bite","Bite","Bite","Bite"]},{"cards_removed":["Clothesline"],"damage_healed":0,"gold_gain":0,"player_choice":"Gave Gold","damage_taken":0,"max_hp_gain":0,"max_hp_loss":0,"event_name":"Beggar","floor":21,"gold_loss":75},{"damage_healed":0,"gold_gain":0,"player_choice":"Fought Bandits","damage_taken":0,"max_hp_gain":0,"max_hp_loss":0,"event_name":"Masked Bandits","floor":22,"gold_loss":0}],"is_beta":false,"boss_relics":[{"not_picked":["Calling Bell","Empty Cage"],"picked":"Tiny House"}],"items_purged_floors":[11],"is_endless":false,"potions_floor_spawned":[4,14],"killed_by":"Book of Stabbing","ascension_level":11}