{"gold_per_floor":[109,109,184,194,42,42,70,70,70,100,100,100],"floor_reached":12,"playtime":177,"items_purged":["Strike_R"],"score":218,"play_id":"e4bb2cee-d2cd-48c1-aead-c4958bcde6bc","local_time":"20190926175659","is_ascension_mode":true,"campfire_choices":[{"data":"Inflame","floor":6,"key":"SMITH"},{"data":"Rampage","floor":11,"key":"SMITH"}],"neow_cost":"NONE","seed_source_timestamp":841641728438400,"circlet_count":0,"master_deck":["AscendersBane","Strike_R","Strike_R","Strike_R","Defend_R","Defend_R","Defend_R","Defend_R","Bash+1","Headbutt","Reaper","Inflame+1","Rampage+1","Dark Embrace"],"relics":["Burning Blood","NeowsBlessing","Blue Candle","Centennial Puzzle","Charon\u0027s Ashes"],"potions_floor_usage":[],"damage_taken":[{"damage":0,"enemies":"2 Louse","floor":1,"turns":1},{"damage":0,"enemies":"Jaw Worm","floor":4,"turns":1},{"damage":0,"enemies":"3 Sentries","floor":7,"turns":2},{"damage":30,"enemies":"Lagavulin","floor":10,"turns":6},{"damage":55,"enemies":"Gremlin Nob","floor":12,"turns":4}],"seed_played":"3788100590799841369","potions_obtained":[],"is_trial":false,"path_per_floor":["M","?","?","M","$","R","E","?","T","E","R","E"],"character_chosen":"IRONCLAD","items_purchased":["Inflame"],"campfire_rested":0,"item_purchase_floors":[5],"current_hp_per_floor":[74,74,63,69,69,69,75,68,68,51,51,0],"gold":100,"neow_bonus":"THREE_ENEMY_KILL","is_prod":false,"is_daily":false,"chose_seed":false,"campfire_upgraded":2,"win_rate":0,"timestamp":1569545819,"path_taken":["M","?","?","M","$","R","E","?","T","E","R","E"],"build_version":"2019-09-26","purchased_purges":1,"victory":false,"max_hp_per_floor":[75,75,75,75,75,75,75,75,75,75,75,75],"card_choices":[{"not_picked":["Clash","Sword Boomerang"],"picked":"Headbutt","floor":1},{"not_picked":["Shrug It Off","Havoc"],"picked":"Reaper","floor":4},{"not_picked":["Sword Boomerang","Thunderclap"],"picked":"Rampage","floor":7},{"not_picked":["Second Wind","Double Tap"],"picked":"Dark Embrace","floor":10}],"player_experience":1047870,"relics_obtained":[{"floor":7,"key":"Blue Candle"},{"floor":9,"key":"Centennial Puzzle"},{"floor":10,"key":"Charon\u0027s Ashes"}],"event_choices":[{"damage_healed":0,"gold_gain":0,"player_choice":"Grow","damage_taken":0,"max_hp_gain":0,"max_hp_loss":0,"event_name":"Living Wall","floor":2,"gold_loss":0,"cards_upgraded":["Bash"]},{"damage_healed":0,"gold_gain":75,"player_choice":"Gather Gold","damage_taken":11,"max_hp_gain":0,"max_hp_loss":0,"event_name":"World of Goop","floor":3,"gold_loss":0},{"cards_removed":["Strike_R"],"damage_healed":0,"gold_gain":0,"player_choice":"Card Removal","damage_taken":7,"max_hp_gain":0,"max_hp_loss":0,"event_name":"Golden Wing","floor":8,"gold_loss":0}],"is_beta":true,"boss_relics":[],"items_purged_floors":[5],"is_endless":false,"potions_floor_spawned":[],"killed_by":"Gremlin Nob","ascension_level":20}