{"gold_per_floor":[111,111,111,61,75,75,95,128,128,155,155,174,174,186,186,282,282,296,328,328,328,328,328,343,258,328,328,178,278,296,324,324,429,429,441,441,48,270,289,289,316,335,335,355,355,355,390,390,390,390,390,390,39,64,64],"floor_reached":55,"playtime":2042,"items_purged":["Parasite","Strike_P"],"score":775,"play_id":"4632dc23-2986-489f-a10a-34de8be2704f","local_time":"20190911010436","is_ascension_mode":true,"campfire_choices":[{"data":"SandsOfTime","floor":6,"key":"SMITH"},{"data":"Judgement","floor":11,"key":"SMITH"},{"data":"Vigilance","floor":13,"key":"SMITH"},{"data":"WaveOfTheHand","floor":15,"key":"SMITH"},{"data":"Alpha","floor":23,"key":"SMITH"},{"data":"Eruption","floor":27,"key":"SMITH"},{"data":"Devotion","floor":32,"key":"SMITH"},{"floor":40,"key":"RECALL"},{"floor":45,"key":"REST"},{"floor":49,"key":"REST"},{"floor":52,"key":"REST"}],"neow_cost":"NONE","seed_source_timestamp":390740555460521,"circlet_count":0,"master_deck":["Defend_P","Defend_P","Eruption+1","Vigilance+1","SandsOfTime+1","Judgement+1","Conclude+1","WaveOfTheHand+1","Alpha+1","Devotion+1","Evaluate+1","Devotion+1","TalkToTheHand+1","Wallop+1","Clumsy","Finesse","SandsOfTime+1","Trip"],"relics":["Empty Cage","Nunchaku","Molten Egg 2","Centennial Puzzle","Cursed Key","Red Mask","Orichalcum","MutagenicStrength","Oddly Smooth Stone","Singing Bowl","Bird Faced Urn","White Beast Statue","Sundial","Fusion Hammer","ClockworkSouvenir","InkBottle","Turnip","PreservedInsect","Art of War","TungstenRod"],"potions_floor_usage":[16,29,33,33,41,47,50,50,55,55,55],"damage_taken":[{"damage":3,"enemies":"2 Louse","floor":1,"turns":4},{"damage":1,"enemies":"Jaw Worm","floor":5,"turns":3},{"damage":5,"enemies":"Small Slimes","floor":7,"turns":3},{"damage":3,"enemies":"Gremlin Nob","floor":8,"turns":3},{"damage":0,"enemies":"Blue Slaver","floor":12,"turns":1},{"damage":0,"enemies":"Large Slime","floor":14,"turns":2},{"damage":12,"enemies":"The Guardian","floor":16,"turns":7},{"damage":4,"enemies":"3 Byrds","floor":18,"turns":4},{"damage":9,"enemies":"Masked Bandits","floor":19,"turns":3},{"damage":0,"enemies":"Spheric Guardian","floor":24,"turns":2},{"damage":9,"enemies":"Colosseum Slavers","floor":29,"turns":3},{"damage":11,"enemies":"Colosseum Nobs","floor":29,"turns":3},{"damage":9,"enemies":"Centurion and Healer","floor":30,"turns":3},{"damage":23,"enemies":"Slavers","floor":31,"turns":3},{"damage":4,"enemies":"Champ","floor":33,"turns":7},{"damage":9,"enemies":"3 Darklings","floor":35,"turns":3},{"damage":0,"enemies":"Orb Walker","floor":39,"turns":4},{"damage":3,"enemies":"Giant Head","floor":41,"turns":7},{"damage":30,"enemies":"Spire Growth","floor":42,"turns":3},{"damage":11,"enemies":"Writhing Mass","floor":44,"turns":4},{"damage":28,"enemies":"Reptomancer","floor":47,"turns":5},{"damage":37,"enemies":"Awakened One","floor":50,"turns":10},{"damage":38,"enemies":"Shield and Spear","floor":54,"turns":5},{"damage":61,"enemies":"The Heart","floor":55,"turns":3}],"seed_played":"-2661377800467251563","potions_obtained":[{"floor":5,"key":"Swift Potion"},{"floor":8,"key":"PowerPotion"},{"floor":14,"key":"Weak Potion"},{"floor":18,"key":"GamblersBrew"},{"floor":24,"key":"FearPotion"},{"floor":29,"key":"SteroidPotion"},{"floor":30,"key":"Block Potion"},{"floor":33,"key":"SmokeBomb"},{"floor":35,"key":"Dexterity Potion"},{"floor":39,"key":"Ancient Potion"},{"floor":41,"key":"Fire Potion"},{"floor":42,"key":"Block Potion"},{"floor":44,"key":"DuplicationPotion"},{"floor":47,"key":"Strength Potion"},{"floor":54,"key":"SpeedPotion"}],"is_trial":false,"path_per_floor":["M","?","?","?","M","R","M","E","T","T","R","M","R","M","R","B",null,"M","?","?","?","?","R","M","?","T","R","$","?","M","E","R","B",null,"M","?","$","?","M","R","E","M","T","M","R","?","E","?","R","B",null,"R","$","E","B"],"character_chosen":"WATCHER","items_purchased":["Devotion","ClockworkSouvenir","InkBottle","SandsOfTime+1","Trip","Regen Potion","Art of War"],"campfire_rested":3,"item_purchase_floors":[28,37,37,53,53,53,53],"current_hp_per_floor":[62,62,62,62,61,61,56,53,53,53,53,53,53,53,53,41,65,61,52,52,52,65,65,65,65,65,65,62,44,41,20,20,22,66,59,59,59,59,61,61,66,42,42,37,59,53,29,29,52,21,78,78,78,44,0],"gold":64,"neow_bonus":"BOSS_RELIC","is_prod":false,"is_daily":false,"chose_seed":false,"campfire_upgraded":7,"win_rate":0,"timestamp":1568138676,"path_taken":["M","?","?","?","M","R","M","E","T","?","R","M","R","M","R","BOSS","M","?","?","?","?","R","M","?","T","R","$","?","M","E","R","BOSS","M","?","$","?","M","R","E","M","T","M","R","?","E","?","R","BOSS","R","$","E","BOSS"],"build_version":"2019-09-09v2","purchased_purges":2,"victory":false,"max_hp_per_floor":[65,65,65,65,65,65,65,65,65,65,65,65,65,65,65,65,65,65,65,65,65,65,65,65,65,65,65,62,64,66,66,66,66,66,68,68,68,68,70,70,72,74,74,76,76,80,82,78,78,78,78,78,78,80,80],"card_choices":[{"not_picked":["ThirdEye","DeceiveReality"],"picked":"SandsOfTime","floor":1},{"not_picked":["FlyingSleeves","Swivel","Sanctity"],"picked":"SKIP","floor":5},{"not_picked":["Evaluate","JustLucky","ClearTheMind"],"picked":"SKIP","floor":7},{"not_picked":["ClearTheMind","WaveOfTheHand"],"picked":"Judgement","floor":8},{"not_picked":["ForeignInfluence","Evaluate"],"picked":"Conclude+1","floor":12},{"not_picked":["Evaluate","EmptyFist+1"],"picked":"WaveOfTheHand","floor":14},{"not_picked":["FlowState","Brilliance"],"picked":"Alpha","floor":16},{"not_picked":["EmptyMind+1","Collect"],"picked":"Devotion+1","floor":18},{"not_picked":["JustLucky+1","WaveOfTheHand"],"picked":"Evaluate+1","floor":19},{"not_picked":["Crescendo","Consecrate+1","JustLucky+1"],"picked":"SKIP","floor":24},{"not_picked":["Crescendo","FlurryOfBlows+1","ClearTheMind"],"picked":"Singing Bowl","floor":29},{"not_picked":["CrushJoints+1","CleanseEvil+1","Swivel+1"],"picked":"Singing Bowl","floor":30},{"not_picked":["BattleHymn","PathToVictory"],"picked":"TalkToTheHand+1","floor":31},{"not_picked":["Vault+1","Alpha"],"picked":"Wallop+1","floor":33},{"not_picked":["Sanctity","EmptyBody","Crescendo"],"picked":"Singing Bowl","floor":35},{"not_picked":["Consecrate+1","Worship+1","Evaluate+1"],"picked":"Singing Bowl","floor":39},{"not_picked":["CutThroughFate+1","MentalFortress","Establishment"],"picked":"Singing Bowl","floor":41},{"not_picked":["ClearTheMind+1","EmptyBody+1","FlyingSleeves+1"],"picked":"Singing Bowl","floor":42},{"not_picked":["Halt+1","CrushJoints+1","Crescendo+1"],"picked":"Singing Bowl","floor":44},{"not_picked":["Enlightenment","Deep Breath"],"picked":"Finesse","floor":46},{"not_picked":["The Bomb","Flash of Steel+1","Chrysalis"],"picked":"Singing Bowl","floor":46},{"not_picked":["PanicButton","Deep Breath","Violence"],"picked":"Singing Bowl","floor":46},{"not_picked":["WreathOfFlame+1","EmptyMind+1","Scrawl"],"picked":"Singing Bowl","floor":47},{"not_picked":["ClearTheMind","Weave+1","Consecrate+1"],"picked":"Singing Bowl","floor":54}],"player_experience":1085621,"relics_obtained":[{"floor":8,"key":"Nunchaku"},{"floor":9,"key":"Molten Egg 2"},{"floor":10,"key":"Centennial Puzzle"},{"floor":19,"key":"Red Mask"},{"floor":26,"key":"Singing Bowl"},{"floor":29,"key":"Bird Faced Urn"},{"floor":29,"key":"White Beast Statue"},{"floor":31,"key":"Sundial"},{"floor":41,"key":"Turnip"},{"floor":47,"key":"PreservedInsect"},{"floor":54,"key":"TungstenRod"}],"event_choices":[{"cards_removed":["Strike_P"],"damage_healed":0,"gold_gain":0,"player_choice":"Forget","damage_taken":0,"max_hp_gain":0,"max_hp_loss":0,"event_name":"Living Wall","floor":2,"gold_loss":0},{"damage_healed":0,"gold_gain":0,"player_choice":"Ignored","damage_taken":0,"max_hp_gain":0,"max_hp_loss":0,"event_name":"Liars Game","floor":3,"gold_loss":0},{"cards_removed":["Defend_P"],"damage_healed":0,"gold_gain":0,"player_choice":"Card Removal","damage_taken":0,"max_hp_gain":0,"max_hp_loss":0,"event_name":"The Cleric","floor":4,"gold_loss":50},{"damage_healed":0,"gold_gain":0,"player_choice":"Fought Bandits","damage_taken":0,"max_hp_gain":0,"max_hp_loss":0,"event_name":"Masked Bandits","floor":19,"gold_loss":0},{"damage_healed":0,"gold_gain":0,"player_choice":"Opened","damage_taken":0,"relics_obtained":["Orichalcum"],"max_hp_gain":0,"max_hp_loss":0,"event_name":"The Mausoleum","floor":20,"gold_loss":0},{"damage_healed":0,"gold_gain":0,"player_choice":"Inject Mutagens","damage_taken":0,"relics_obtained":["MutagenicStrength"],"max_hp_gain":0,"max_hp_loss":0,"event_name":"Drug Dealer","floor":21,"gold_loss":0},{"damage_healed":21,"gold_gain":0,"player_choice":"Heal","damage_taken":0,"max_hp_gain":0,"max_hp_loss":0,"event_name":"The Library","floor":22,"gold_loss":0},{"damage_healed":0,"gold_gain":0,"player_choice":"Obtained Relic","damage_taken":0,"relics_obtained":["Oddly Smooth Stone"],"max_hp_gain":0,"max_hp_loss":0,"event_name":"Addict","floor":25,"gold_loss":85},{"damage_healed":0,"gold_gain":0,"player_choice":"Fight","damage_taken":0,"max_hp_gain":0,"max_hp_loss":0,"event_name":"Colosseum","floor":29,"gold_loss":0},{"damage_healed":0,"gold_gain":0,"player_choice":"Fought Nobs","damage_taken":0,"max_hp_gain":0,"max_hp_loss":0,"event_name":"Colosseum","floor":29,"gold_loss":0},{"cards_removed":["Strike_P"],"damage_healed":0,"gold_gain":0,"player_choice":"Removed Attack","damage_taken":0,"max_hp_gain":0,"max_hp_loss":0,"event_name":"Falling","floor":36,"gold_loss":0},{"damage_healed":0,"gold_gain":222,"player_choice":"Wore Mask","damage_taken":0,"max_hp_gain":0,"max_hp_loss":0,"event_name":"Tomb of Lord Red Mask","floor":38,"gold_loss":0},{"damage_healed":0,"gold_gain":0,"player_choice":"Memory 3","damage_taken":10,"max_hp_gain":0,"max_hp_loss":0,"event_name":"SensoryStone","floor":46,"gold_loss":0},{"damage_healed":0,"gold_gain":0,"player_choice":"Max HP","damage_taken":0,"max_hp_gain":0,"max_hp_loss":4,"event_name":"Winding Halls","floor":48,"gold_loss":0}],"is_beta":true,"boss_relics":[{"not_picked":["SlaversCollar","Runic Pyramid"],"picked":"Cursed Key"},{"not_picked":["Snecko Eye","Astrolabe"],"picked":"Fusion Hammer"}],"items_purged_floors":[28,37],"is_endless":false,"potions_floor_spawned":[5,8,14,18,24,29,30,31,33,35,39,41,42,44,47,54],"killed_by":"The Heart","ascension_level":1}