{"gold_per_floor":[15,15,35,48,48,48,48,48,48,82,105,105,123,158,158,158],"floor_reached":16,"playtime":996,"items_purged":[],"score":116,"play_id":"e547c17e-6f25-469b-9273-66521c93ecf2","local_time":"20190908164720","is_ascension_mode":true,"campfire_choices":[{"data":"Neutralize","floor":6,"key":"SMITH"},{"data":"Panacea","floor":8,"key":"SMITH"},{"floor":12,"key":"REST"},{"floor":15,"key":"REST"}],"neow_cost":"NO_GOLD","seed_source_timestamp":4160870135299,"circlet_count":0,"master_deck":["Strike_G","Strike_G+1","Strike_G","Strike_G","Strike_G","Defend_G","Defend_G","Defend_G","Defend_G","Defend_G","Survivor","Neutralize+1","Dramatic Entrance","Panacea+1","Cloak And Dagger","Crippling Poison+1","Riddle With Holes","Outmaneuver","Dagger Spray","Blade Dance"],"relics":["Ring of the Snake","Golden Idol","The Courier","Singing Bowl","Art of War"],"potions_floor_usage":[13,14,14,16],"damage_taken":[{"damage":0,"enemies":"Small Slimes","floor":1,"turns":3},{"damage":0,"enemies":"2 Louse","floor":3,"turns":3},{"damage":3,"enemies":"Jaw Worm","floor":4,"turns":4},{"damage":22,"enemies":"Gremlin Nob","floor":10,"turns":4},{"damage":0,"enemies":"Lots of Slimes","floor":11,"turns":2},{"damage":18,"enemies":"Exordium Wildlife","floor":13,"turns":4},{"damage":2,"enemies":"3 Sentries","floor":14,"turns":8},{"damage":49,"enemies":"Hexaghost","floor":16,"turns":14}],"seed_played":"6035954481022872756","potions_obtained":[{"floor":1,"key":"SkillPotion"},{"floor":10,"key":"Strength Potion"},{"floor":11,"key":"Dexterity Potion"},{"floor":13,"key":"Swift Potion"}],"is_trial":false,"path_per_floor":["M","?","M","M","?","R","$","R","T","E","M","R","M","E","R","B"],"character_chosen":"THE_SILENT","items_purchased":[],"campfire_rested":2,"item_purchase_floors":[],"current_hp_per_floor":[70,65,65,62,49,49,49,49,49,29,29,49,31,29,49,0],"gold":158,"neow_bonus":"RANDOM_COLORLESS_2","is_prod":false,"is_daily":false,"chose_seed":false,"campfire_upgraded":2,"win_rate":0,"timestamp":1567979240,"path_taken":["M","?","M","M","?","R","?","R","T","E","?","R","M","E","R","BOSS"],"build_version":"2019-07-17","purchased_purges":0,"victory":false,"max_hp_per_floor":[70,65,65,65,65,65,65,65,65,67,67,67,67,67,67,67],"card_choices":[{"not_picked":["Prepared","Bane"],"picked":"Cloak And Dagger","floor":1},{"not_picked":["Poisoned Stab","Dagger Spray"],"picked":"Crippling Poison","floor":3},{"not_picked":["Masterful Stab","Outmaneuver"],"picked":"Riddle With Holes","floor":4},{"not_picked":["Leg Sweep","Cloak And Dagger","Finisher"],"picked":"Singing Bowl","floor":10},{"not_picked":["Flying Knee","Blade Dance"],"picked":"Outmaneuver","floor":11},{"not_picked":["Endless Agony","Skewer"],"picked":"Dagger Spray","floor":13},{"not_picked":["Dagger Spray","PiercingWail"],"picked":"Blade Dance","floor":14}],"player_experience":191766,"relics_obtained":[{"floor":9,"key":"The Courier"},{"floor":10,"key":"Singing Bowl"},{"floor":14,"key":"Art of War"}],"event_choices":[{"damage_healed":0,"gold_gain":0,"player_choice":"Lose Max HP","damage_taken":0,"relics_obtained":["Golden Idol"],"max_hp_gain":0,"max_hp_loss":5,"event_name":"Golden Idol","floor":2,"gold_loss":0},{"damage_healed":0,"gold_gain":0,"player_choice":"Entered Light","damage_taken":13,"max_hp_gain":0,"max_hp_loss":0,"event_name":"Shining Light","floor":5,"gold_loss":0,"cards_upgraded":["Strike_G","Crippling Poison"]}],"is_beta":false,"boss_relics":[],"items_purged_floors":[],"is_endless":false,"potions_floor_spawned":[1,10,11,13],"killed_by":"Hexaghost","ascension_level":1}