{"gold_per_floor":[117,14,25,35,35,35,70,70,126,154,169,169,196,213,213,289,289,300,316,335,161,181,181,207,122,122,122,137,137,163,163,163,237,237,255,355,370,370,370,405,405,418,442,442,456,472,472,506,506,506],"floor_reached":50,"playtime":3242,"items_purged":["Strike_B"],"score":1220,"play_id":"0ff5d756-d247-4801-a371-88520e1fe10f","local_time":"20190406144553","is_ascension_mode":true,"campfire_choices":[{"data":"Ball Lightning","floor":6.0,"key":"SMITH"},{"data":"Dualcast","floor":8.0,"key":"SMITH"},{"floor":12.0,"key":"REST"},{"data":"Conserve Battery","floor":15.0,"key":"SMITH"},{"floor":23.0,"key":"REST"},{"data":"Defragment","floor":27.0,"key":"SMITH"},{"data":"Biased Cognition","floor":29.0,"key":"SMITH"},{"data":"All For One","floor":32.0,"key":"SMITH"},{"data":"Defragment","floor":41.0,"key":"SMITH"},{"data":"Hologram","floor":44.0,"key":"SMITH"},{"floor":47.0,"key":"RECALL"},{"floor":49.0,"key":"REST"}],"neow_cost":"NONE","seed_source_timestamp":751127356441591,"circlet_count":0,"master_deck":["AscendersBane","Strike_B","Defend_B","Defend_B","Defend_B+1","Defend_B","Zap+1","Dualcast+1","Go for the Eyes+1","Ball Lightning+1","Conserve Battery","Sweeping Beam+1","All For One+1","FTL","Chill","Biased Cognition+1","Steam+1","Defragment+1","Finesse","Coolheaded+1","Electrodynamics","Creative AI","Defragment+1","Undo+1","Meteor Strike","Hologram+1","Loop","Rainbow"],"special_seed":0,"relics":["Cracked Core","Whetstone","Tiny Chest","Art of War","Regal Pillow","Empty Cage","Centennial Puzzle","Ice Cream","Bottled Tornado","War Paint","Singing Bowl","Snecko Eye","Turnip","The Courier","Mango"],"potions_floor_usage":[50],"damage_taken":[{"damage":0.0,"enemies":"2 Louse","floor":1.0,"turns":1.0},{"damage":0.0,"enemies":"Cultist","floor":3.0,"turns":3.0},{"damage":5.0,"enemies":"Small Slimes","floor":4.0,"turns":3.0},{"damage":18.0,"enemies":"Gremlin Nob","floor":7.0,"turns":4.0},{"damage":6.0,"enemies":"3 Sentries","floor":10.0,"turns":6.0},{"damage":0.0,"enemies":"Exordium Wildlife","floor":11.0,"turns":2.0},{"damage":4.0,"enemies":"Gremlin Nob","floor":13.0,"turns":3.0},{"damage":0.0,"enemies":"Large Slime","floor":14.0,"turns":5.0},{"damage":19.0,"enemies":"Slime Boss","floor":16.0,"turns":9.0},{"damage":0.0,"enemies":"Spheric Guardian","floor":18.0,"turns":3.0},{"damage":6.0,"enemies":"2 Thieves","floor":19.0,"turns":3.0},{"damage":30.0,"enemies":"Snake Plant","floor":20.0,"turns":4.0},{"damage":10.0,"enemies":"Centurion and Healer","floor":22.0,"turns":6.0},{"damage":1.0,"enemies":"Book of Stabbing","floor":24.0,"turns":5.0},{"damage":0.0,"enemies":"3 Cultists","floor":28.0,"turns":4.0},{"damage":11.0,"enemies":"Slavers","floor":30.0,"turns":5.0},{"damage":0.0,"enemies":"Collector","floor":33.0,"turns":6.0},{"damage":3.0,"enemies":"3 Shapes","floor":35.0,"turns":3.0},{"damage":0.0,"enemies":"Mind Bloom Boss Battle","floor":36.0,"turns":8.0},{"damage":0.0,"enemies":"Orb Walker","floor":37.0,"turns":4.0},{"damage":7.0,"enemies":"Nemesis","floor":40.0,"turns":9.0},{"damage":0.0,"enemies":"Maw","floor":42.0,"turns":6.0},{"damage":20.0,"enemies":"Jaw Worm Horde","floor":45.0,"turns":4.0},{"damage":0.0,"enemies":"Sphere and 2 Shapes","floor":46.0,"turns":3.0},{"damage":23.0,"enemies":"Reptomancer","floor":48.0,"turns":7.0},{"damage":79,"enemies":"Awakened One","floor":50,"turns":6}],"seed_played":"3684135838488963658","potions_obtained":[{"floor":1.0,"key":"FearPotion"},{"floor":13.0,"key":"Explosive Potion"},{"floor":19.0,"key":"FocusPotion"},{"floor":35.0,"key":"Strength Potion"},{"floor":37.0,"key":"Fire Potion"},{"floor":46.0,"key":"SpeedPotion"}],"is_trial":false,"path_per_floor":["M","$","M","M","?","R","E","R","T","E","M","R","E","M","R","B",null,"M","M","M","$","M","R","E","?","T","R","M","R","E","T","R","B",null,"M","?","M","?","?","E","R","M","T","R","M","M","R","E","R","B"],"character_chosen":"DEFECT","items_purchased":["Ball Lightning","Conserve Battery","Finesse"],"campfire_rested":3,"item_purchase_floors":[2,2,21],"current_hp_per_floor":[64,64,64,59,59,59,41,41,41,35,35,56,52,52,52,33,62,62,56,26,26,16,52,51,51,51,51,51,51,40,40,40,40,63,62,62,62,62,62,55,55,55,55,55,35,37,37,28,69,0],"gold":506,"neow_bonus":"UPGRADE_CARD","is_prod":false,"is_daily":false,"chose_seed":false,"campfire_upgraded":8,"win_rate":0,"timestamp":1554576353,"path_taken":["M","$","M","M","?","R","E","R","T","E","M","R","E","M","R","BOSS","M","M","M","$","?","R","E","?","T","R","M","R","E","?","R","BOSS","M","?","M","?","?","E","R","?","T","R","M","M","R","E","R","BOSS"],"build_version":"2019-01-23","purchased_purges":1,"victory":false,"max_hp_per_floor":[71,71,71,71,71,71,71,71,71,71,71,71,71,71,71,71,71,71,71,71,71,71,71,71,71,71,71,71,71,71,71,71,71,71,73,73,73,73,73,73,73,73,73,73,73,75,75,89,89,89],"card_choices":[{"not_picked":["Lockon","Streamline"],"picked":"Go for the Eyes","floor":1.0},{"not_picked":["Barrage","Stack"],"picked":"Conserve Battery","floor":3.0},{"not_picked":["Streamline","Hyperbeam","Go for the Eyes"],"picked":"SKIP","floor":4.0},{"not_picked":["Fusion","Aggregate"],"picked":"Sweeping Beam","floor":7.0},{"not_picked":["Go for the Eyes","Rebound"],"picked":"All For One","floor":10.0},{"not_picked":["Undo","Hologram"],"picked":"FTL","floor":11.0},{"not_picked":["Sweeping Beam","Hologram"],"picked":"Chill","floor":13.0},{"not_picked":["Recycle","Auto Shields","Lockon"],"picked":"SKIP","floor":14.0},{"not_picked":["Rainbow","Amplify"],"picked":"Biased Cognition","floor":16.0},{"not_picked":["Sweeping Beam","Compile Driver"],"picked":"Steam","floor":18.0},{"not_picked":["Undo","FTL+1"],"picked":"Defragment","floor":19.0},{"not_picked":["Gash","Turbo","Melter"],"picked":"SKIP","floor":20.0},{"not_picked":["Redo+1","Go for the Eyes"],"picked":"Coolheaded+1","floor":22.0},{"not_picked":["Beam Cell","Stack","Sweeping Beam+1"],"picked":"SKIP","floor":24.0},{"not_picked":["Steam","Leap","Rebound"],"picked":"SKIP","floor":28.0},{"not_picked":["Sweeping Beam","Compile Driver+1"],"picked":"Electrodynamics","floor":30.0},{"not_picked":["Thunder Strike","Electrodynamics"],"picked":"Creative AI","floor":33.0},{"not_picked":["Redo","Stack","Steam Power"],"picked":"Singing Bowl","floor":35.0},{"not_picked":["Rebound","Leap+1"],"picked":"Defragment","floor":36.0},{"not_picked":["Chill+1","Ball Lightning"],"picked":"Undo+1","floor":37.0},{"not_picked":["Leap+1","Scrape"],"picked":"Meteor Strike","floor":40.0},{"not_picked":["Compile Driver","Stack+1"],"picked":"Hologram","floor":42.0},{"not_picked":["Compile Driver","Melter"],"picked":"Loop","floor":45.0},{"not_picked":["Blizzard","Double Energy","Cold Snap"],"picked":"Singing Bowl","floor":46.0},{"not_picked":["Beam Cell","Leap"],"picked":"Rainbow","floor":48.0}],"player_experience":653168,"relics_obtained":[{"floor":7.0,"key":"Whetstone"},{"floor":9.0,"key":"Tiny Chest"},{"floor":10.0,"key":"Art of War"},{"floor":13.0,"key":"Regal Pillow"},{"floor":24.0,"key":"Centennial Puzzle"},{"floor":26.0,"key":"Bottled Tornado"},{"floor":30.0,"key":"War Paint"},{"floor":31.0,"key":"Singing Bowl"},{"floor":36.0,"key":"Turnip"},{"floor":40.0,"key":"The Courier"},{"floor":48.0,"key":"Mango"}],"event_choices":[{"damage_healed":0.0,"max_hp_gain":0.0,"max_hp_loss":0.0,"gold_gain":0.0,"event_name":"Match and Keep!","player_choice":"0 cards matched","floor":5.0,"gold_loss":0.0,"damage_taken":0.0,"cards_obtained":[]},{"damage_healed":0.0,"max_hp_gain":0.0,"max_hp_loss":0.0,"gold_gain":0.0,"event_name":"Addict","player_choice":"Obtained Relic","floor":25.0,"gold_loss":85.0,"damage_taken":0.0,"relics_obtained":["Ice Cream"]},{"damage_healed":0.0,"max_hp_gain":0.0,"max_hp_loss":0.0,"gold_gain":0.0,"event_name":"MindBloom","player_choice":"Fight","floor":36.0,"gold_loss":0.0,"damage_taken":0.0},{"cards_removed":["Conserve Battery"],"damage_healed":0.0,"max_hp_gain":0.0,"max_hp_loss":0.0,"gold_gain":0.0,"event_name":"Falling","player_choice":"Removed Skill","floor":38.0,"gold_loss":0.0,"damage_taken":0.0},{"damage_healed":0.0,"max_hp_gain":0.0,"max_hp_loss":0.0,"gold_gain":0.0,"event_name":"Lab","player_choice":"Got Potions","floor":39.0,"gold_loss":0.0,"damage_taken":0.0}],"is_beta":false,"boss_relics":[{"not_picked":["Ectoplasm","Lizard Tail"],"picked":"Empty Cage"},{"not_picked":["White Beast Statue","Black Star"],"picked":"Snecko Eye"}],"items_purged_floors":[21],"is_endless":false,"potions_floor_spawned":[1,13,19,22,24,35,37,42,46],"killed_by":"Awakened One","ascension_level":20}