{"gold_per_floor":[116,116,71,71,88,88,113,138,163,163,178,178,205,215,215,314,314,332,164,174,99,14,14,14,14,65,65,93,108,133,148,148,246,246,256,310,310,322,82,110,110,210,234,263,273,301,301,315,315,315],"floor_reached":51,"playtime":2649,"items_purged":["Defend_R"],"score":1138,"play_id":"339d6c4a-9d5d-4570-b824-b983626831be","local_time":"20190824113806","is_ascension_mode":true,"campfire_choices":[{"data":"Pommel Strike","floor":6,"key":"SMITH"},{"data":"Shrug It Off","floor":12,"key":"SMITH"},{"data":"Body Slam","floor":15,"key":"SMITH"},{"data":"Shrug It Off","floor":23,"key":"SMITH"},{"data":"Perfected Strike","floor":25,"key":"SMITH"},{"data":"Dual Wield","floor":27,"key":"SMITH"},{"data":"Shockwave","floor":32,"key":"SMITH"},{"floor":41,"key":"REST"},{"floor":47,"key":"REST"},{"data":"Shrug It Off","floor":49,"key":"SMITH"}],"neow_cost":"NONE","seed_source_timestamp":53313074488000,"circlet_count":0,"master_deck":["Strike_R","Strike_R+1","Strike_R","Strike_R","Strike_R","Defend_R","Defend_R","Bash","Perfected Strike+1","Shrug It Off+1","Pommel Strike+1","Shrug It Off+1","Shrug It Off+1","Body Slam+1","Dual Wield+1","Feed","Perfected Strike+1","Flash of Steel+1","Perfected Strike","Shockwave+1","Pommel Strike+1","Feed","Battle Trance+1","Rage+1","Dramatic Entrance","Pommel Strike+1","Perfected Strike+1"],"relics":["Burning Blood","NeowsBlessing","Ornamental Fan","Odd Mushroom","Lantern","Self Forming Clay","Thread and Needle","Philosopher\u0027s Stone","Sundial","Boot","Oddly Smooth Stone","Matryoshka","Mark of Pain","Peace Pipe","NlothsMask","Juzu Bracelet","Molten Egg 2","Mango","Whetstone","Unceasing Top","Centennial Puzzle"],"potions_floor_usage":[16,16,16,28,33,40,40],"damage_taken":[{"damage":0,"enemies":"Jaw Worm","floor":1,"turns":1},{"damage":0,"enemies":"2 Louse","floor":5,"turns":1},{"damage":0,"enemies":"Gremlin Nob","floor":7,"turns":1},{"damage":12,"enemies":"The Mushroom Lair","floor":8,"turns":4},{"damage":0,"enemies":"Cultist","floor":11,"turns":3},{"damage":7,"enemies":"3 Sentries","floor":13,"turns":6},{"damage":0,"enemies":"Blue Slaver","floor":14,"turns":3},{"damage":55,"enemies":"Slime Boss","floor":16,"turns":16},{"damage":0,"enemies":"2 Thieves","floor":18,"turns":3},{"damage":11,"enemies":"3 Byrds","floor":20,"turns":4},{"damage":27,"enemies":"Gremlin Leader","floor":28,"turns":6},{"damage":0,"enemies":"Snecko","floor":29,"turns":2},{"damage":16,"enemies":"Slavers","floor":30,"turns":4},{"damage":8,"enemies":"Cultist and Chosen","floor":31,"turns":4},{"damage":31,"enemies":"Collector","floor":33,"turns":8},{"damage":0,"enemies":"Orb Walker","floor":35,"turns":1},{"damage":10,"enemies":"2 Orb Walkers","floor":36,"turns":3},{"damage":0,"enemies":"3 Shapes","floor":38,"turns":3},{"damage":41,"enemies":"Reptomancer","floor":40,"turns":6},{"damage":32,"enemies":"Mind Bloom Boss Battle","floor":42,"turns":8},{"damage":0,"enemies":"Nemesis","floor":44,"turns":3},{"damage":0,"enemies":"Jaw Worm Horde","floor":45,"turns":2},{"damage":30,"enemies":"Reptomancer","floor":46,"turns":4},{"damage":15,"enemies":"4 Shapes","floor":48,"turns":5},{"damage":59,"enemies":"Time Eater","floor":50,"turns":9}],"seed_played":"-2658512183294248548","potions_obtained":[{"floor":5,"key":"Poison Potion"},{"floor":8,"key":"LiquidBronze"},{"floor":13,"key":"Regen Potion"},{"floor":18,"key":"EssenceOfSteel"},{"floor":29,"key":"LiquidBronze"},{"floor":33,"key":"SteroidPotion"},{"floor":35,"key":"SpeedPotion"},{"floor":36,"key":"Swift Potion"},{"floor":45,"key":"Block Potion"},{"floor":46,"key":"EntropicBrew"}],"is_trial":false,"path_per_floor":["M","?","$","?","M","R","E","?","T","?","M","R","E","M","R","B",null,"M","$","M","?","?","R","?","R","T","R","E","M","E","M","R","B",null,"M","?","?","M","$","E","R","?","T","E","M","E","R","M","R","B",null],"character_chosen":"IRONCLAD","items_purchased":["Shrug It Off","Flash of Steel","Dramatic Entrance","Juzu Bracelet"],"campfire_rested":2,"item_purchase_floors":[3,19,39,39],"current_hp_per_floor":[78,78,78,70,76,76,80,74,74,41,47,47,46,52,52,18,65,74,74,69,69,69,69,69,69,69,69,48,54,47,48,48,23,73,79,81,81,90,90,58,88,76,76,82,91,67,102,99,99,46],"gold":315,"neow_bonus":"THREE_ENEMY_KILL","is_prod":false,"is_daily":false,"chose_seed":false,"campfire_upgraded":8,"win_rate":0,"timestamp":1566639486,"path_taken":["M","?","$","?","?","R","E","?","T","?","M","R","E","M","R","BOSS","M","$","M","?","?","R","?","R","T","R","E","?","E","M","R","BOSS","M","?","?","M","$","E","R","?","T","E","M","E","R","M","R","BOSS"],"build_version":"2019-07-17","purchased_purges":1,"victory":true,"max_hp_per_floor":[80,80,80,80,80,80,80,80,80,80,80,80,80,80,80,80,80,83,83,83,83,83,83,83,83,83,83,83,83,86,89,89,89,89,89,95,95,98,98,101,101,115,115,115,118,118,118,124,124,124],"card_choices":[{"not_picked":["Reckless Charge","Heavy Blade"],"picked":"Perfected Strike","floor":1},{"not_picked":["Disarm","Second Wind"],"picked":"Pommel Strike","floor":5},{"not_picked":["Power Through","Bloodletting"],"picked":"Shrug It Off","floor":7},{"not_picked":["Power Through","Fire Breathing"],"picked":"Shrug It Off","floor":11},{"not_picked":["Sword Boomerang","Fiend Fire"],"picked":"Body Slam","floor":13},{"not_picked":["Warcry","Seeing Red"],"picked":"Dual Wield","floor":14},{"not_picked":["Impervious","Fiend Fire"],"picked":"Feed","floor":16},{"not_picked":["Uppercut","Metallicize"],"picked":"Perfected Strike","floor":18},{"not_picked":["Iron Wave+1","Flex","True Grit"],"picked":"SKIP","floor":20},{"not_picked":["Twin Strike+1","Intimidate+1"],"picked":"Perfected Strike","floor":28},{"not_picked":["Flex+1","Ghostly Armor","Clash"],"picked":"SKIP","floor":29},{"not_picked":["Bludgeon","Rage"],"picked":"Shockwave","floor":30},{"not_picked":["Armaments","Dropkick"],"picked":"Pommel Strike+1","floor":31},{"not_picked":["Bludgeon","Juggernaut"],"picked":"Feed","floor":33},{"not_picked":["Sever Soul","Searing Blow","Sword Boomerang"],"picked":"SKIP","floor":35},{"not_picked":["Body Slam+1","Sword Boomerang"],"picked":"Battle Trance+1","floor":36},{"not_picked":["Flex","Battle Trance"],"picked":"Rage+1","floor":38},{"not_picked":["Clothesline","Metallicize"],"picked":"Pommel Strike","floor":40},{"not_picked":["Clothesline+1","Anger+1"],"picked":"Perfected Strike+1","floor":42},{"not_picked":["Reaper+1","Thunderclap+1","Inflame+1"],"picked":"SKIP","floor":44},{"not_picked":["Wild Strike+1","True Grit+1","Sword Boomerang+1"],"picked":"SKIP","floor":45},{"not_picked":["Headbutt+1","Body Slam+1","Ghostly Armor"],"picked":"SKIP","floor":46},{"not_picked":["Clothesline+1","Flex+1","Havoc+1"],"picked":"SKIP","floor":48}],"player_experience":330582,"relics_obtained":[{"floor":7,"key":"Ornamental Fan"},{"floor":8,"key":"Odd Mushroom"},{"floor":9,"key":"Lantern"},{"floor":13,"key":"Thread and Needle"},{"floor":26,"key":"Boot"},{"floor":28,"key":"Oddly Smooth Stone"},{"floor":30,"key":"Matryoshka"},{"floor":36,"key":"Peace Pipe"},{"floor":40,"key":"Molten Egg 2"},{"floor":42,"key":"Mango"},{"floor":43,"key":"Whetstone"},{"floor":44,"key":"Unceasing Top"},{"floor":46,"key":"Centennial Puzzle"}],"event_choices":[{"damage_healed":0,"gold_gain":0,"player_choice":"Grow","damage_taken":0,"max_hp_gain":0,"max_hp_loss":0,"event_name":"Living Wall","floor":2,"gold_loss":0,"cards_upgraded":["Perfected Strike"]},{"damage_healed":0,"gold_gain":0,"player_choice":"Damaged","damage_taken":8,"max_hp_gain":0,"max_hp_loss":0,"event_name":"Wheel of Change","floor":4,"gold_loss":0},{"damage_healed":0,"gold_gain":0,"player_choice":"Fought Mushrooms","damage_taken":0,"max_hp_gain":0,"max_hp_loss":0,"event_name":"Mushrooms","floor":8,"gold_loss":0},{"damage_healed":0,"gold_gain":0,"player_choice":"Success","damage_taken":33,"relics_obtained":["Self Forming Clay"],"max_hp_gain":0,"max_hp_loss":0,"event_name":"Scrap Ooze","floor":10,"gold_loss":0},{"cards_removed":["Defend_R"],"damage_healed":0,"gold_gain":0,"player_choice":"Gave Gold","damage_taken":0,"max_hp_gain":0,"max_hp_loss":0,"event_name":"Beggar","floor":21,"gold_loss":75},{"damage_healed":0,"gold_gain":0,"player_choice":"Obtained Relic","damage_taken":0,"relics_obtained":["Sundial"],"max_hp_gain":0,"max_hp_loss":0,"event_name":"Addict","floor":22,"gold_loss":85},{"damage_healed":0,"gold_gain":0,"player_choice":"Ignored","damage_taken":0,"max_hp_gain":0,"max_hp_loss":0,"event_name":"Vampires","floor":24,"gold_loss":0},{"damage_healed":0,"gold_gain":0,"player_choice":"Fight","damage_taken":0,"max_hp_gain":0,"max_hp_loss":0,"event_name":"Mysterious Sphere","floor":36,"gold_loss":0},{"damage_healed":0,"gold_gain":0,"player_choice":"Trade","damage_taken":0,"relics_obtained":["NlothsMask"],"max_hp_gain":0,"max_hp_loss":0,"event_name":"FaceTrader","floor":37,"gold_loss":0},{"damage_healed":0,"gold_gain":0,"player_choice":"Fight","damage_taken":0,"max_hp_gain":0,"max_hp_loss":0,"event_name":"MindBloom","floor":42,"gold_loss":0}],"is_beta":false,"boss_relics":[{"not_picked":["Black Blood","Calling Bell"],"picked":"Philosopher\u0027s Stone"},{"not_picked":["Velvet Choker","Pandora\u0027s Box"],"picked":"Mark of Pain"}],"items_purged_floors":[19],"is_endless":false,"potions_floor_spawned":[5,8,13,18,29,33,35,36,45,46],"ascension_level":6}