{"gold_per_floor":[118,118,78,92,109,109,138,148,220,220,180,198,231,250,250,346,346,363,379,379,25,25,52,52,83,83,83,103,103,113,127,127,228,228,242,256,271,318,318,349,367,60,128,128,142,142,142,177,177,177],"floor_reached":51,"playtime":7551,"items_purged":["Strike_R","Strike_R"],"score":807,"play_id":"11604622-83ad-4ff9-ab77-584ad211e8e0","local_time":"20190526192140","is_ascension_mode":false,"campfire_choices":[{"data":"Body Slam","floor":6,"key":"SMITH"},{"floor":10,"key":"REST"},{"floor":15,"key":"REST"},{"data":"Feed","floor":24,"key":"SMITH"},{"floor":27,"key":"REST"},{"data":"Heavy Blade","floor":32,"key":"SMITH"},{"floor":44,"key":"REST"},{"floor":49,"key":"REST"}],"neow_cost":"PERCENT_DAMAGE","seed_source_timestamp":28429186380593,"circlet_count":0,"master_deck":["Strike_R","Defend_R","Defend_R","Defend_R","Bash","Juggernaut","Fire Breathing","Body Slam+1","Rage","Carnage","Armaments","Iron Wave","Combust","Armaments","Body Slam","Feed+1","RitualDagger","Metallicize","Shrug It Off","Shrug It Off","Reaper","Pummel","Heavy Blade+1","Metallicize","Barricade","Flex+1","Madness","Madness","Barricade","Body Slam+1","Warcry","Shrug It Off+1","Mind Blast","Mayhem","Dark Shackles"],"relics":["Burning Blood","Gambling Chip","Dodecahedron","Bag of Marbles","Snecko Eye","Anchor","MutagenicStrength","Oddly Smooth Stone","Regal Pillow","Dream Catcher","Fusion Hammer","Nunchaku","Charon\u0027s Ashes","Toolbox","Kunai","Darkstone Periapt"],"potions_floor_usage":[7,7,7,13,16,16,23,25,28,33,40,50],"damage_taken":[{"damage":5,"enemies":"2 Louse","floor":1,"turns":3},{"damage":1,"enemies":"Cultist","floor":4,"turns":4},{"damage":11,"enemies":"Small Slimes","floor":5,"turns":3},{"damage":30,"enemies":"Lagavulin","floor":7,"turns":6},{"damage":8,"enemies":"2 Fungi Beasts","floor":8,"turns":3},{"damage":6,"enemies":"Exordium Wildlife","floor":12,"turns":5},{"damage":17,"enemies":"3 Sentries","floor":13,"turns":5},{"damage":9,"enemies":"Gremlin Gang","floor":14,"turns":4},{"damage":41,"enemies":"The Guardian","floor":16,"turns":8},{"damage":12,"enemies":"Shell Parasite","floor":18,"turns":3},{"damage":0,"enemies":"Chosen","floor":19,"turns":4},{"damage":28,"enemies":"Gremlin Leader","floor":23,"turns":9},{"damage":28,"enemies":"Slavers","floor":25,"turns":7},{"damage":0,"enemies":"Snecko","floor":28,"turns":2},{"damage":2,"enemies":"Centurion and Healer","floor":30,"turns":3},{"damage":8,"enemies":"Cultist and Chosen","floor":31,"turns":6},{"damage":62,"enemies":"Automaton","floor":33,"turns":10},{"damage":0,"enemies":"3 Shapes","floor":35,"turns":4},{"damage":23,"enemies":"3 Darklings","floor":36,"turns":7},{"damage":8,"enemies":"4 Shapes","floor":37,"turns":4},{"damage":7,"enemies":"2 Orb Walkers","floor":38,"turns":4},{"damage":68,"enemies":"Nemesis","floor":40,"turns":11},{"damage":0,"enemies":"Sphere and 2 Shapes","floor":41,"turns":2},{"damage":20,"enemies":"Jaw Worm Horde","floor":45,"turns":4},{"damage":6,"enemies":"Giant Head","floor":48,"turns":7},{"damage":49,"enemies":"Time Eater","floor":50,"turns":12}],"seed_played":"1754247730540505841","potions_obtained":[{"floor":3,"key":"AttackPotion"},{"floor":3,"key":"PowerPotion"},{"floor":3,"key":"EntropicBrew"},{"floor":12,"key":"PowerPotion"},{"floor":13,"key":"PowerPotion"},{"floor":16,"key":"SteroidPotion"},{"floor":18,"key":"SkillPotion"},{"floor":19,"key":"AttackPotion"},{"floor":25,"key":"PowerPotion"},{"floor":33,"key":"Dexterity Potion"},{"floor":36,"key":"Strength Potion"},{"floor":48,"key":"Poison Potion"}],"is_trial":false,"path_per_floor":["M","?","?","M","M","R","E","M","T","R","?","M","E","M","R","B",null,"M","M","?","$","?","E","R","E","T","R","M","?","M","M","R","B",null,"M","M","M","?","?","E","M","$","T","R","M","?","$","E","R","B",null],"character_chosen":"IRONCLAD","items_purchased":["Anchor","Metallicize","Shrug It Off","Toolbox"],"campfire_rested":5,"item_purchase_floors":[21,21,21,42],"current_hp_per_floor":[57,50,50,55,50,50,26,24,24,48,48,48,37,34,58,23,80,74,84,78,78,78,56,56,38,38,79,88,88,88,86,86,40,88,92,83,89,95,83,30,56,56,56,96,82,72,72,80,100,61],"gold":177,"neow_bonus":"TRANSFORM_TWO_CARDS","is_prod":false,"is_daily":false,"chose_seed":false,"campfire_upgraded":3,"win_rate":1,"timestamp":1558891300,"path_taken":["M","?","?","M","?","R","E","M","T","R","?","M","E","M","R","BOSS","M","M","?","$","?","E","R","E","T","R","M","?","?","M","R","BOSS","M","M","?","?","?","E","M","?","T","R","M","?","?","E","R","BOSS"],"build_version":"2019-01-23","purchased_purges":2,"victory":true,"max_hp_per_floor":[80,80,80,80,80,80,80,80,80,80,80,80,80,80,80,80,80,80,84,84,84,84,84,84,88,88,88,88,88,88,88,88,88,88,92,92,96,96,96,96,96,96,96,96,96,96,96,100,100,100],"card_choices":[{"not_picked":["Iron Wave","Clash"],"picked":"Body Slam","floor":1},{"not_picked":["Heavy Blade","Juggernaut"],"picked":"Rage","floor":4},{"not_picked":["Rampage","Flex"],"picked":"Carnage","floor":5},{"not_picked":["Searing Blow","Iron Wave"],"picked":"Armaments","floor":7},{"not_picked":["Armaments","Reckless Charge"],"picked":"Iron Wave","floor":8},{"not_picked":["Pommel Strike","Dual Wield"],"picked":"Combust","floor":12},{"not_picked":["Cleave","Infernal Blade"],"picked":"Armaments","floor":13},{"not_picked":["Bloodletting","Rampage"],"picked":"Body Slam","floor":14},{"not_picked":["Bludgeon","Reaper"],"picked":"Feed","floor":16},{"not_picked":["Anger","True Grit","Perfected Strike+1"],"picked":"SKIP","floor":18},{"not_picked":["Perfected Strike","Heavy Blade","Searing Blow"],"picked":"SKIP","floor":19},{"not_picked":["Hemokinesis","Perfected Strike"],"picked":"Shrug It Off","floor":23},{"not_picked":["Warcry","Flex"],"picked":"Reaper","floor":25},{"not_picked":["Rage","Flex"],"picked":"Pummel","floor":27},{"not_picked":["Cleave","Carnage","Dropkick+1"],"picked":"SKIP","floor":28},{"not_picked":["Headbutt+1","Rupture","True Grit+1"],"picked":"SKIP","floor":30},{"not_picked":["Shrug It Off","Bloodletting"],"picked":"Metallicize","floor":31},{"not_picked":["Reaper","Feed"],"picked":"Barricade","floor":33},{"not_picked":["Perfected Strike+1","Sword Boomerang","Cleave"],"picked":"SKIP","floor":35},{"not_picked":["Headbutt+1","Cleave+1","Flex+1"],"picked":"SKIP","floor":36},{"not_picked":["Sword Boomerang+1","Heavy Blade+1","Clash"],"picked":"SKIP","floor":37},{"not_picked":["Reckless Charge","Corruption+1"],"picked":"Flex+1","floor":38},{"not_picked":["Warcry+1","Clash"],"picked":"Barricade","floor":40},{"not_picked":["Flex","Thunderclap+1"],"picked":"Body Slam+1","floor":41},{"not_picked":["Pummel+1","Heavy Blade"],"picked":"Warcry","floor":44},{"not_picked":["Clash","Perfected Strike+1"],"picked":"Shrug It Off+1","floor":45},{"not_picked":["Impatience","Flash of Steel"],"picked":"Mind Blast","floor":46},{"not_picked":["PanicButton","Forethought"],"picked":"Mayhem","floor":46},{"not_picked":["Good Instincts","Enlightenment"],"picked":"Dark Shackles","floor":46},{"not_picked":["Flex+1","True Grit","Corruption"],"picked":"SKIP","floor":48}],"player_experience":26016,"relics_obtained":[{"floor":7,"key":"Gambling Chip"},{"floor":9,"key":"Dodecahedron"},{"floor":13,"key":"Bag of Marbles"},{"floor":23,"key":"Oddly Smooth Stone"},{"floor":25,"key":"Regal Pillow"},{"floor":26,"key":"Dream Catcher"},{"floor":38,"key":"Nunchaku"},{"floor":40,"key":"Charon\u0027s Ashes"},{"floor":43,"key":"Kunai"},{"floor":48,"key":"Darkstone Periapt"}],"event_choices":[{"cards_removed":["Defend_R"],"damage_healed":0,"gold_gain":0,"player_choice":"Card Removal","damage_taken":7,"max_hp_gain":0,"max_hp_loss":0,"event_name":"Golden Wing","floor":2,"gold_loss":0},{"damage_healed":0,"gold_gain":0,"player_choice":"Bought 3 Potions","damage_taken":0,"max_hp_gain":0,"max_hp_loss":0,"event_name":"The Woman in Blue","floor":3,"gold_loss":0},{"damage_healed":0,"gold_gain":0,"player_choice":"Left Gold","damage_taken":0,"max_hp_gain":0,"max_hp_loss":0,"event_name":"World of Goop","floor":11,"gold_loss":40},{"damage_healed":0,"gold_gain":0,"player_choice":"Joined the Cult","damage_taken":6,"max_hp_gain":0,"max_hp_loss":0,"event_name":"Nest","floor":20,"gold_loss":0,"cards_obtained":["RitualDagger"]},{"damage_healed":0,"gold_gain":0,"player_choice":"Inject Mutagens","damage_taken":0,"relics_obtained":["MutagenicStrength"],"max_hp_gain":0,"max_hp_loss":0,"event_name":"Drug Dealer","floor":22,"gold_loss":0},{"damage_healed":0,"gold_gain":0,"player_choice":"Read","damage_taken":0,"max_hp_gain":0,"max_hp_loss":0,"event_name":"The Library","floor":29,"gold_loss":0,"cards_obtained":["Heavy Blade"]},{"damage_healed":0,"gold_gain":0,"player_choice":"Fight","damage_taken":0,"max_hp_gain":0,"max_hp_loss":0,"event_name":"Mysterious Sphere","floor":38,"gold_loss":0},{"damage_healed":0,"gold_gain":0,"player_choice":"Embrace Madness","damage_taken":12,"max_hp_gain":0,"max_hp_loss":0,"event_name":"Winding Halls","floor":39,"gold_loss":0,"cards_obtained":["Madness","Madness"]},{"damage_healed":0,"gold_gain":0,"player_choice":"Memory 3","damage_taken":10,"max_hp_gain":0,"max_hp_loss":0,"event_name":"SensoryStone","floor":46,"gold_loss":0}],"is_beta":false,"boss_relics":[{"not_picked":["Runic Dome","Sozu"],"picked":"Snecko Eye"},{"not_picked":["Eternal Feather","Black Star"],"picked":"Fusion Hammer"}],"items_purged_floors":[21,42],"is_endless":false,"potions_floor_spawned":[4,12,13,16,18,19,25,33,36,48],"ascension_level":0}