{"gold_per_floor":[113,113,113,127,142,167,177,177,177,187,112,112],"floor_reached":12,"playtime":310,"items_purged":["Strike_R"],"score":160,"play_id":"754506f0-9562-4671-af21-78fd86458f76","local_time":"20190925123238","is_ascension_mode":true,"campfire_choices":[{"data":"Berserk","floor":8,"key":"SMITH"}],"neow_cost":"TEN_PERCENT_HP_LOSS","seed_source_timestamp":735647297884900,"circlet_count":0,"master_deck":["AscendersBane","Strike_R","Strike_R","Strike_R","Defend_R","Defend_R","Defend_R","Defend_R","Bash","Berserk+1","Carnage","Headbutt","Metallicize","Metallicize"],"relics":["Burning Blood","Boot","Omamori"],"potions_floor_usage":[12,12],"damage_taken":[{"damage":4,"enemies":"2 Louse","floor":1,"turns":3},{"damage":12,"enemies":"Jaw Worm","floor":4,"turns":4},{"damage":0,"enemies":"Small Slimes","floor":5,"turns":2},{"damage":32,"enemies":"Gremlin Nob","floor":6,"turns":4},{"damage":16,"enemies":"Gremlin Gang","floor":7,"turns":4},{"damage":15,"enemies":"3 Louse","floor":10,"turns":4},{"damage":17,"enemies":"The Mushroom Lair","floor":12,"turns":4}],"seed_played":"7627972851391882933","potions_obtained":[{"floor":6,"key":"SteroidPotion"},{"floor":7,"key":"DuplicationPotion"}],"is_trial":false,"path_per_floor":["M","?","?","M","M","E","M","R","T","M","$","?"],"character_chosen":"IRONCLAD","items_purchased":[],"campfire_rested":0,"item_purchase_floors":[],"current_hp_per_floor":[68,61,66,60,66,40,30,30,30,21,21,4],"gold":112,"neow_bonus":"THREE_RARE_CARDS","is_prod":false,"is_daily":false,"chose_seed":false,"campfire_upgraded":1,"win_rate":0,"timestamp":1569439958,"path_taken":["M","?","?","M","M","E","M","R","T","M","$","?"],"build_version":"2019-09-24","purchased_purges":1,"victory":false,"max_hp_per_floor":[68,68,73,73,73,73,73,73,73,73,73,73],"card_choices":[{"not_picked":["Double Tap","Dark Embrace"],"picked":"Berserk","floor":0},{"not_picked":["Armaments","Clash"],"picked":"Carnage","floor":1},{"not_picked":["Body Slam","True Grit"],"picked":"Headbutt","floor":4},{"not_picked":["Perfected Strike","Heavy Blade","Warcry"],"picked":"SKIP","floor":5},{"not_picked":["True Grit","Anger"],"picked":"Metallicize","floor":6},{"not_picked":["Perfected Strike","Shockwave"],"picked":"Metallicize","floor":7},{"not_picked":["Dark Embrace","Corruption","Havoc"],"picked":"SKIP","floor":10}],"player_experience":1030608,"relics_obtained":[{"floor":6,"key":"Boot"},{"floor":9,"key":"Omamori"}],"event_choices":[{"cards_removed":["Strike_R"],"damage_healed":0,"gold_gain":0,"player_choice":"Card Removal","damage_taken":7,"max_hp_gain":0,"max_hp_loss":0,"event_name":"Golden Wing","floor":2,"gold_loss":0},{"damage_healed":0,"gold_gain":0,"player_choice":"Donut","damage_taken":0,"max_hp_gain":5,"max_hp_loss":0,"event_name":"Big Fish","floor":3,"gold_loss":0},{"damage_healed":0,"gold_gain":0,"player_choice":"Fought Mushrooms","damage_taken":0,"max_hp_gain":0,"max_hp_loss":0,"event_name":"Mushrooms","floor":12,"gold_loss":0}],"is_beta":true,"boss_relics":[],"items_purged_floors":[11],"is_endless":false,"potions_floor_spawned":[6,7],"killed_by":"The Mushroom Lair","ascension_level":20}