{"gold_per_floor":[114,114,129,129,148,148,167,167,167,186,224,399,48,67,67,192,192,211,211,230,249,268,268],"floor_reached":23,"playtime":900,"items_purged":["Doubt"],"score":222,"play_id":"3eb5be35-ea22-47d2-8201-e745761def35","local_time":"20180714152326","daily_mods":["Shiny","Uncertain Future","Lethality"],"is_ascension_mode":false,"campfire_choices":[{"data":"1","floor":6,"key":"LIFT"},{"data":"2","floor":8,"key":"LIFT"},{"data":"3","floor":15,"key":"LIFT"}],"neow_cost":"","seed_source_timestamp":0,"circlet_count":0,"master_deck":["Multi-Cast","Hyperbeam","Thunder Strike","Biased Cognition","Machine Learning","Electrodynamics","Buffer","Rainbow","Seek","Meteor Strike","Echo Form","All For One","Reboot","Amplify","Creative AI","Fission","Core Surge","Double Energy","Cold Snap","Injury","Conserve Battery","Reinforced Body","Leap","White Noise","Gash+1","Conserve Battery","All For One+1","Glacier"],"special_seed":17726,"relics":["Cracked Core","Girya","Golden Idol","Pen Nib","Dodecahedron","Molten Egg 2","Cursed Key"],"potions_floor_usage":[11,19],"damage_taken":[{"damage":0,"enemies":"2 Louse","floor":1,"turns":2},{"damage":11,"enemies":"Small Slimes","floor":3,"turns":3},{"damage":0,"enemies":"Cultist","floor":5,"turns":2},{"damage":0,"enemies":"Large Slime","floor":7,"turns":3},{"damage":2,"enemies":"2 Fungi Beasts","floor":10,"turns":2},{"damage":0,"enemies":"Lagavulin","floor":11,"turns":4},{"damage":22,"enemies":"Gremlin Gang","floor":14,"turns":3},{"damage":14,"enemies":"The Guardian","floor":16,"turns":8},{"damage":6,"enemies":"Spheric Guardian","floor":18,"turns":3},{"damage":0,"enemies":"Shell Parasite","floor":19,"turns":1},{"damage":16,"enemies":"Cultist and Chosen","floor":20,"turns":4},{"damage":38,"enemies":"Slaver and Parasite","floor":21,"turns":3},{"damage":6,"enemies":"Centurion and Healer","floor":22,"turns":6},{"damage":16,"enemies":"Gremlin Leader","floor":23,"turns":1}],"seed_played":"-1557900698408723444","potions_obtained":[{"floor":1,"key":"Strength Potion"},{"floor":5,"key":"SmokeBomb"}],"is_trial":false,"path_per_floor":["M","?","M","?","M","R","M","R","T","M","E","?","$","M","R","B",null,"M","M","M","M","M"],"character_chosen":"DEFECT","items_purchased":["Molten Egg 2","Gash+1"],"campfire_rested":0,"item_purchase_floors":[13,13],"current_hp_per_floor":[75,63,52,52,52,52,52,52,52,50,50,50,50,28,28,14,75,69,69,53,15,9,0],"gold":268,"neow_bonus":"","is_prod":false,"is_daily":true,"chose_seed":false,"campfire_upgraded":0,"win_rate":0,"timestamp":1531556606,"path_taken":["M","?","M","?","M","R","M","R","T","M","E","?","$","M","R","BOSS","M","M","?","M","M","E"],"build_version":"2018-07-13","purchased_purges":1,"victory":false,"max_hp_per_floor":[75,75,75,75,75,75,75,75,75,75,75,75,75,75,75,75,75,75,75,75,75,75,75],"card_choices":[{"not_picked":["Chaos","Steam Power"],"picked":"Double Energy","floor":1},{"not_picked":["Stack","Compile Driver"],"picked":"Cold Snap","floor":3},{"not_picked":["Recycle","Gash"],"picked":"Conserve Battery","floor":5},{"not_picked":["Rebound","Stack"],"picked":"Reinforced Body","floor":7},{"not_picked":["Conserve Battery","Reprogram"],"picked":"Leap","floor":10},{"not_picked":["Steam Power","Tempest"],"picked":"White Noise","floor":11},{"not_picked":["Blizzard+1","Genetic Algorithm"],"picked":"Conserve Battery","floor":14},{"not_picked":["Meteor Strike+1","Fission"],"picked":"All For One+1","floor":16},{"not_picked":["Redo","Stack+1","Coolheaded+1"],"picked":"SKIP","floor":18},{"not_picked":["Barrage+1","Loop","Leap"],"picked":"SKIP","floor":20},{"not_picked":["Hello World+1","Reinforced Body"],"picked":"Glacier","floor":21},{"not_picked":["Coolheaded","Fusion","Leap"],"picked":"SKIP","floor":22}],"player_experience":207757,"relics_obtained":[{"floor":9,"key":"Pen Nib"},{"floor":11,"key":"Dodecahedron"}],"event_choices":[{"event_name":"Scrap Ooze","player_choice":"success","floor":2,"damage_taken":12},{"event_name":"Golden Idol","player_choice":"Take Wound","floor":4,"damage_taken":0},{"event_name":"Liars Game","player_choice":"agreed","floor":12,"damage_taken":0}],"boss_relics":[{"not_picked":["Tiny House","Black Star"],"picked":"Cursed Key"}],"items_purged_floors":[13],"is_endless":false,"potions_floor_spawned":[1,5,19],"killed_by":"Gremlin Leader","ascension_level":0}