{"gold_per_floor":[116,116,135,147,157,157,167,177,177,177,209,227,227,246,246,344,344,362,312,324,342,25,25,56,56,83,114,126,126,126,88,88,88],"floor_reached":33,"playtime":2180,"items_purged":["Decay"],"score":361,"play_id":"25b758c9-0281-484c-8f7b-7270e98866aa","local_time":"20190809121857","is_ascension_mode":true,"campfire_choices":[{"floor":6,"key":"REST"},{"floor":10,"key":"REST"},{"floor":15,"key":"REST"},{"data":"Dodge and Roll","floor":23,"key":"SMITH"},{"floor":25,"key":"REST"},{"floor":30,"key":"REST"},{"floor":32,"key":"REST"}],"neow_cost":"NONE","seed_source_timestamp":5833869216422,"circlet_count":0,"master_deck":["Strike_G","Strike_G","Strike_G","Strike_G","Strike_G","Defend_G","Defend_G","Defend_G","Defend_G","Defend_G","Survivor","Neutralize","Bouncing Flask","Deadly Poison","Dodge and Roll+1","Prepared","Bane","Bouncing Flask","Burst","Prepared","Backflip","Dodge and Roll","Deadly Poison","Backflip","Crippling Poison","Dash+1","Terror","Dash+1"],"relics":["Orrery","Thread and Needle","Juzu Bracelet","Molten Egg 2","Cursed Key","Membership Card","Blood Vial","The Specimen","Bag of Preparation","Incense Burner"],"potions_floor_usage":[12,24,24,33],"damage_taken":[{"damage":0,"enemies":"2 Louse","floor":1,"turns":2},{"damage":2,"enemies":"Cultist","floor":3,"turns":4},{"damage":3,"enemies":"Jaw Worm","floor":4,"turns":4},{"damage":37,"enemies":"Gremlin Gang","floor":5,"turns":5},{"damage":8,"enemies":"2 Fungi Beasts","floor":7,"turns":4},{"damage":0,"enemies":"Exordium Wildlife","floor":8,"turns":3},{"damage":6,"enemies":"Lagavulin","floor":11,"turns":5},{"damage":12,"enemies":"Lots of Slimes","floor":12,"turns":4},{"damage":10,"enemies":"Gremlin Gang","floor":14,"turns":7},{"damage":30,"enemies":"Hexaghost","floor":16,"turns":8},{"damage":13,"enemies":"2 Thieves","floor":18,"turns":5},{"damage":0,"enemies":"Shell Parasite","floor":20,"turns":5},{"damage":16,"enemies":"Snake Plant","floor":21,"turns":5},{"damage":8,"enemies":"Slavers","floor":24,"turns":7},{"damage":14,"enemies":"Book of Stabbing","floor":27,"turns":5},{"damage":22,"enemies":"Snecko","floor":28,"turns":5},{"damage":58,"enemies":"Automaton","floor":33,"turns":8}],"seed_played":"1483823828318601047","potions_obtained":[{"floor":1,"key":"PowerPotion"},{"floor":5,"key":"GhostInAJar"},{"floor":7,"key":"AttackPotion"},{"floor":12,"key":"Weak Potion"},{"floor":27,"key":"LiquidBronze"},{"floor":28,"key":"Poison Potion"}],"is_trial":false,"path_per_floor":["M","?","M","M","M","R","M","M","T","R","E","M","T","M","R","B",null,"M","?","M","M","$","R","E","R","T","E","M","?","R","$","R","B"],"character_chosen":"THE_SILENT","items_purchased":["Membership Card","Crippling Poison","Blood Vial","Dash+1"],"campfire_rested":6,"item_purchase_floors":[22,22,22,22],"current_hp_per_floor":[70,70,68,65,28,49,41,41,41,62,56,44,44,34,55,25,59,46,46,46,30,30,30,24,45,45,33,13,13,34,34,55,0],"gold":88,"neow_bonus":"BOSS_RELIC","is_prod":false,"is_daily":false,"chose_seed":false,"campfire_upgraded":1,"win_rate":0,"timestamp":1565345937,"path_taken":["M","?","?","M","M","R","M","M","T","R","E","M","?","M","R","BOSS","M","?","M","M","?","R","E","R","T","E","M","?","R","$","R","BOSS"],"build_version":"2019-07-17","purchased_purges":1,"victory":false,"max_hp_per_floor":[70,70,70,70,70,70,70,70,70,70,70,70,70,70,70,70,70,70,70,70,70,70,70,70,70,70,70,70,70,70,70,70,70],"card_choices":[{"not_picked":["Expertise","PiercingWail"],"picked":"Bouncing Flask","floor":0},{"not_picked":["Dagger Throw","Blur"],"picked":"Deadly Poison","floor":0},{"not_picked":["Heel Hook","Sucker Punch"],"picked":"Dodge and Roll","floor":0},{"not_picked":["Cloak And Dagger","Sucker Punch"],"picked":"Prepared","floor":0},{"not_picked":["Choke","Concentrate"],"picked":"Dash","floor":1},{"not_picked":["Cloak And Dagger","Dagger Spray"],"picked":"Bane","floor":3},{"not_picked":["Caltrops","Leg Sweep"],"picked":"Bouncing Flask","floor":4},{"not_picked":["Sucker Punch","Blade Dance"],"picked":"Burst","floor":5},{"not_picked":["Tactician","Skewer"],"picked":"Prepared","floor":7},{"not_picked":["Calculated Gamble","PiercingWail"],"picked":"Backflip","floor":8},{"not_picked":["Flying Knee","Dagger Spray","Dagger Throw"],"picked":"SKIP","floor":11},{"not_picked":["Calculated Gamble","PiercingWail"],"picked":"Dodge and Roll","floor":12},{"not_picked":["Deflect","Outmaneuver"],"picked":"Deadly Poison","floor":14},{"not_picked":["Outmaneuver","Slice+1"],"picked":"Backflip","floor":18},{"not_picked":["Quick Slash+1","Cloak And Dagger","Deadly Poison"],"picked":"SKIP","floor":20},{"not_picked":["Blade Dance","Calculated Gamble","Dodge and Roll"],"picked":"SKIP","floor":21},{"not_picked":["Slice+1","Finisher+1","Flying Knee+1"],"picked":"SKIP","floor":24},{"not_picked":["Reflex","Dagger Spray+1"],"picked":"Terror","floor":27},{"not_picked":["PiercingWail","Skewer+1","Night Terror"],"picked":"SKIP","floor":28}],"player_experience":284136,"relics_obtained":[{"floor":9,"key":"Thread and Needle"},{"floor":11,"key":"Juzu Bracelet"},{"floor":13,"key":"Molten Egg 2"},{"floor":24,"key":"The Specimen"},{"floor":26,"key":"Bag of Preparation"},{"floor":27,"key":"Incense Burner"}],"event_choices":[{"cards_removed":["Dash"],"damage_healed":0,"gold_gain":0,"player_choice":"Offered Uncommon","damage_taken":0,"max_hp_gain":0,"max_hp_loss":0,"event_name":"Bonfire Elementals","floor":2,"gold_loss":0},{"damage_healed":0,"gold_gain":0,"player_choice":"Bet on Murderer","damage_taken":0,"max_hp_gain":0,"max_hp_loss":0,"event_name":"The Joust","floor":19,"gold_loss":50},{"damage_healed":0,"gold_gain":0,"player_choice":"Copied","damage_taken":0,"max_hp_gain":0,"max_hp_loss":0,"event_name":"Duplicator","floor":29,"gold_loss":0,"cards_obtained":["Dash"]}],"is_beta":false,"boss_relics":[{"not_picked":["Velvet Choker","Coffee Dripper"],"picked":"Cursed Key"}],"items_purged_floors":[31],"is_endless":false,"potions_floor_spawned":[1,5,7,12,14,16,27,28],"killed_by":"Automaton","ascension_level":5}