{"gold_per_floor":[114,33,33,33,52,85,85,98,98,123,148,148,148,148,148,267,267,286,336,400,465,515,515,539,539],"floor_reached":25,"playtime":867,"items_purged":[],"score":244,"play_id":"8a102eab-db4c-4ef4-a4e2-2e56232340a2","local_time":"20190821115423","is_ascension_mode":true,"campfire_choices":[{"floor":7,"key":"REST"},{"floor":12,"key":"REST"},{"data":"Hologram","floor":15,"key":"SMITH"},{"floor":23,"key":"REST"}],"neow_cost":"NONE","seed_source_timestamp":92407214440899,"circlet_count":0,"master_deck":["Strike_B","Strike_B","Strike_B+1","Strike_B","Defend_B","Defend_B","Defend_B","Defend_B","Zap","Dualcast","Gash","Flash of Steel","Hologram+1","All For One+1","Cold Snap","Streamline","Glacier","Seek","Consume","Gash"],"relics":["Sozu","Golden Idol","Sundial","Gremlin Horn","SsserpentHead","Inserter"],"potions_floor_usage":[],"damage_taken":[{"damage":0,"enemies":"2 Louse","floor":1,"turns":3},{"damage":4,"enemies":"Jaw Worm","floor":5,"turns":3},{"damage":44,"enemies":"Gremlin Nob","floor":6,"turns":5},{"damage":0,"enemies":"Small Slimes","floor":8,"turns":3},{"damage":2,"enemies":"Red Slaver","floor":10,"turns":3},{"damage":5,"enemies":"Gremlin Gang","floor":11,"turns":3},{"damage":6,"enemies":"Slime Boss","floor":16,"turns":5},{"damage":22,"enemies":"3 Byrds","floor":18,"turns":5},{"damage":21,"enemies":"2 Thieves","floor":20,"turns":5},{"damage":30,"enemies":"Snecko","floor":21,"turns":5},{"damage":15,"enemies":"Snake Plant","floor":24,"turns":5},{"damage":13,"enemies":"Cultist and Chosen","floor":25,"turns":2}],"seed_played":"2881317259929792798","potions_obtained":[],"is_trial":false,"path_per_floor":["M","$","?","?","M","E","R","M","T","M","M","R","?","?","R","B",null,"M","?","M","M","?","R","M","M"],"character_chosen":"DEFECT","items_purchased":["Flash of Steel"],"campfire_rested":3,"item_purchase_floors":[2],"current_hp_per_floor":[75,75,57,57,53,9,31,31,31,29,24,46,31,31,31,25,75,53,53,32,2,2,24,9,0],"gold":539,"neow_bonus":"BOSS_RELIC","is_prod":false,"is_daily":false,"chose_seed":false,"campfire_upgraded":1,"win_rate":0,"timestamp":1566381263,"path_taken":["M","$","?","?","M","E","R","M","T","M","M","R","?","?","R","BOSS","M","?","?","?","?","R","M","M"],"build_version":"2019-07-17","purchased_purges":0,"victory":false,"max_hp_per_floor":[75,75,75,75,75,75,75,75,75,75,75,75,75,75,75,75,75,75,75,75,75,75,75,75,75],"card_choices":[{"not_picked":["Static Discharge","Streamline"],"picked":"Gash","floor":1},{"not_picked":["Steam","Beam Cell"],"picked":"Hologram","floor":5},{"not_picked":["Turbo","Coolheaded"],"picked":"All For One","floor":6},{"not_picked":["White Noise","Chill"],"picked":"Cold Snap","floor":8},{"not_picked":["Go for the Eyes","Stack","Scrape"],"picked":"SKIP","floor":10},{"not_picked":["Doom and Gloom","Hologram"],"picked":"Streamline","floor":11},{"not_picked":["Compile Driver","Coolheaded+1"],"picked":"Glacier","floor":18},{"not_picked":["Rebound","Coolheaded"],"picked":"Seek","floor":20},{"not_picked":["Auto Shields+1","Skim"],"picked":"Consume","floor":21},{"not_picked":["Hologram","Go for the Eyes+1"],"picked":"Gash","floor":24}],"player_experience":311403,"relics_obtained":[{"floor":6,"key":"Sundial"},{"floor":9,"key":"Gremlin Horn"}],"event_choices":[{"damage_healed":0,"gold_gain":0,"player_choice":"Take Damage","damage_taken":18,"relics_obtained":["Golden Idol"],"max_hp_gain":0,"max_hp_loss":0,"event_name":"Golden Idol","floor":3,"gold_loss":0},{"damage_healed":0,"gold_gain":0,"player_choice":"Ignored","damage_taken":0,"max_hp_gain":0,"max_hp_loss":0,"event_name":"Golden Wing","floor":4,"gold_loss":0},{"damage_healed":0,"gold_gain":0,"player_choice":"Entered Light","damage_taken":15,"max_hp_gain":0,"max_hp_loss":0,"event_name":"Shining Light","floor":13,"gold_loss":0,"cards_upgraded":["Strike_B","All For One"]},{"damage_healed":0,"gold_gain":0,"player_choice":"Trade","damage_taken":0,"relics_obtained":["SsserpentHead"],"max_hp_gain":0,"max_hp_loss":0,"event_name":"FaceTrader","floor":14,"gold_loss":0},{"damage_healed":0,"gold_gain":0,"player_choice":"Bought 0 Potions","damage_taken":0,"max_hp_gain":0,"max_hp_loss":0,"event_name":"The Woman in Blue","floor":19,"gold_loss":0},{"damage_healed":0,"gold_gain":0,"player_choice":"Got Potions","damage_taken":0,"max_hp_gain":0,"max_hp_loss":0,"event_name":"Lab","floor":22,"gold_loss":0}],"is_beta":false,"boss_relics":[{"not_picked":["Tiny House","Calling Bell"],"picked":"Inserter"}],"items_purged_floors":[],"is_endless":false,"potions_floor_spawned":[6,11,16,20,24],"killed_by":"Cultist and Chosen","ascension_level":4}