{"gold_per_floor":[112,127,52,2,12,44,44,70,70,70,96,110,110,128,128,223,223,238,58,78,78,93,93,118,118,118,118,132,158,258,275,275,275],"floor_reached":33,"playtime":13074,"items_purged":["Strike_G","Strike_G"],"score":397,"play_id":"56e820e8-f2f7-4a2f-95c1-0a579b31b139","local_time":"20180910134929","is_ascension_mode":true,"campfire_choices":[{"floor":7,"key":"REST"},{"data":"Neutralize","floor":10,"key":"SMITH"},{"floor":15,"key":"REST"},{"data":"Burst","floor":23,"key":"SMITH"},{"data":"Night Terror","floor":25,"key":"SMITH"},{"data":"Footwork","floor":27,"key":"SMITH"},{"floor":32,"key":"REST"}],"neow_cost":"NONE","seed_source_timestamp":68295178969549,"circlet_count":0,"master_deck":["Defend_G","Defend_G","Defend_G","Defend_G","Survivor","Neutralize+1","Dodge and Roll","Noxious Fumes","Escape Plan+1","Night Terror+1","Die Die Die+1","Skewer+1","Burst+1","Footwork+1","Backstab+1","Storm of Steel+1","Quick Slash+1","Footwork+1","Backflip+1","Poisoned Stab+1","Cloak And Dagger+1","Poisoned Stab+1","Adrenaline"],"relics":["Sozu","Pear","Anchor","Molten Egg 2","Paper Crane","Letter Opener","Astrolabe","War Paint","Orichalcum","Blood Vial","Torii","Dodecahedron"],"potions_floor_usage":[],"damage_taken":[{"damage":0,"enemies":"Jaw Worm","floor":1,"turns":7},{"damage":0,"enemies":"2 Louse","floor":2,"turns":3},{"damage":5,"enemies":"Cultist","floor":5,"turns":5},{"damage":35,"enemies":"Gremlin Nob","floor":6,"turns":6},{"damage":14,"enemies":"Lagavulin","floor":8,"turns":9},{"damage":23,"enemies":"3 Sentries","floor":11,"turns":9},{"damage":0,"enemies":"2 Fungi Beasts","floor":12,"turns":4},{"damage":0,"enemies":"Large Slime","floor":14,"turns":4},{"damage":26,"enemies":"The Guardian","floor":16,"turns":10},{"damage":0,"enemies":"2 Thieves","floor":18,"turns":3},{"damage":4,"enemies":"3 Byrds","floor":20,"turns":4},{"damage":1,"enemies":"Centurion and Healer","floor":22,"turns":6},{"damage":8,"enemies":"Gremlin Leader","floor":24,"turns":7},{"damage":12,"enemies":"Shelled Parasite and Fungi","floor":28,"turns":6},{"damage":7,"enemies":"Book of Stabbing","floor":29,"turns":6},{"damage":0,"enemies":"Colosseum Slavers","floor":30,"turns":2},{"damage":23,"enemies":"Colosseum Nobs","floor":30,"turns":5},{"damage":0,"enemies":"3 Cultists","floor":31,"turns":5},{"damage":45,"enemies":"Champ","floor":33,"turns":11}],"seed_played":"-1594716924489666841","potions_obtained":[],"is_trial":false,"path_per_floor":["M","M","$","?","M","E","R","E","T","R","E","M","?","M","R","B",null,"M","$","M","?","M","R","E","R","T","R","M","E","?","M","R"],"character_chosen":"THE_SILENT","items_purchased":["Footwork"],"campfire_rested":3,"item_purchase_floors":[19],"current_hp_per_floor":[63,63,63,63,58,33,57,43,43,43,20,20,17,17,41,15,64,64,64,60,60,59,59,51,51,51,51,39,32,13,15,39,0],"gold":275,"neow_bonus":"BOSS_RELIC","is_prod":false,"is_daily":false,"chose_seed":false,"campfire_upgraded":4,"win_rate":0,"timestamp":1536605369,"path_taken":["M","M","$","?","M","E","R","E","T","R","E","M","?","M","R","BOSS","M","$","M","?","M","R","E","R","T","R","M","E","?","M","R","BOSS"],"build_version":"2018-09-06","purchased_purges":2,"victory":false,"max_hp_per_floor":[70,70,70,70,70,80,80,80,80,80,80,80,80,80,80,80,80,80,80,80,80,80,80,80,80,80,80,80,80,80,80,80,80],"card_choices":[{"not_picked":["Masterful Stab","Dagger Spray","Reflex"],"picked":"SKIP","floor":1},{"not_picked":["Choke","Dagger Spray"],"picked":"Dodge and Roll","floor":2},{"not_picked":["Acrobatics","Blade Dance"],"picked":"Noxious Fumes","floor":5},{"not_picked":["Bane","Night Terror"],"picked":"Escape Plan","floor":6},{"not_picked":["Cloak And Dagger","Dagger Throw"],"picked":"Night Terror","floor":8},{"not_picked":["Sucker Punch+1","PiercingWail","Prepared"],"picked":"SKIP","floor":11},{"not_picked":["PiercingWail","Crippling Poison"],"picked":"Die Die Die+1","floor":12},{"not_picked":["Tactician","Prepared"],"picked":"Skewer+1","floor":14},{"not_picked":["Tools of the Trade","Unload+1"],"picked":"Burst","floor":16},{"not_picked":["Poisoned Stab+1","Riddle With Holes+1"],"picked":"Quick Slash+1","floor":18},{"not_picked":["Dodge and Roll+1","Escape Plan"],"picked":"Backflip","floor":20},{"not_picked":["Quick Slash+1","Dagger Spray+1"],"picked":"Poisoned Stab+1","floor":22},{"not_picked":["Deflect","Bullet Time"],"picked":"Cloak And Dagger+1","floor":24},{"not_picked":["Skewer+1","Blade Dance"],"picked":"Poisoned Stab+1","floor":28},{"not_picked":["Quick Slash+1","Sucker Punch+1"],"picked":"Adrenaline","floor":29},{"not_picked":["Setup","PiercingWail","Choke+1"],"picked":"SKIP","floor":31}],"player_experience":475174,"relics_obtained":[{"floor":6,"key":"Pear"},{"floor":8,"key":"Anchor"},{"floor":9,"key":"Molten Egg 2"},{"floor":11,"key":"Paper Crane"},{"floor":24,"key":"War Paint"},{"floor":26,"key":"Orichalcum"},{"floor":29,"key":"Blood Vial"},{"floor":30,"key":"Torii"},{"floor":30,"key":"Dodecahedron"}],"event_choices":[{"event_name":"The Cleric","player_choice":"Card Removal","floor":4,"damage_taken":0},{"event_name":"Scrap Ooze","player_choice":"success","floor":13,"damage_taken":3},{"event_name":"Colosseum","player_choice":"Fight","floor":30,"damage_taken":0},{"event_name":"Colosseum","player_choice":"Fought Nobs","floor":30,"damage_taken":0}],"is_beta":false,"boss_relics":[{"not_picked":["Snecko Eye","White Beast Statue"],"picked":"Astrolabe"}],"items_purged_floors":[3,19],"is_endless":false,"potions_floor_spawned":[1,2,12,20,24,30,31],"killed_by":"Champ","ascension_level":6}