{"gold_per_floor":[111,126,146,36,49,81,81,114,114,144,144,173,191,206,206,280,280,280,280,280],"floor_reached":20,"playtime":963,"items_purged":[],"score":412,"play_id":"879bf879-fed0-4100-a951-ee476db824e7","local_time":"20190630121600","is_ascension_mode":true,"campfire_choices":[{"floor":7,"key":"REST"},{"data":"Armaments","floor":15,"key":"SMITH"}],"neow_cost":"TEN_PERCENT_HP_LOSS","seed_source_timestamp":918680927849996,"circlet_count":0,"master_deck":["AscendersBane","Strike_R","Strike_R","Strike_R","Defend_R","Defend_R","Defend_R","Defend_R","Bash","Hemokinesis","Carnage","Thunderclap","Spot Weakness","Bludgeon","Shrug It Off","Disarm","Anger","True Grit","Armaments+1","Evolve","Reaper","Infernal Blade+1"],"relics":["Burning Blood","Juzu Bracelet","Smiling Mask","Regal Pillow","Self Forming Clay","Mercury Hourglass","Ectoplasm"],"potions_floor_usage":[6,8,10,20],"damage_taken":[{"damage":7,"enemies":"Jaw Worm","floor":1,"turns":2},{"damage":3,"enemies":"Small Slimes","floor":2,"turns":2},{"damage":4,"enemies":"2 Louse","floor":3,"turns":3},{"damage":6,"enemies":"2 Fungi Beasts","floor":5,"turns":2},{"damage":34,"enemies":"3 Sentries","floor":6,"turns":6},{"damage":27,"enemies":"Lagavulin","floor":8,"turns":6},{"damage":9,"enemies":"Gremlin Nob","floor":10,"turns":3},{"damage":10,"enemies":"Lagavulin","floor":12,"turns":6},{"damage":4,"enemies":"3 Louse","floor":13,"turns":2},{"damage":1,"enemies":"Red Slaver","floor":14,"turns":3},{"damage":33,"enemies":"Slime Boss","floor":16,"turns":7},{"damage":19,"enemies":"Spheric Guardian","floor":18,"turns":6},{"damage":19,"enemies":"3 Byrds","floor":19,"turns":5},{"damage":47,"enemies":"Shelled Parasite and Fungi","floor":20,"turns":4}],"seed_played":"-2161721290358991981","potions_obtained":[{"floor":5,"key":"PowerPotion"},{"floor":8,"key":"SneckoOil"},{"floor":10,"key":"Swift Potion"},{"floor":13,"key":"SkillPotion"},{"floor":16,"key":"Strength Potion"}],"is_trial":false,"path_per_floor":["M","M","M","$","M","E","R","E","T","E","?","E","M","M","R","B",null,"M","M","M"],"character_chosen":"IRONCLAD","items_purchased":["FearPotion","Poison Potion"],"campfire_rested":1,"item_purchase_floors":[4,4],"current_hp_per_floor":[67,68,68,68,68,40,60,39,39,36,36,32,34,39,39,12,54,41,33,0],"gold":280,"neow_bonus":"TRANSFORM_TWO_CARDS","is_prod":false,"is_daily":false,"chose_seed":false,"campfire_upgraded":1,"win_rate":0,"timestamp":1561911360,"path_taken":["M","M","M","$","M","E","R","E","T","E","?","E","M","M","R","BOSS","M","M","M"],"build_version":"2019-01-23","purchased_purges":0,"victory":false,"max_hp_per_floor":[68,68,68,68,68,68,68,68,68,68,68,68,68,68,68,68,68,68,68,68],"card_choices":[{"not_picked":["Heavy Blade","Shockwave"],"picked":"Thunderclap","floor":1},{"not_picked":["Body Slam","Uppercut"],"picked":"Spot Weakness","floor":2},{"not_picked":["Pommel Strike","Ghostly Armor","Heavy Blade"],"picked":"SKIP","floor":3},{"not_picked":["Whirlwind","Heavy Blade"],"picked":"Bludgeon","floor":5},{"not_picked":["Pommel Strike","Warcry"],"picked":"Shrug It Off","floor":6},{"not_picked":["Infernal Blade","Uppercut"],"picked":"Disarm","floor":8},{"not_picked":["Clash","Reckless Charge"],"picked":"Anger","floor":10},{"not_picked":["Barricade","Twin Strike"],"picked":"True Grit","floor":12},{"not_picked":["Pommel Strike","Cleave"],"picked":"Armaments","floor":13},{"not_picked":["Heavy Blade","Warcry"],"picked":"Evolve","floor":14},{"not_picked":["Impervious","Exhume"],"picked":"Reaper","floor":16},{"not_picked":["True Grit","Clash"],"picked":"Infernal Blade+1","floor":18},{"not_picked":["Dropkick","Armaments","Whirlwind"],"picked":"SKIP","floor":19}],"player_experience":948478,"relics_obtained":[{"floor":6,"key":"Juzu Bracelet"},{"floor":8,"key":"Smiling Mask"},{"floor":9,"key":"Regal Pillow"},{"floor":10,"key":"Self Forming Clay"},{"floor":12,"key":"Mercury Hourglass"}],"event_choices":[{"damage_healed":0,"gold_gain":0,"player_choice":"Ignored","damage_taken":0,"max_hp_gain":0,"max_hp_loss":0,"event_name":"Shining Light","floor":11,"gold_loss":0}],"is_beta":false,"boss_relics":[{"not_picked":["Busted Crown","White Beast Statue"],"picked":"Ectoplasm"}],"items_purged_floors":[],"is_endless":false,"potions_floor_spawned":[5,8,10,13,16],"killed_by":"Shelled Parasite and Fungi","ascension_level":20}