{"gold_per_floor":[119,149,166,241,416,416,416,416,462,486,498,94,94,107,107,210,210,226,256,267,283,283,283,297,14,14,33,33,33,47,47,47,148,148,163,509,731,344,344,344,361,361],"floor_reached":42,"playtime":2837,"items_purged":[],"score":484,"play_id":"22d22289-39a4-48c7-9db5-d46171c7a76f","local_time":"20190930144517","is_ascension_mode":false,"campfire_choices":[{"data":"Armaments","floor":6,"key":"SMITH"},{"data":"Metallicize","floor":8,"key":"SMITH"},{"data":"Demon Form","floor":13,"key":"SMITH"},{"data":"Flame Barrier","floor":15,"key":"SMITH"},{"floor":23,"key":"REST"},{"data":"Limit Break","floor":28,"key":"SMITH"},{"floor":32,"key":"REST"},{"floor":40,"key":"REST"}],"neow_cost":"NONE","seed_source_timestamp":1108146222843300,"circlet_count":0,"master_deck":["Strike_R","Strike_R","Strike_R","Strike_R","Defend_R","Defend_R","Defend_R","Bash","Dramatic Entrance","Metallicize+1","Armaments+1","Doubt","Shrug It Off","Demon Form+1","Metallicize","Feed","Flame Barrier+1","Limit Break+1","Cleave","Wild Strike+1","Heavy Blade","Enlightenment","Flex","Dual Wield+1","Spot Weakness","Juggernaut","Ghostly Armor+1","Infernal Blade"],"relics":["Burning Blood","Tiny Chest","MawBank","MealTicket","Lizard Tail","Red Mask","Lantern","Gambling Chip","Question Card","Mark of Pain","Old Coin","Bottled Tornado"],"potions_floor_usage":[20,20,21,24,33,36,36,41,41],"damage_taken":[{"damage":6,"enemies":"Jaw Worm","floor":1,"turns":2},{"damage":4,"enemies":"Small Slimes","floor":3,"turns":3},{"damage":0,"enemies":"Cultist","floor":10,"turns":4},{"damage":21,"enemies":"Large Slime","floor":14,"turns":9},{"damage":32,"enemies":"Slime Boss","floor":16,"turns":8},{"damage":18,"enemies":"Shell Parasite","floor":18,"turns":8},{"damage":36,"enemies":"Masked Bandits","floor":19,"turns":5},{"damage":18,"enemies":"3 Byrds","floor":20,"turns":5},{"damage":4,"enemies":"Snake Plant","floor":21,"turns":6},{"damage":37,"enemies":"3 Cultists","floor":24,"turns":5},{"damage":9,"enemies":"Cultist and Chosen","floor":27,"turns":7},{"damage":38,"enemies":"Chosen and Byrds","floor":30,"turns":8},{"damage":12,"enemies":"Champ","floor":33,"turns":22},{"damage":13,"enemies":"Orb Walker","floor":35,"turns":3},{"damage":140,"enemies":"2 Orb Walkers","floor":36,"turns":7},{"damage":34,"enemies":"3 Darklings","floor":41,"turns":5},{"damage":48,"enemies":"Sphere and 2 Shapes","floor":42,"turns":5}],"seed_played":"5481520695146250910","potions_obtained":[{"floor":1,"key":"GamblersBrew"},{"floor":10,"key":"FearPotion"},{"floor":18,"key":"SteroidPotion"},{"floor":19,"key":"EssenceOfSteel"},{"floor":21,"key":"LiquidBronze"},{"floor":30,"key":"PowerPotion"},{"floor":33,"key":"FearPotion"},{"floor":35,"key":"EssenceOfSteel"}],"is_trial":false,"path_per_floor":["M","?","M","?","?","R","?","R","T","M","?","$","R","M","R","B",null,"M","?","M","M","?","R","M","$","T","M","R","$","M","T","R","B",null,"M","?","?","$","?","R","M","M"],"character_chosen":"IRONCLAD","items_purchased":["MealTicket","Metallicize","Feed","Enlightenment","Lantern","Flex","Regen Potion","Bottled Tornado","Fire Potion"],"campfire_rested":3,"item_purchase_floors":[12,12,12,25,25,25,38,38,38],"current_hp_per_floor":[80,80,80,69,69,69,69,69,69,75,75,75,75,60,60,37,83,75,48,39,41,41,68,40,55,55,52,52,67,35,35,63,60,99,92,11,11,26,26,55,42,0],"gold":361,"neow_bonus":"RANDOM_COLORLESS","is_prod":false,"is_daily":false,"chose_seed":false,"campfire_upgraded":5,"win_rate":0.0,"timestamp":1569847517,"path_taken":["M","?","M","?","?","R","?","R","T","?","?","$","R","M","R","BOSS","M","?","M","M","?","R","M","$","T","M","R","?","?","?","R","BOSS","M","?","?","?","?","R","M","M"],"build_version":"2019-07-17","purchased_purges":0,"victory":false,"max_hp_per_floor":[80,80,80,80,80,80,80,80,80,80,80,80,80,80,80,83,83,87,90,93,93,93,93,96,96,96,96,96,96,96,96,96,99,99,99,99,99,99,99,99,99,102],"card_choices":[{"not_picked":["Cleave","Corruption"],"picked":"Metallicize","floor":1},{"not_picked":["True Grit","Cleave"],"picked":"Armaments","floor":3},{"not_picked":["Feel No Pain","Seeing Red"],"picked":"Shrug It Off","floor":10},{"not_picked":["Evolve","Headbutt"],"picked":"Flame Barrier","floor":14},{"not_picked":["Offering","Berserk"],"picked":"Limit Break","floor":16},{"not_picked":["Reckless Charge","Havoc+1"],"picked":"Cleave","floor":18},{"not_picked":["Reckless Charge","Armaments","Corruption"],"picked":"SKIP","floor":20},{"not_picked":["Evolve","Thunderclap"],"picked":"Wild Strike+1","floor":21},{"not_picked":["Twin Strike","Power Through"],"picked":"Heavy Blade","floor":24},{"not_picked":["Warcry","True Grit+1"],"picked":"Dual Wield+1","floor":27},{"not_picked":["Clash","Cleave"],"picked":"Spot Weakness","floor":30},{"not_picked":["Brutality","Double Tap","Immolate"],"picked":"Juggernaut","floor":33},{"not_picked":["Corruption","Perfected Strike","True Grit","Pummel+1"],"picked":"SKIP","floor":35},{"not_picked":["Perfected Strike+1","Sword Boomerang","Clothesline"],"picked":"Ghostly Armor+1","floor":36},{"not_picked":["Dark Embrace","Anger+1","Shockwave"],"picked":"Infernal Blade","floor":41}],"player_experience":85623,"relics_obtained":[{"floor":9,"key":"MawBank"},{"floor":19,"key":"Red Mask"},{"floor":26,"key":"Gambling Chip"},{"floor":31,"key":"Question Card"},{"floor":36,"key":"Old Coin"}],"event_choices":[{"damage_healed":0,"gold_gain":0,"player_choice":"Box","damage_taken":0,"relics_obtained":["Tiny Chest"],"max_hp_gain":0,"max_hp_loss":0,"event_name":"Big Fish","floor":2,"gold_loss":0,"cards_obtained":["Regret"]},{"damage_healed":0,"gold_gain":75,"player_choice":"Gather Gold","damage_taken":11,"max_hp_gain":0,"max_hp_loss":0,"event_name":"World of Goop","floor":4,"gold_loss":0},{"damage_healed":0,"gold_gain":175,"player_choice":"AGREE","damage_taken":0,"max_hp_gain":0,"max_hp_loss":0,"event_name":"Liars Game","floor":5,"gold_loss":0,"cards_obtained":["Doubt"]},{"cards_removed":["Regret"],"damage_healed":0,"gold_gain":0,"player_choice":"Card Removal","damage_taken":0,"max_hp_gain":0,"max_hp_loss":0,"event_name":"Wheel of Change","floor":7,"gold_loss":0},{"damage_healed":0,"gold_gain":0,"cards_transformed":["Strike_R"],"player_choice":"Change","damage_taken":0,"max_hp_gain":0,"max_hp_loss":0,"event_name":"Living Wall","floor":11,"gold_loss":0,"cards_obtained":["Demon Form"]},{"damage_healed":0,"gold_gain":0,"player_choice":"Fought Bandits","damage_taken":0,"max_hp_gain":0,"max_hp_loss":0,"event_name":"Masked Bandits","floor":19,"gold_loss":0},{"damage_healed":0,"gold_gain":0,"player_choice":"Ignored","damage_taken":0,"max_hp_gain":0,"max_hp_loss":0,"event_name":"Ghosts","floor":22,"gold_loss":0},{"damage_healed":0,"gold_gain":0,"player_choice":"Fight","damage_taken":0,"max_hp_gain":0,"max_hp_loss":0,"event_name":"Mysterious Sphere","floor":36,"gold_loss":0},{"damage_healed":0,"gold_gain":222,"player_choice":"Wore Mask","damage_taken":0,"max_hp_gain":0,"max_hp_loss":0,"event_name":"Tomb of Lord Red Mask","floor":37,"gold_loss":0},{"cards_removed":["Defend_R"],"damage_healed":0,"gold_gain":0,"player_choice":"Removed Skill","damage_taken":0,"max_hp_gain":0,"max_hp_loss":0,"event_name":"Falling","floor":39,"gold_loss":0}],"is_beta":false,"boss_relics":[{"not_picked":["Sozu","Coffee Dripper"],"picked":"Lizard Tail"},{"not_picked":["White Beast Statue","Runic Cube"],"picked":"Mark of Pain"}],"items_purged_floors":[],"is_endless":false,"potions_floor_spawned":[1,10,18,19,21,30,33,35],"killed_by":"Sphere and 2 Shapes","ascension_level":0}