{"gold_per_floor":[117,128,128,128,128,128,166,166,220,245,285,306,341,360,360,458,458,472,503,553,603,616,616,637,661,661,661,661,675,675,269,269,269],"floor_reached":33,"playtime":1100,"items_purged":["Strike_P"],"score":614,"play_id":"75fb330c-cae5-42da-b8f0-9f48ded26ad8","local_time":"20190923174429","is_ascension_mode":true,"campfire_choices":[{"data":"Eruption","floor":6.0,"key":"SMITH"},{"data":"Vigilance","floor":8.0,"key":"SMITH"},{"data":"Protect","floor":15.0,"key":"SMITH"},{"data":"Crescendo","floor":23.0,"key":"SMITH"},{"data":"SandsOfTime","floor":27.0,"key":"SMITH"},{"floor":32,"key":"REST"}],"neow_cost":"NONE","seed_source_timestamp":48889945684400,"circlet_count":0,"master_deck":["AscendersBane","Strike_P","Strike_P","Defend_P","Defend_P","Eruption+1","Vigilance+1","Crescendo+1","Protect+1","SandsOfTime+1","BattleHymn+1"],"special_seed":0,"relics":["PureWater","NeowsBlessing","Golden Idol","Pen Nib","Anchor","Dodecahedron","Gremlin Horn","Empty Cage","Red Mask","HornCleat","MutagenicStrength","Ornamental Fan"],"potions_floor_usage":[29,33,33],"damage_taken":[{"damage":0.0,"enemies":"Cultist","floor":1.0,"turns":1.0},{"damage":0.0,"enemies":"2 Louse","floor":2.0,"turns":1.0},{"damage":0.0,"enemies":"Lagavulin","floor":7.0,"turns":1.0},{"damage":0.0,"enemies":"Small Slimes","floor":10.0,"turns":4.0},{"damage":0.0,"enemies":"Gremlin Nob","floor":11.0,"turns":2.0},{"damage":4.0,"enemies":"3 Louse","floor":12.0,"turns":5.0},{"damage":17.0,"enemies":"Lagavulin","floor":13.0,"turns":7.0},{"damage":0.0,"enemies":"2 Fungi Beasts","floor":14.0,"turns":4.0},{"damage":5.0,"enemies":"The Guardian","floor":16.0,"turns":13.0},{"damage":6.0,"enemies":"Shell Parasite","floor":18.0,"turns":7.0},{"damage":11.0,"enemies":"Masked Bandits","floor":19.0,"turns":3.0},{"damage":5.0,"enemies":"2 Thieves","floor":22.0,"turns":5.0},{"damage":9.0,"enemies":"Shelled Parasite and Fungi","floor":24.0,"turns":7.0},{"damage":7.0,"enemies":"Snecko","floor":25.0,"turns":4.0},{"damage":0,"enemies":"Sentry and Sphere","floor":29,"turns":3},{"damage":34,"enemies":"Collector","floor":33,"turns":6}],"seed_played":"-8183429366662487745","potions_obtained":[{"floor":1.0,"key":"EntropicBrew"},{"floor":7.0,"key":"Block Potion"},{"floor":11.0,"key":"SkillPotion"},{"floor":13.0,"key":"Strength Potion"},{"floor":16.0,"key":"AttackPotion"},{"floor":22.0,"key":"StancePotion"},{"floor":25.0,"key":"Dexterity Potion"},{"floor":29,"key":"SpeedPotion"},{"floor":30,"key":"AttackPotion"}],"is_trial":false,"path_per_floor":["M","M","?","?","?","R","E","R","T","M","E","M","E","M","R","B",null,"M","?","?","?","M","R","M","M","T","R","?","M","?","$","R","B"],"character_chosen":"WATCHER","items_purchased":["Ornamental Fan","PowerPotion"],"campfire_rested":1,"item_purchase_floors":[31,31],"current_hp_per_floor":[55,55,48,53,30,30,30,30,30,30,30,26,9,9,9,4,51,45,34,34,28,23,23,14,7,7,7,7,7,7,7,26,0],"gold":269,"neow_bonus":"THREE_ENEMY_KILL","is_prod":false,"is_daily":false,"chose_seed":false,"campfire_upgraded":5,"win_rate":0,"timestamp":1569235469,"path_taken":["M","?","?","?","?","R","E","R","T","M","E","M","E","M","R","BOSS","M","?","?","?","M","R","M","?","T","R","?","M","?","$","R","BOSS"],"build_version":"2019-09-20","purchased_purges":1,"victory":false,"max_hp_per_floor":[61,61,61,66,66,66,66,66,66,66,66,66,66,66,66,66,66,66,66,66,66,66,66,66,66,66,66,66,66,66,66,66,66],"card_choices":[{"not_picked":["EmptyMind","Sanctity","Swivel"],"picked":"SKIP","floor":1.0},{"not_picked":["CrushJoints","Tantrum","StepAndStrike"],"picked":"SKIP","floor":2.0},{"not_picked":["DeceiveReality","Weave","Meditate"],"picked":"SKIP","floor":7.0},{"not_picked":["FollowUp","EmptyMind","Crescendo"],"picked":"SKIP","floor":10.0},{"not_picked":["FollowUp","EmptyMind"],"picked":"Crescendo","floor":10.0},{"not_picked":["BowlingBash","Pray"],"picked":"Protect","floor":11.0},{"not_picked":["ClearTheMind","Crescendo","EmptyBody"],"picked":"SKIP","floor":12.0},{"not_picked":["CutThroughFate","BowlingBash","FearNoEvil"],"picked":"SKIP","floor":13.0},{"not_picked":["Scrawl","JustLucky"],"picked":"SandsOfTime","floor":14.0},{"not_picked":["Fasting","SpiritShield","CutThroughFate"],"picked":"SKIP","floor":18.0},{"not_picked":["Tantrum","DeceiveReality","Protect"],"picked":"SKIP","floor":22.0},{"not_picked":["EmptyFist+1","FlyingSleeves+1"],"picked":"BattleHymn+1","floor":24.0},{"not_picked":["SignatureMove","Worship","CrushJoints"],"picked":"SKIP","floor":25.0},{"not_picked":["CarveReality","EmptyFist","Prostrate"],"picked":"SKIP","floor":29}],"player_experience":1135408,"relics_obtained":[{"floor":7.0,"key":"Pen Nib"},{"floor":9.0,"key":"Anchor"},{"floor":11.0,"key":"Dodecahedron"},{"floor":13.0,"key":"Gremlin Horn"},{"floor":19.0,"key":"Red Mask"},{"floor":26.0,"key":"HornCleat"}],"event_choices":[{"cards_removed":["Defend_P"],"damage_healed":0.0,"max_hp_gain":0.0,"max_hp_loss":0.0,"gold_gain":0.0,"event_name":"Golden Wing","player_choice":"Card Removal","floor":3.0,"gold_loss":0.0,"damage_taken":7.0},{"damage_healed":0.0,"max_hp_gain":5.0,"max_hp_loss":0.0,"gold_gain":0.0,"event_name":"Big Fish","player_choice":"Donut","floor":4.0,"gold_loss":0.0,"damage_taken":0.0},{"damage_healed":0.0,"max_hp_gain":0.0,"max_hp_loss":0.0,"gold_gain":0.0,"event_name":"Golden Idol","player_choice":"Take Damage","floor":5.0,"gold_loss":0.0,"damage_taken":23.0,"relics_obtained":["Golden Idol"]},{"damage_healed":0.0,"max_hp_gain":0.0,"max_hp_loss":0.0,"gold_gain":0.0,"event_name":"Masked Bandits","player_choice":"Fought Bandits","floor":19.0,"gold_loss":0.0,"damage_taken":0.0},{"damage_healed":0.0,"max_hp_gain":0.0,"max_hp_loss":0.0,"gold_gain":50.0,"event_name":"Nest","player_choice":"Stole From Cult","floor":20.0,"gold_loss":0.0,"damage_taken":0.0},{"damage_healed":0.0,"max_hp_gain":0.0,"max_hp_loss":0.0,"gold_gain":50.0,"event_name":"FaceTrader","player_choice":"Touch","floor":21.0,"gold_loss":0.0,"damage_taken":6.0},{"damage_healed":0.0,"max_hp_gain":0.0,"max_hp_loss":0.0,"gold_gain":0.0,"event_name":"Drug Dealer","player_choice":"Inject Mutagens","floor":28.0,"gold_loss":0.0,"damage_taken":0.0,"relics_obtained":["MutagenicStrength"]},{"damage_healed":0,"gold_gain":0,"player_choice":"Got Potions","damage_taken":0,"max_hp_gain":0,"max_hp_loss":0,"event_name":"Lab","floor":30,"gold_loss":0}],"is_beta":true,"boss_relics":[{"not_picked":["Snecko Eye","SlaversCollar"],"picked":"Empty Cage"}],"items_purged_floors":[31],"is_endless":false,"potions_floor_spawned":[1,7,11,13,16,22,25,29],"killed_by":"Collector","ascension_level":19}