{"gold_per_floor":[109,124,154,154,179,179,133,133,158,196,221,221,256,256],"floor_reached":14,"playtime":405,"items_purged":[],"score":200,"play_id":"a2d6b7d2-8ec0-4776-a9da-785aad0b1eb5","local_time":"20190928175102","is_ascension_mode":true,"campfire_choices":[{"data":"Uppercut","floor":6,"key":"SMITH"},{"data":"Armaments","floor":8,"key":"SMITH"},{"floor":12,"key":"REST"}],"neow_cost":"TEN_PERCENT_HP_LOSS","seed_source_timestamp":1013860334437200,"circlet_count":0,"master_deck":["AscendersBane","Strike_R","Strike_R","Strike_R","Strike_R","Strike_R","Defend_R","Defend_R","Defend_R","Defend_R","Bash","Panache","Uppercut+1","Armaments+1","Anger","Combust","Inflame"],"relics":["Burning Blood","Tiny Chest","Golden Idol","Bag of Marbles","Blue Candle","Torii"],"potions_floor_usage":[10],"damage_taken":[{"damage":9,"enemies":"Jaw Worm","floor":1,"turns":5},{"damage":13,"enemies":"2 Louse","floor":2,"turns":3},{"damage":4,"enemies":"Cultist","floor":5,"turns":3},{"damage":24,"enemies":"Exordium Thugs","floor":7,"turns":5},{"damage":17,"enemies":"3 Sentries","floor":10,"turns":5},{"damage":11,"enemies":"Blue Slaver","floor":11,"turns":4},{"damage":37,"enemies":"Gremlin Nob","floor":13,"turns":4},{"damage":10,"enemies":"Gremlin Gang","floor":14,"turns":1}],"seed_played":"-1649543863404356224","potions_obtained":[{"floor":7,"key":"Explosive Potion"},{"floor":13,"key":"SteroidPotion"}],"is_trial":false,"path_per_floor":["M","M","?","?","M","R","M","R","T","E","M","R","E","M"],"character_chosen":"IRONCLAD","items_purchased":[],"campfire_rested":1,"item_purchase_floors":[],"current_hp_per_floor":[65,58,53,53,55,55,37,37,37,26,21,39,8,0],"gold":256,"neow_bonus":"RANDOM_COLORLESS_2","is_prod":false,"is_daily":false,"chose_seed":false,"campfire_upgraded":2,"win_rate":0,"timestamp":1569718262,"path_taken":["M","M","?","?","?","R","M","R","T","E","M","R","E","M"],"build_version":"2019-09-27","purchased_purges":0,"victory":false,"max_hp_per_floor":[68,68,68,62,62,62,62,62,62,62,62,62,62,62],"card_choices":[{"not_picked":["Chrysalis","Mayhem"],"picked":"Panache","floor":0},{"not_picked":["Sentinel","Warcry"],"picked":"Uppercut","floor":1},{"not_picked":["Infernal Blade","Body Slam"],"picked":"Armaments","floor":2},{"not_picked":["Perfected Strike","Thunderclap"],"picked":"Anger","floor":5},{"not_picked":["Flex","Thunderclap"],"picked":"Combust","floor":7},{"not_picked":["Barricade","Pummel","Cleave"],"picked":"SKIP","floor":10},{"not_picked":["Warcry","Clash"],"picked":"Inflame","floor":11},{"not_picked":["Armaments","Sever Soul","Body Slam"],"picked":"SKIP","floor":13}],"player_experience":1109162,"relics_obtained":[{"floor":9,"key":"Bag of Marbles"},{"floor":10,"key":"Blue Candle"},{"floor":13,"key":"Torii"}],"event_choices":[{"damage_healed":0,"gold_gain":0,"player_choice":"Success","damage_taken":5,"relics_obtained":["Tiny Chest"],"max_hp_gain":0,"max_hp_loss":0,"event_name":"Scrap Ooze","floor":3,"gold_loss":0},{"damage_healed":0,"gold_gain":0,"player_choice":"Lose Max HP","damage_taken":0,"relics_obtained":["Golden Idol"],"max_hp_gain":0,"max_hp_loss":6,"event_name":"Golden Idol","floor":4,"gold_loss":0}],"is_beta":true,"boss_relics":[],"items_purged_floors":[],"is_endless":false,"potions_floor_spawned":[7,13],"killed_by":"Gremlin Gang","ascension_level":20}