{"gold_per_floor":[20,20,35,35,35,60,60,95,122,122,156,81,98,98,98,198,198,212,32,46,46,63,98,114,140,185,211,241,253,296,324,336,449,461,491,160,160,171,187,213,213,242,242,242,255,270,290,2,2,2],"floor_reached":51,"playtime":15632,"items_purged":["Strike_G","Strike_G","Defend_G"],"score":891,"play_id":"7067abce-62e8-4cf4-9a38-0579439afc2c","local_time":"20180825095249","is_ascension_mode":true,"campfire_choices":[{"data":"Neutralize","floor":7.0,"key":"SMITH"},{"data":"Calculated Gamble","floor":10.0,"key":"SMITH"},{"floor":15.0,"key":"REST"},{"data":"A Thousand Cuts","floor":32.0,"key":"SMITH"},{"floor":44,"key":"REST"},{"data":"Footwork","floor":49,"key":"SMITH"}],"neow_cost":"NO_GOLD","seed_source_timestamp":0,"circlet_count":0,"master_deck":["Strike_G+1","Strike_G","Survivor+1","Neutralize+1","Terror+1","PiercingWail+1","Dagger Throw+1","Calculated Gamble+1","Noxious Fumes","Dodge and Roll","Adrenaline+1","Well Laid Plans","Leg Sweep+1","Leg Sweep","Backstab","Poisoned Stab+1","Parasite","A Thousand Cuts+1","Backflip","Backstab","Caltrops+1","Envenom","Cloak And Dagger+1","Footwork+1","Prepared+1","Backflip+1","Finesse","The Bomb","Escape Plan+1","Decay","Deadly Poison+1","Dash+1","Noxious Fumes","Corpse Explosion","Dodge and Roll"],"special_seed":0,"relics":["Ring of the Serpent","StoneCalendar","Anchor","Question Card","Oddly Smooth Stone","Shuriken","Cursed Key","Mercury Hourglass","Whetstone","MawBank","Ancient Tea Set","Bronze Scales","War Paint","Letter Opener","Molten Egg 2"],"potions_floor_usage":[40,40,50,50,50],"damage_taken":[{"damage":0.0,"enemies":"Cultist","floor":1.0,"turns":4.0},{"damage":0.0,"enemies":"Small Slimes","floor":3.0,"turns":5.0},{"damage":21.0,"enemies":"3 Sentries","floor":6.0,"turns":7.0},{"damage":10.0,"enemies":"Gremlin Nob","floor":8.0,"turns":4.0},{"damage":13.0,"enemies":"Lagavulin","floor":11.0,"turns":7.0},{"damage":0.0,"enemies":"Jaw Worm","floor":13.0,"turns":3.0},{"damage":21.0,"enemies":"Slime Boss","floor":16.0,"turns":10.0},{"damage":0.0,"enemies":"2 Thieves","floor":18.0,"turns":4.0},{"damage":0.0,"enemies":"Chosen","floor":20.0,"turns":6.0},{"damage":1.0,"enemies":"Snake Plant","floor":22.0,"turns":6.0},{"damage":3.0,"enemies":"Slavers","floor":23.0,"turns":7.0},{"damage":0.0,"enemies":"Centurion and Healer","floor":24.0,"turns":7.0},{"damage":0.0,"enemies":"Gremlin Leader","floor":25.0,"turns":7.0},{"damage":3.0,"enemies":"Cultist and Chosen","floor":27.0,"turns":6.0},{"damage":8.0,"enemies":"3 Cultists","floor":28.0,"turns":6.0},{"damage":0.0,"enemies":"Book of Stabbing","floor":30.0,"turns":5.0},{"damage":6.0,"enemies":"Centurion and Healer","floor":31.0,"turns":6.0},{"damage":12.0,"enemies":"Automaton","floor":33.0,"turns":8.0},{"damage":10.0,"enemies":"Orb Walker","floor":35.0,"turns":4.0},{"damage":0,"enemies":"Flame Bruiser 1 Orb","floor":38,"turns":5},{"damage":0,"enemies":"3 Darklings","floor":39,"turns":4},{"damage":5,"enemies":"2 Orb Walkers","floor":40,"turns":5},{"damage":11,"enemies":"Nemesis","floor":42,"turns":7},{"damage":0,"enemies":"Transient","floor":45,"turns":5},{"damage":1,"enemies":"Sphere and 2 Shapes","floor":46,"turns":3},{"damage":0,"enemies":"4 Shapes","floor":47,"turns":5},{"damage":34,"enemies":"Donu and Deca","floor":50,"turns":10}],"seed_played":"7634580526563793398","potions_obtained":[{"floor":6.0,"key":"AttackPotion"},{"floor":8.0,"key":"Fire Potion"},{"floor":22.0,"key":"Strength Potion"},{"floor":23.0,"key":"LiquidBronze"},{"floor":24.0,"key":"SneckoOil"},{"floor":30.0,"key":"Weak Potion"},{"floor":33.0,"key":"Regen Potion"},{"floor":35.0,"key":"Explosive Potion"},{"floor":40,"key":"Strength Potion"}],"is_trial":false,"path_per_floor":["M","?","M","?","?","E","R","E","T","R","E","$","M","?","R","B",null,"M","$","M","?","M","E","M","E","T","M","M","?","E","M","R","B",null,"M","$","?","M","M","E","?","E","T","R","M","M","M","$","R","B"],"character_chosen":"THE_SILENT","items_purchased":["Well Laid Plans","Footwork","Bronze Scales","Corpse Explosion","Dodge and Roll","GhostInAJar"],"campfire_rested":2,"item_purchase_floors":[19,36,36,48,48,48],"current_hp_per_floor":[70,63,63,63,63,42,42,32,32,32,19,19,19,5,26,5,70,70,70,70,70,69,66,66,66,66,63,55,55,55,49,49,37,70,60,60,60,60,60,55,50,39,39,60,60,59,59,59,59,40],"gold":2,"neow_bonus":"ONE_RARE_RELIC","is_prod":false,"is_daily":false,"chose_seed":false,"campfire_upgraded":4,"win_rate":0,"timestamp":1535208769,"path_taken":["M","?","M","?","?","E","R","E","T","R","E","$","?","?","R","BOSS","M","$","M","?","M","E","?","E","T","M","M","?","E","M","R","BOSS","M","$","?","M","M","E","?","E","T","R","M","M","M","$","R","BOSS"],"build_version":"2018-08-23v2","purchased_purges":3,"victory":true,"max_hp_per_floor":[70,70,70,70,70,70,70,70,70,70,70,70,70,70,70,70,70,70,70,70,70,70,70,70,70,70,70,70,70,70,70,70,70,70,70,70,70,70,70,70,70,70,70,70,70,70,70,70,70,70],"card_choices":[{"not_picked":["Prepared","Expertise","Catalyst"],"picked":"SKIP","floor":1.0},{"not_picked":["Backflip","Flechettes"],"picked":"Terror","floor":3.0},{"not_picked":["Blade Dance","Bane"],"picked":"Dagger Throw","floor":6.0},{"not_picked":["Prepared","Dash"],"picked":"Calculated Gamble","floor":8.0},{"not_picked":["Blur","Riddle With Holes","Deflect"],"picked":"Noxious Fumes","floor":11.0},{"not_picked":["Expertise","Blade Dance","Bane"],"picked":"Dodge and Roll","floor":13.0},{"not_picked":["Bullet Time","Doppelganger","Envenom"],"picked":"Adrenaline","floor":16.0},{"not_picked":["Catalyst+1","Acrobatics","Reflex","Blade Dance"],"picked":"SKIP","floor":18.0},{"not_picked":["Acrobatics","Dagger Spray","Slice"],"picked":"Leg Sweep+1","floor":20.0},{"not_picked":["Escape Plan","Tactician","Terror"],"picked":"Leg Sweep","floor":22.0},{"not_picked":["Dagger Spray","Poisoned Stab","Acrobatics"],"picked":"Backstab","floor":23.0},{"not_picked":["Deflect","Quick Slash","Finisher"],"picked":"Poisoned Stab","floor":24.0},{"not_picked":["Bane","Tactician","Reflex","Bouncing Flask"],"picked":"SKIP","floor":25.0},{"not_picked":["PiercingWail","Terror","Backflip"],"picked":"A Thousand Cuts","floor":27.0},{"not_picked":["Sucker Punch","Skewer","Caltrops"],"picked":"Backflip","floor":28.0},{"not_picked":["Prepared","Blade Dance","Masterful Stab+1"],"picked":"Backstab","floor":30.0},{"not_picked":["Expertise","Bullet Time","Reflex"],"picked":"Caltrops+1","floor":31.0},{"not_picked":["Storm of Steel","Wraith Form v2","Phantasmal Killer"],"picked":"Envenom","floor":33.0},{"not_picked":["PiercingWail+1","Deflect","Outmaneuver+1"],"picked":"Cloak And Dagger+1","floor":35.0},{"not_picked":["Blur","PiercingWail+1","Blade Dance+1"],"picked":"Prepared+1","floor":38},{"not_picked":["Eviscerate","Crippling Poison","Blade Dance","Expertise+1"],"picked":"SKIP","floor":39},{"not_picked":["Bane+1","Distraction+1","Endless Agony+1"],"picked":"Backflip+1","floor":40},{"not_picked":["Dramatic Entrance","Impatience","Bandage Up"],"picked":"Finesse","floor":41},{"not_picked":["Violence","Bandage Up","Good Instincts"],"picked":"The Bomb","floor":41},{"not_picked":["Sucker Punch+1","Backflip","Bane+1"],"picked":"Escape Plan+1","floor":42},{"not_picked":["Finisher+1","Acrobatics+1","Prepared"],"picked":"Deadly Poison+1","floor":45},{"not_picked":["Deadly Poison","Blade Dance+1","Deflect"],"picked":"Dash+1","floor":46},{"not_picked":["Blur","Masterful Stab+1","Blade Dance+1"],"picked":"Noxious Fumes","floor":47}],"player_experience":230888,"relics_obtained":[{"floor":6.0,"key":"Anchor"},{"floor":8.0,"key":"Question Card"},{"floor":9.0,"key":"Oddly Smooth Stone"},{"floor":11.0,"key":"Shuriken"},{"floor":23.0,"key":"Mercury Hourglass"},{"floor":25.0,"key":"Whetstone"},{"floor":26.0,"key":"MawBank"},{"floor":30.0,"key":"Ancient Tea Set"},{"floor":40,"key":"War Paint"},{"floor":42,"key":"Letter Opener"},{"floor":43,"key":"Molten Egg 2"}],"event_choices":[{"event_name":"Golden Wing","player_choice":"Card Removal","floor":2.0,"damage_taken":0.0},{"event_name":"Living Wall","player_choice":"Change","floor":4.0,"damage_taken":0.0},{"event_name":"Upgrade Shrine","player_choice":"Upgraded","floor":5.0,"damage_taken":0.0},{"event_name":"Shining Light","player_choice":"Entered Light","floor":14.0,"damage_taken":0.0},{"event_name":"Purifier","player_choice":"One Purge","floor":21.0,"damage_taken":0.0},{"event_name":"Back to Basics","player_choice":"Elegance","floor":29.0,"damage_taken":0.0},{"event_name":"Purifier","player_choice":"One Purge","floor":37,"damage_taken":0},{"event_name":"SensoryStone","player_choice":"Memory 2","floor":41,"damage_taken":0}],"is_beta":false,"boss_relics":[{"not_picked":["Velvet Choker","Orrery"],"picked":"Cursed Key"},{"not_picked":["Snecko Eye","Tiny House"],"picked":"Ring of the Serpent"}],"items_purged_floors":[12,19,36],"is_endless":false,"potions_floor_spawned":[6,8,22,23,24,30,33,35,38,40],"ascension_level":2}