{"gold_per_floor":[109,109,34,34,34,66,66,97,150,195,207,249,278,308,320,403,415,439,468,500,512,524,536,548,573,655,667,78,78,111,111,111,111],"floor_reached":33,"playtime":564,"items_purged":["Strike_R","Strike_R"],"score":678,"play_id":"49ff5cca-7749-4ee9-8ecd-3d0b33151732","local_time":"20190819201722","is_ascension_mode":true,"campfire_choices":[{"data":"Inflame","floor":15,"key":"SMITH"},{"data":"Fiend Fire","floor":23,"key":"SMITH"},{"data":"Immolate","floor":27,"key":"SMITH"},{"data":"Shockwave","floor":29,"key":"SMITH"},{"data":"Spot Weakness","floor":32,"key":"SMITH"}],"neow_cost":"NONE","seed_source_timestamp":140105771804749,"circlet_count":0,"master_deck":["AscendersBane","Strike_R","Strike_R","Defend_R","Defend_R+1","Defend_R+1","Defend_R","Bash+1","Shrug It Off","Immolate+1","Inflame+1","Shockwave+1","Fiend Fire+1","Spot Weakness+1"],"relics":["Burning Blood","NeowsBlessing","Blue Candle","Bottled Lightning","Strawberry","MawBank","Self Forming Clay","Thread and Needle","War Paint","Busted Crown","Gremlin Horn","Paper Frog","ClockworkSouvenir","Mummified Hand"],"potions_floor_usage":[12,16,20,33,33],"damage_taken":[{"damage":0,"enemies":"Jaw Worm","floor":1,"turns":1},{"damage":0,"enemies":"Gremlin Nob","floor":6,"turns":1},{"damage":0,"enemies":"Lagavulin","floor":8,"turns":1},{"damage":8,"enemies":"Gremlin Nob","floor":10,"turns":3},{"damage":10,"enemies":"3 Sentries","floor":12,"turns":6},{"damage":0,"enemies":"Cultist","floor":13,"turns":3},{"damage":0,"enemies":"2 Louse","floor":14,"turns":1},{"damage":44,"enemies":"The Guardian","floor":16,"turns":11},{"damage":0,"enemies":"3 Byrds","floor":18,"turns":4},{"damage":0,"enemies":"Chosen","floor":19,"turns":4},{"damage":20,"enemies":"Shelled Parasite and Fungi","floor":20,"turns":6},{"damage":11,"enemies":"Snake Plant","floor":25,"turns":3},{"damage":10,"enemies":"Gremlin Leader","floor":30,"turns":4},{"damage":16,"enemies":"Champ","floor":33,"turns":10}],"seed_played":"7053386013408641602","potions_obtained":[{"floor":6,"key":"Fire Potion"},{"floor":8,"key":"EssenceOfSteel"},{"floor":10,"key":"SteroidPotion"},{"floor":12,"key":"Block Potion"},{"floor":19,"key":"Strength Potion"},{"floor":25,"key":"Fire Potion"}],"is_trial":false,"path_per_floor":["M","?","$","T","$","E","?","E","T","E","?","E","M","M","R","B",null,"M","M","M","?","?","R","?","M","T","R","$","R","E","?","R","B"],"character_chosen":"IRONCLAD","items_purchased":["Paper Frog","ClockworkSouvenir"],"campfire_rested":0,"item_purchase_floors":[28,28],"current_hp_per_floor":[74,74,74,74,74,75,75,82,82,80,75,71,77,82,82,44,73,79,82,68,44,44,44,44,39,39,39,39,39,35,35,35,19],"gold":111,"neow_bonus":"THREE_ENEMY_KILL","is_prod":false,"is_daily":false,"chose_seed":false,"campfire_upgraded":5,"win_rate":0,"timestamp":1566220642,"path_taken":["M","?","$","?","$","E","?","E","T","E","?","E","M","M","R","BOSS","M","M","M","?","?","R","?","M","T","R","$","R","E","?","R","BOSS"],"build_version":"2019-08-15","purchased_purges":2,"victory":false,"max_hp_per_floor":[75,75,75,75,75,75,75,82,82,82,82,82,82,82,82,82,82,82,82,82,87,87,87,87,87,87,87,87,87,87,87,87,87],"card_choices":[{"not_picked":["Perfected Strike","Rampage"],"picked":"Shrug It Off","floor":1},{"not_picked":["Havoc","Cleave"],"picked":"Immolate","floor":6},{"not_picked":["Anger","Dark Embrace"],"picked":"Inflame","floor":8},{"not_picked":["Metallicize","Seeing Red","Corruption"],"picked":"SKIP","floor":10},{"not_picked":["Clothesline","Pummel"],"picked":"Shockwave","floor":12},{"not_picked":["Twin Strike","Body Slam","Metallicize"],"picked":"SKIP","floor":13},{"not_picked":["Pommel Strike","Clothesline","Ghostly Armor"],"picked":"SKIP","floor":14},{"not_picked":["Immolate","Demon Form"],"picked":"Fiend Fire","floor":16},{"not_picked":["Pommel Strike"],"picked":"SKIP","floor":18},{"not_picked":["Rupture+1"],"picked":"SKIP","floor":19},{"not_picked":[],"picked":"Spot Weakness","floor":20},{"not_picked":["Anger"],"picked":"SKIP","floor":25},{"not_picked":["Clash"],"picked":"SKIP","floor":30}],"player_experience":1068893,"relics_obtained":[{"floor":4,"key":"Blue Candle"},{"floor":6,"key":"Bottled Lightning"},{"floor":8,"key":"Strawberry"},{"floor":9,"key":"MawBank"},{"floor":10,"key":"Self Forming Clay"},{"floor":12,"key":"War Paint"},{"floor":26,"key":"Gremlin Horn"},{"floor":30,"key":"Mummified Hand"}],"event_choices":[{"damage_healed":0,"gold_gain":0,"player_choice":"Forge","damage_taken":0,"max_hp_gain":0,"max_hp_loss":0,"event_name":"Accursed Blacksmith","floor":2,"gold_loss":0,"cards_upgraded":["Bash"]},{"damage_healed":0,"gold_gain":0,"player_choice":"Ignored","damage_taken":0,"max_hp_gain":0,"max_hp_loss":0,"event_name":"Liars Game","floor":7,"gold_loss":0},{"damage_healed":0,"gold_gain":0,"player_choice":"Success","damage_taken":5,"relics_obtained":["Thread and Needle"],"max_hp_gain":0,"max_hp_loss":0,"event_name":"Scrap Ooze","floor":11,"gold_loss":0},{"damage_healed":0,"gold_gain":0,"player_choice":"Shed Blood","damage_taken":29,"max_hp_gain":5,"max_hp_loss":0,"event_name":"Forgotten Altar","floor":21,"gold_loss":0},{"cards_removed":["Strike_R"],"damage_healed":0,"gold_gain":0,"player_choice":"Elegance","damage_taken":0,"max_hp_gain":0,"max_hp_loss":0,"event_name":"Back to Basics","floor":22,"gold_loss":0},{"damage_healed":0,"gold_gain":0,"player_choice":"Ignored","damage_taken":0,"max_hp_gain":0,"max_hp_loss":0,"event_name":"Ghosts","floor":24,"gold_loss":0},{"damage_healed":0,"gold_gain":0,"player_choice":"Ignored","damage_taken":0,"max_hp_gain":0,"max_hp_loss":0,"event_name":"The Mausoleum","floor":31,"gold_loss":0}],"is_beta":true,"boss_relics":[{"not_picked":["Astrolabe","Orrery"],"picked":"Busted Crown"}],"items_purged_floors":[3,28],"is_endless":false,"potions_floor_spawned":[6,8,10,12,13,19,25],"killed_by":"Champ","ascension_level":20}