{"gold_per_floor":[111,123,143,143,143,143,186,199,199,185,185,32,53,78,78,78],"floor_reached":16,"playtime":760,"items_purged":[],"score":140,"play_id":"0cf108a4-7adc-452d-a484-571ee5162cee","local_time":"20190826165558","is_ascension_mode":true,"campfire_choices":[{"data":"Limit Break","floor":6,"key":"SMITH"},{"floor":11,"key":"REST"},{"data":"Flame Barrier","floor":15,"key":"SMITH"}],"neow_cost":"PERCENT_DAMAGE","seed_source_timestamp":17969422559200,"circlet_count":0,"master_deck":["Strike_R","Strike_R","Strike_R","Strike_R","Strike_R","Defend_R","Defend_R","Defend_R","Defend_R","Bash","Limit Break+1","Inflame","Heavy Blade","Flame Barrier+1","Pummel"],"relics":["Burning Blood","Golden Idol","FaceOfCleric","StoneCalendar","Turnip","PreservedInsect"],"potions_floor_usage":[8,13],"damage_taken":[{"damage":10,"enemies":"Small Slimes","floor":1,"turns":4},{"damage":3,"enemies":"Jaw Worm","floor":2,"turns":4},{"damage":6,"enemies":"Cultist","floor":3,"turns":4},{"damage":40,"enemies":"3 Sentries","floor":7,"turns":10},{"damage":9,"enemies":"Looter","floor":8,"turns":4},{"damage":14,"enemies":"Exordium Thugs","floor":10,"turns":4},{"damage":17,"enemies":"Red Slaver","floor":13,"turns":4},{"damage":9,"enemies":"Blue Slaver","floor":14,"turns":4},{"damage":20,"enemies":"Hexaghost","floor":16,"turns":4}],"seed_played":"-2087165799943848924","potions_obtained":[{"floor":3,"key":"Weak Potion"},{"floor":10,"key":"AttackPotion"},{"floor":14,"key":"Energy Potion"}],"is_trial":false,"path_per_floor":["M","M","M","?","?","R","E","M","T","M","R","$","M","M","R","B"],"character_chosen":"IRONCLAD","items_purchased":["PreservedInsect"],"campfire_rested":1,"item_purchase_floors":[12],"current_hp_per_floor":[47,50,50,50,50,50,17,15,15,8,31,31,21,19,19,0],"gold":78,"neow_bonus":"THREE_RARE_CARDS","is_prod":false,"is_daily":false,"chose_seed":false,"campfire_upgraded":2,"win_rate":0,"timestamp":1566831358,"path_taken":["M","M","M","?","?","R","E","?","T","M","R","$","M","M","R","BOSS"],"build_version":"2019-07-17","purchased_purges":0,"victory":false,"max_hp_per_floor":[80,80,80,74,74,74,75,76,76,77,77,77,78,79,79,79],"card_choices":[{"not_picked":["Fiend Fire","Immolate"],"picked":"Limit Break","floor":0},{"not_picked":["Pommel Strike","Blood for Blood"],"picked":"Inflame","floor":1},{"not_picked":["Anger","Sword Boomerang","Flex"],"picked":"SKIP","floor":2},{"not_picked":["Pommel Strike","Havoc"],"picked":"Heavy Blade","floor":3},{"not_picked":["Sentinel","Flex","Seeing Red"],"picked":"SKIP","floor":7},{"not_picked":["Heavy Blade","Perfected Strike","Hemokinesis"],"picked":"SKIP","floor":8},{"not_picked":["Clothesline","Headbutt"],"picked":"Flame Barrier","floor":10},{"not_picked":["Dual Wield","Evolve"],"picked":"Pummel","floor":13},{"not_picked":["Seeing Red","Twin Strike","Wild Strike"],"picked":"SKIP","floor":14}],"player_experience":341480,"relics_obtained":[{"floor":7,"key":"StoneCalendar"},{"floor":9,"key":"Turnip"}],"event_choices":[{"damage_healed":0,"gold_gain":0,"player_choice":"Lose Max HP","damage_taken":0,"relics_obtained":["Golden Idol"],"max_hp_gain":0,"max_hp_loss":6,"event_name":"Golden Idol","floor":4,"gold_loss":0},{"damage_healed":0,"gold_gain":0,"player_choice":"Trade","damage_taken":0,"relics_obtained":["FaceOfCleric"],"max_hp_gain":0,"max_hp_loss":0,"event_name":"FaceTrader","floor":5,"gold_loss":0}],"is_beta":false,"boss_relics":[],"items_purged_floors":[],"is_endless":false,"potions_floor_spawned":[3,10,14],"killed_by":"Hexaghost","ascension_level":7}