{"gold_per_floor":[117,129,147,161,176,209,209,282,282,313,313,347,364,5,5,79,79,95,115,115,130,147,172,172,197,239,176,223,160,188,205,205,282,282,299,299,299,29,40,66,66,98,179,209,224,224,253,153,153,153,153,153,153,72,106,106],"floor_reached":57,"playtime":3293,"items_purged":["Strike_R","Strike_R"],"score":3136,"play_id":"e5fa13fa-598c-4b52-8fdf-2eca838169c9","local_time":"20190421003730","is_ascension_mode":true,"campfire_choices":[{"data":"Uppercut","floor":7,"key":"SMITH"},{"data":"Perfected Strike","floor":11,"key":"SMITH"},{"data":"Metallicize","floor":15,"key":"SMITH"},{"floor":24,"key":"REST"},{"data":"Pommel Strike","floor":32,"key":"SMITH"},{"floor":41,"key":"REST"},{"floor":46,"key":"RECALL"},{"data":"Impervious","floor":49,"key":"SMITH"},{"floor":53,"key":"REST"}],"neow_cost":"NONE","seed_source_timestamp":279118342577688,"circlet_count":0,"master_deck":["AscendersBane","Strike_R","Strike_R","Defend_R","Defend_R","Defend_R","Defend_R","Bash","Impervious","Perfected Strike+1","Uppercut+1","Metallicize+1","Battle Trance","Anger","Wild Strike","Wild Strike","Corruption+1","Dark Embrace+1","Power Through","True Grit","Metallicize+1","Pommel Strike+1","Juggernaut+1","Twin Strike","Burning Pact+1","Pommel Strike","Demon Form+1","Ghostly Armor+1","Entrench","Sword Boomerang+1","Rage","Impervious+1","Pummel+1","Sentinel"],"relics":["Burning Blood","StoneCalendar","Mummified Hand","Frozen Egg 2","Champion Belt","Lantern","Bottled Tornado","Black Star","Happy Flower","Paper Frog","Centennial Puzzle","MawBank","Tiny Chest","Red Skull","Bag of Preparation","Blood Vial","Calipers","Runic Pyramid","Molten Egg 2","Self Forming Clay","WingedGreaves","Vajra","Shuriken","Dodecahedron","Bag of Marbles","Mercury Hourglass","Bronze Scales","Singing Bowl","Du-Vu Doll","Pocketwatch"],"potions_floor_usage":[6,10,16,23,25,33,56],"damage_taken":[{"damage":1,"enemies":"Cultist","floor":1,"turns":5},{"damage":7,"enemies":"Jaw Worm","floor":2,"turns":4},{"damage":7,"enemies":"Small Slimes","floor":3,"turns":3},{"damage":15,"enemies":"Exordium Thugs","floor":4,"turns":5},{"damage":8,"enemies":"Red Slaver","floor":5,"turns":5},{"damage":24,"enemies":"Lagavulin","floor":6,"turns":7},{"damage":3,"enemies":"Gremlin Nob","floor":10,"turns":3},{"damage":14,"enemies":"3 Sentries","floor":12,"turns":7},{"damage":0,"enemies":"Blue Slaver","floor":13,"turns":2},{"damage":9,"enemies":"Slime Boss","floor":16,"turns":7},{"damage":14,"enemies":"Chosen","floor":18,"turns":4},{"damage":15,"enemies":"2 Thieves","floor":19,"turns":4},{"damage":5,"enemies":"Chosen and Byrds","floor":21,"turns":6},{"damage":4,"enemies":"Snake Plant","floor":22,"turns":4},{"damage":25,"enemies":"Gremlin Leader","floor":23,"turns":5},{"damage":26,"enemies":"Book of Stabbing","floor":25,"turns":4},{"damage":10,"enemies":"Slavers","floor":28,"turns":4},{"damage":0,"enemies":"Gremlin Leader","floor":30,"turns":5},{"damage":0,"enemies":"Centurion and Healer","floor":31,"turns":4},{"damage":42,"enemies":"Champ","floor":33,"turns":10},{"damage":2,"enemies":"Orb Walker","floor":35,"turns":2},{"damage":0,"enemies":"3 Shapes","floor":39,"turns":3},{"damage":36,"enemies":"Reptomancer","floor":40,"turns":5},{"damage":0,"enemies":"Giant Head","floor":42,"turns":6},{"damage":0,"enemies":"Nemesis","floor":44,"turns":5},{"damage":0,"enemies":"3 Darklings","floor":45,"turns":3},{"damage":0,"enemies":"Giant Head","floor":47,"turns":5},{"damage":5,"enemies":"Donu and Deca","floor":50,"turns":6},{"damage":55,"enemies":"Awakened One","floor":51,"turns":9},{"damage":2,"enemies":"Shield and Spear","floor":55,"turns":5},{"damage":59,"enemies":"The Heart","floor":56,"turns":9}],"seed_played":"3170364117400553342","potions_obtained":[{"floor":2,"key":"Fruit Juice"},{"floor":5,"key":"SteroidPotion"},{"floor":6,"key":"Poison Potion"},{"floor":12,"key":"Regen Potion"},{"floor":16,"key":"EssenceOfSteel"},{"floor":23,"key":"Dexterity Potion"},{"floor":28,"key":"Ancient Potion"},{"floor":31,"key":"PowerPotion"},{"floor":39,"key":"GamblersBrew"}],"is_trial":false,"path_per_floor":["M","M","M","M","M","E","R","T","T","E","R","E","M","$","R","B",null,"M","M","?","M","M","E","R","E","T","?","E","$","E","M","R","B",null,"M","T","?","$","M","E","R","E","T","E","M","R","E","$","R","B","B",null,"R","$","E","B",null],"character_chosen":"IRONCLAD","items_purchased":["Corruption+1","Bottled Tornado","Self Forming Clay","Sentinel"],"campfire_rested":3,"item_purchase_floors":[14,14,38,54],"current_hp_per_floor":[73,72,71,62,60,42,42,42,42,45,45,37,43,43,43,45,71,63,54,54,55,57,38,62,54,54,54,50,50,56,64,64,30,68,74,74,74,74,80,50,74,80,80,80,80,80,80,80,80,80,31,68,80,80,82,29],"gold":106,"neow_bonus":"ONE_RANDOM_RARE_CARD","is_prod":false,"is_daily":false,"chose_seed":false,"campfire_upgraded":5,"win_rate":0,"timestamp":1555821450,"path_taken":["M","M","M","M","M","E","R","?","T","E","R","E","M","$","R","BOSS","M","M","?","M","?","E","R","E","T","?","E","?","E","?","R","BOSS","M","?","?","?","M","E","R","E","T","E","M","R","E","$","R","BOSS","BOSS","R","$","E","BOSS"],"build_version":"2019-01-23","purchased_purges":2,"victory":true,"max_hp_per_floor":[75,75,75,75,75,75,75,75,75,75,75,75,75,75,75,80,80,80,80,80,80,80,80,80,80,80,80,80,80,80,80,80,80,80,80,80,80,80,80,80,80,80,80,80,80,80,80,80,80,80,80,80,80,80,82,82],"card_choices":[{"not_picked":["Havoc","True Grit"],"picked":"Perfected Strike","floor":1},{"not_picked":["Perfected Strike","Heavy Blade"],"picked":"Uppercut","floor":2},{"not_picked":["Wild Strike","Rampage"],"picked":"Metallicize","floor":3},{"not_picked":["True Grit","Body Slam","Havoc"],"picked":"SKIP","floor":4},{"not_picked":["Hemokinesis","Twin Strike"],"picked":"Battle Trance","floor":5},{"not_picked":["Iron Wave","Barricade"],"picked":"Anger","floor":6},{"not_picked":["Thunderclap","Flex"],"picked":"Wild Strike","floor":10},{"not_picked":["Searing Blow","Anger","Rage"],"picked":"SKIP","floor":12},{"not_picked":["Clash","Dual Wield"],"picked":"Wild Strike","floor":13},{"not_picked":["Juggernaut+1","Double Tap"],"picked":"Dark Embrace+1","floor":16},{"not_picked":["Anger","Armaments"],"picked":"Power Through","floor":18},{"not_picked":["Rupture+1","Body Slam"],"picked":"True Grit","floor":19},{"not_picked":["Reckless Charge+1","Armaments"],"picked":"Pommel Strike","floor":21},{"not_picked":["Armaments","Wild Strike","Warcry"],"picked":"SKIP","floor":22},{"not_picked":["Fire Breathing+1","Thunderclap","Clash"],"picked":"SKIP","floor":23},{"not_picked":["Perfected Strike","Headbutt"],"picked":"Juggernaut+1","floor":25},{"not_picked":["Sword Boomerang","Warcry"],"picked":"Twin Strike","floor":28},{"not_picked":["Iron Wave","Fire Breathing+1"],"picked":"Burning Pact+1","floor":30},{"not_picked":["Warcry","Havoc"],"picked":"Pommel Strike","floor":31},{"not_picked":["Dark Embrace+1","Fiend Fire"],"picked":"Demon Form+1","floor":33},{"not_picked":["Twin Strike","Flex+1"],"picked":"Ghostly Armor+1","floor":35},{"not_picked":["Cleave+1","Perfected Strike+1"],"picked":"Entrench","floor":39},{"not_picked":["Rage+1","Perfected Strike+1"],"picked":"Sword Boomerang+1","floor":40},{"not_picked":["Power Through","Infernal Blade"],"picked":"Rage","floor":42},{"not_picked":["Warcry","Pummel+1"],"picked":"Impervious","floor":44},{"not_picked":["Thunderclap+1","Anger+1","Clash+1"],"picked":"SKIP","floor":45},{"not_picked":["Perfected Strike+1","Ghostly Armor"],"picked":"Pummel+1","floor":47},{"not_picked":["Havoc+1","Bloodletting","Dual Wield"],"picked":"Singing Bowl","floor":55}],"player_experience":741388,"relics_obtained":[{"floor":6,"key":"StoneCalendar"},{"floor":8,"key":"Mummified Hand"},{"floor":9,"key":"Frozen Egg 2"},{"floor":10,"key":"Champion Belt"},{"floor":12,"key":"Lantern"},{"floor":23,"key":"Happy Flower"},{"floor":23,"key":"Paper Frog"},{"floor":25,"key":"Centennial Puzzle"},{"floor":25,"key":"MawBank"},{"floor":26,"key":"Tiny Chest"},{"floor":28,"key":"Red Skull"},{"floor":28,"key":"Bag of Preparation"},{"floor":30,"key":"Blood Vial"},{"floor":30,"key":"Calipers"},{"floor":36,"key":"Molten Egg 2"},{"floor":40,"key":"WingedGreaves"},{"floor":40,"key":"Vajra"},{"floor":42,"key":"Shuriken"},{"floor":42,"key":"Dodecahedron"},{"floor":44,"key":"Bag of Marbles"},{"floor":44,"key":"Mercury Hourglass"},{"floor":47,"key":"Bronze Scales"},{"floor":47,"key":"Singing Bowl"},{"floor":55,"key":"Du-Vu Doll"},{"floor":55,"key":"Pocketwatch"}],"event_choices":[{"damage_healed":0,"gold_gain":0,"player_choice":"Copied","damage_taken":0,"max_hp_gain":0,"max_hp_loss":0,"event_name":"Duplicator","floor":20,"gold_loss":0,"cards_obtained":["Metallicize"]},{"cards_removed":["Strike_R"],"damage_healed":0,"gold_gain":0,"player_choice":"Gave Gold","damage_taken":0,"max_hp_gain":0,"max_hp_loss":0,"event_name":"Beggar","floor":27,"gold_loss":75},{"damage_healed":0,"gold_gain":0,"player_choice":"Ignored","damage_taken":0,"max_hp_gain":0,"max_hp_loss":0,"event_name":"Tomb of Lord Red Mask","floor":37,"gold_loss":0}],"is_beta":false,"boss_relics":[{"not_picked":["Mark of Pain","Tiny House"],"picked":"Black Star"},{"not_picked":["White Beast Statue","Velvet Choker"],"picked":"Runic Pyramid"}],"items_purged_floors":[29,48],"is_endless":false,"potions_floor_spawned":[2,5,6,12,16,19,23,28,31,39,40,42,45,55],"ascension_level":20}