{"gold_per_floor":[119,119,119,119,45,77,77,97,121,46,46,66,81,101,101,176,176,188,188,204,229,239,274,274,285,285,311,326,326,336,336,336,410,410,422,422,322,322,332,332,365,385,385,385,398,428,21,36,36,36],"floor_reached":51,"playtime":1487,"items_purged":["Defend_P","Strike_P+1","Strike_P+1"],"score":1692,"play_id":"3415683d-8df9-45df-860c-787fe9a0470f","local_time":"20190921224734","is_ascension_mode":true,"campfire_choices":[{"data":"Eruption","floor":7.0,"key":"SMITH"},{"data":"Vigilance","floor":11.0,"key":"SMITH"},{"data":"Protect","floor":15.0,"key":"SMITH"},{"data":"Protect","floor":24.0,"key":"SMITH"},{"floor":29.0,"key":"RECALL"},{"floor":32.0,"key":"REST"},{"floor":40.0,"key":"REST"},{"floor":44,"key":"REST"},{"floor":49,"key":"REST"}],"neow_cost":"NONE","seed_source_timestamp":76914453890700,"circlet_count":0,"master_deck":["AscendersBane","Defend_P+1","Eruption+1","Vigilance+1","Wallop+1","CrushJoints+1","SandsOfTime+1","Protect+1","Wallop+1","Protect+1"],"special_seed":0,"relics":["Astrolabe","Ancient Tea Set","PreservedInsect","Whetstone","Snecko Eye","War Paint","Blue Candle","Singing Bowl","Melange","Sozu","Lantern","Mummified Hand","Bottled Lightning","HornCleat"],"potions_floor_usage":[50],"damage_taken":[{"damage":3.0,"enemies":"Small Slimes","floor":1.0,"turns":3.0},{"damage":12.0,"enemies":"Gremlin Nob","floor":6.0,"turns":4.0},{"damage":0.0,"enemies":"2 Louse","floor":8.0,"turns":2.0},{"damage":0.0,"enemies":"Cultist","floor":12.0,"turns":2.0},{"damage":9.0,"enemies":"Exordium Thugs","floor":13.0,"turns":4.0},{"damage":0.0,"enemies":"3 Louse","floor":14.0,"turns":2.0},{"damage":0.0,"enemies":"Hexaghost","floor":16.0,"turns":5.0},{"damage":0.0,"enemies":"3 Byrds","floor":18.0,"turns":3.0},{"damage":0.0,"enemies":"2 Thieves","floor":20.0,"turns":2.0},{"damage":0.0,"enemies":"Centurion and Healer","floor":22.0,"turns":3.0},{"damage":11.0,"enemies":"Slavers","floor":23.0,"turns":4.0},{"damage":0.0,"enemies":"Snake Plant","floor":25.0,"turns":2.0},{"damage":1.0,"enemies":"Gremlin Leader","floor":27.0,"turns":4.0},{"damage":1.0,"enemies":"Snecko","floor":28.0,"turns":4.0},{"damage":0.0,"enemies":"Cultist and Chosen","floor":30.0,"turns":3.0},{"damage":0.0,"enemies":"Collector","floor":33.0,"turns":8.0},{"damage":0.0,"enemies":"3 Darklings","floor":35.0,"turns":3.0},{"damage":0.0,"enemies":"Orb Walker","floor":39.0,"turns":2.0},{"damage":0.0,"enemies":"Reptomancer","floor":41.0,"turns":4.0},{"damage":16,"enemies":"Jaw Worm Horde","floor":42,"turns":3},{"damage":0,"enemies":"Writhing Mass","floor":45,"turns":2},{"damage":0,"enemies":"Nemesis","floor":46,"turns":3},{"damage":23,"enemies":"Maw","floor":48,"turns":5},{"damage":37,"enemies":"Time Eater","floor":50,"turns":6}],"seed_played":"-7593439124107731358","potions_obtained":[{"floor":1.0,"key":"Dexterity Potion"},{"floor":12.0,"key":"SkillPotion"},{"floor":13.0,"key":"EssenceOfSteel"},{"floor":18.0,"key":"Swift Potion"},{"floor":20.0,"key":"SteroidPotion"},{"floor":25.0,"key":"Weak Potion"}],"is_trial":false,"path_per_floor":["M","?","?","?","?","E","R","M","T","$","R","M","M","M","R","B",null,"M","?","M","T","M","E","R","M","T","E","M","R","M","?","R","B",null,"M","?","$","?","M","R","E","M","T","R","M","E","$","M","R","B",null],"character_chosen":"WATCHER","items_purchased":["HornCleat"],"campfire_rested":4,"item_purchase_floors":[47],"current_hp_per_floor":[52,34,34,39,39,27,27,27,27,27,27,27,18,18,18,18,54,54,54,54,54,54,43,43,43,43,44,45,45,47,47,68,70,73,75,72,72,68,70,80,82,68,68,84,86,88,88,67,90,53],"gold":36,"neow_bonus":"BOSS_RELIC","is_prod":false,"is_daily":false,"chose_seed":false,"campfire_upgraded":4,"win_rate":0,"timestamp":1569080854,"path_taken":["M","?","?","?","?","E","R","?","T","?","R","M","M","M","R","BOSS","M","?","?","?","M","E","R","M","T","E","M","R","M","?","R","BOSS","M","?","$","?","M","R","E","?","T","R","M","E","$","M","R","BOSS"],"build_version":"2019-09-20","purchased_purges":3,"victory":true,"max_hp_per_floor":[61,61,61,66,66,66,66,66,66,66,66,66,66,66,66,66,66,66,66,66,66,66,66,66,66,66,68,70,70,72,72,72,74,74,76,72,72,78,80,80,82,84,84,84,86,88,88,90,90,90],"card_choices":[{"not_picked":["CrushJoints","Prostrate"],"picked":"SandsOfTime","floor":1.0},{"not_picked":["WindmillStrike","SandsOfTime","ForeignInfluence"],"picked":"SKIP","floor":6.0},{"not_picked":["Sanctity","FearNoEvil","SashWhip"],"picked":"SKIP","floor":8.0},{"not_picked":["WaveOfTheHand","EmptyFist"],"picked":"Protect","floor":12.0},{"not_picked":["EmptyBody","FlyingSleeves","Weave"],"picked":"SKIP","floor":13.0},{"not_picked":["EmptyFist","Protect","EmptyBody"],"picked":"SKIP","floor":14.0},{"not_picked":["SashWhip","WaveOfTheHand+1","FollowUp"],"picked":"SKIP","floor":18.0},{"not_picked":["EmptyBody","InnerPeace","Fasting"],"picked":"SKIP","floor":20.0},{"not_picked":["MasterReality","Collect"],"picked":"Protect","floor":22.0},{"not_picked":["CutThroughFate+1","Meditate","BowlingBash"],"picked":"SKIP","floor":23.0},{"not_picked":["FollowUp+1","Sanctity","BowlingBash"],"picked":"SKIP","floor":25.0},{"not_picked":["SashWhip","CrushJoints","Sanctity"],"picked":"Singing Bowl","floor":27.0},{"not_picked":["Protect","EmptyBody","Weave"],"picked":"Singing Bowl","floor":28.0},{"not_picked":["Meditate","Perseverance","ClearTheMind+1"],"picked":"Singing Bowl","floor":30.0},{"not_picked":["Metaphysics","Adaptation","Unraveling"],"picked":"Singing Bowl","floor":33.0},{"not_picked":["Halt+1","PathToVictory","StepAndStrike"],"picked":"Singing Bowl","floor":35.0},{"not_picked":["Panache","Forethought","Dark Shackles"],"picked":"Singing Bowl","floor":38.0},{"not_picked":["Magnetism","Bandage Up","PanicButton"],"picked":"Singing Bowl","floor":38.0},{"not_picked":["Dark Shackles","Trip","Purity"],"picked":"Singing Bowl","floor":38.0},{"not_picked":["SpiritShield","WaveOfTheHand","Conclude"],"picked":"Singing Bowl","floor":39.0},{"not_picked":["ForeignInfluence+1","WaveOfTheHand","JustLucky+1"],"picked":"Singing Bowl","floor":41.0},{"not_picked":["Establishment","Halt","Conclude"],"picked":"Singing Bowl","floor":42},{"not_picked":["ClearTheMind","Establishment","PathToVictory"],"picked":"Singing Bowl","floor":45},{"not_picked":["FearNoEvil","FollowUp","Consecrate"],"picked":"Singing Bowl","floor":46},{"not_picked":["Scrawl+1","Consecrate","CutThroughFate"],"picked":"Singing Bowl","floor":48}],"player_experience":1128717,"relics_obtained":[{"floor":6.0,"key":"PreservedInsect"},{"floor":9.0,"key":"Whetstone"},{"floor":21.0,"key":"War Paint"},{"floor":23.0,"key":"Blue Candle"},{"floor":26.0,"key":"Singing Bowl"},{"floor":27.0,"key":"Melange"},{"floor":41.0,"key":"Lantern"},{"floor":43,"key":"Mummified Hand"},{"floor":46,"key":"Bottled Lightning"}],"event_choices":[{"damage_healed":0.0,"max_hp_gain":0.0,"max_hp_loss":0.0,"gold_gain":0.0,"event_name":"Shining Light","player_choice":"Entered Light","floor":2.0,"gold_loss":0.0,"damage_taken":18.0,"cards_upgraded":["SandsOfTime","Defend_P"]},{"cards_removed":["Strike_P"],"damage_healed":0.0,"max_hp_gain":0.0,"max_hp_loss":0.0,"gold_gain":0.0,"event_name":"Living Wall","player_choice":"Forget","floor":3.0,"gold_loss":0.0,"damage_taken":0.0},{"damage_healed":0.0,"max_hp_gain":5.0,"max_hp_loss":0.0,"gold_gain":0.0,"event_name":"Big Fish","player_choice":"Donut","floor":4.0,"gold_loss":0.0,"damage_taken":0.0},{"damage_healed":0.0,"max_hp_gain":0.0,"max_hp_loss":0.0,"gold_gain":0.0,"event_name":"WeMeetAgain","player_choice":"Paid Gold","floor":5.0,"gold_loss":74.0,"damage_taken":0.0,"relics_obtained":["Ancient Tea Set"]},{"damage_healed":0.0,"max_hp_gain":0.0,"max_hp_loss":0.0,"gold_gain":0.0,"event_name":"Duplicator","player_choice":"Copied","floor":19.0,"gold_loss":0.0,"damage_taken":0.0,"cards_obtained":["Wallop"]},{"cards_removed":["Prostrate"],"damage_healed":0.0,"max_hp_gain":0.0,"max_hp_loss":0.0,"gold_gain":0.0,"event_name":"Back to Basics","player_choice":"Elegance","floor":31.0,"gold_loss":0.0,"damage_taken":0.0},{"damage_healed":0.0,"max_hp_gain":0.0,"max_hp_loss":4.0,"gold_gain":0.0,"event_name":"Winding Halls","player_choice":"Max HP","floor":36.0,"gold_loss":0.0,"damage_taken":0.0},{"damage_healed":0.0,"max_hp_gain":0.0,"max_hp_loss":0.0,"gold_gain":0.0,"event_name":"SensoryStone","player_choice":"Memory 3","floor":38.0,"gold_loss":0.0,"damage_taken":10.0}],"is_beta":true,"boss_relics":[{"not_picked":["Runic Pyramid","Tiny House"],"picked":"Snecko Eye"},{"not_picked":["Velvet Choker","Calling Bell"],"picked":"Sozu"}],"items_purged_floors":[10,37,47],"is_endless":false,"potions_floor_spawned":[1,12,13,18,20,25,27,30,39,42],"ascension_level":17}