{"gold_per_floor":[118,130,16,16,36,36,62,62,62,62,87,106,132,151,151,247,247,267,267,285,285],"floor_reached":21,"playtime":883,"items_purged":["Strike_R"],"score":259,"play_id":"926e2d80-d156-44e9-9fe9-758c10d0e5b0","local_time":"20190927101144","is_ascension_mode":true,"campfire_choices":[{"floor":6,"key":"REST"},{"data":"Searing Blow","floor":8,"key":"SMITH"},{"floor":10,"key":"REST"},{"floor":15,"key":"REST"}],"neow_cost":"NONE","seed_source_timestamp":1278951937032400,"circlet_count":0,"master_deck":["Strike_R","Strike_R","Strike_R","Strike_R+1","Defend_R","Defend_R+1","Defend_R","Defend_R","Bash","Intimidate","Flex","Carnage","Searing Blow+1","Uppercut","Armaments","Feel No Pain","Demon Form","Parasite","Parasite","Regret","Writhe","Heavy Blade"],"relics":["Runic Dome","Pantograph","Singing Bowl","Letter Opener","Blue Candle","Calling Bell","Strawberry","Gremlin Horn","Peace Pipe","Meat on the Bone"],"potions_floor_usage":[11,16,16,21],"damage_taken":[{"damage":1,"enemies":"Cultist","floor":1,"turns":3},{"damage":1,"enemies":"2 Louse","floor":2,"turns":3},{"damage":4,"enemies":"Small Slimes","floor":5,"turns":2},{"damage":27,"enemies":"Lagavulin","floor":7,"turns":4},{"damage":7,"enemies":"3 Sentries","floor":11,"turns":5},{"damage":4,"enemies":"Exordium Wildlife","floor":12,"turns":2},{"damage":13,"enemies":"Gremlin Nob","floor":13,"turns":3},{"damage":4,"enemies":"Lots of Slimes","floor":14,"turns":3},{"damage":46,"enemies":"Hexaghost","floor":16,"turns":9},{"damage":18,"enemies":"Chosen","floor":18,"turns":6},{"damage":26,"enemies":"Shell Parasite","floor":20,"turns":5},{"damage":51,"enemies":"Masked Bandits","floor":21,"turns":3}],"seed_played":"1102177735519946749","potions_obtained":[{"floor":1,"key":"Fire Potion"},{"floor":13,"key":"AttackPotion"},{"floor":14,"key":"Energy Potion"},{"floor":16,"key":"SteroidPotion"}],"is_trial":false,"path_per_floor":["M","M","$","?","M","R","E","R","T","R","E","M","E","M","R","B",null,"M","?","M","?"],"character_chosen":"IRONCLAD","items_purchased":["Carnage"],"campfire_rested":3,"item_purchase_floors":[3],"current_hp_per_floor":[71,70,70,54,50,74,47,47,47,71,66,62,49,47,72,38,80,64,64,50,0],"gold":285,"neow_bonus":"BOSS_RELIC","is_prod":false,"is_daily":false,"chose_seed":false,"campfire_upgraded":1,"win_rate":0,"timestamp":1569593504,"path_taken":["M","M","$","?","M","R","E","R","T","R","E","M","E","M","R","BOSS","M","?","M","?"],"build_version":"2019-07-17","purchased_purges":1,"victory":false,"max_hp_per_floor":[80,80,80,80,80,80,80,80,80,80,82,82,82,84,84,84,91,93,93,93,93],"card_choices":[{"not_picked":["True Grit","Clash"],"picked":"Intimidate","floor":1},{"not_picked":["Cleave","Pommel Strike"],"picked":"Flex","floor":2},{"not_picked":["Wild Strike","Second Wind"],"picked":"Searing Blow","floor":5},{"not_picked":["Perfected Strike","Clash"],"picked":"Uppercut","floor":7},{"not_picked":["Sword Boomerang","Cleave","Headbutt"],"picked":"Singing Bowl","floor":11},{"not_picked":["Heavy Blade","Anger"],"picked":"Armaments","floor":12},{"not_picked":["Warcry","Brutality"],"picked":"Feel No Pain","floor":13},{"not_picked":["Warcry","Sword Boomerang","Iron Wave"],"picked":"Singing Bowl","floor":14},{"not_picked":["Exhume","Bludgeon"],"picked":"Demon Form","floor":16},{"not_picked":["Twin Strike","Clash","Armaments"],"picked":"Singing Bowl","floor":18},{"not_picked":["Clothesline","Armaments"],"picked":"Heavy Blade","floor":20}],"player_experience":123510,"relics_obtained":[{"floor":7,"key":"Pantograph"},{"floor":9,"key":"Singing Bowl"},{"floor":11,"key":"Letter Opener"},{"floor":13,"key":"Blue Candle"},{"floor":17,"key":"Strawberry"},{"floor":17,"key":"Gremlin Horn"},{"floor":17,"key":"Peace Pipe"}],"event_choices":[{"damage_healed":0,"gold_gain":0,"player_choice":"Entered Light","damage_taken":16,"max_hp_gain":0,"max_hp_loss":0,"event_name":"Shining Light","floor":4,"gold_loss":0,"cards_upgraded":["Strike_R","Defend_R"]},{"damage_healed":0,"gold_gain":0,"player_choice":"Opened","damage_taken":0,"relics_obtained":["Meat on the Bone"],"max_hp_gain":0,"max_hp_loss":0,"event_name":"The Mausoleum","floor":19,"gold_loss":0,"cards_obtained":["Writhe"]},{"damage_healed":0,"gold_gain":0,"player_choice":"Fought Bandits","damage_taken":0,"max_hp_gain":0,"max_hp_loss":0,"event_name":"Masked Bandits","floor":21,"gold_loss":0}],"is_beta":false,"boss_relics":[{"not_picked":["Eternal Feather","Velvet Choker"],"picked":"Calling Bell"}],"items_purged_floors":[3],"is_endless":false,"potions_floor_spawned":[1,13,14,16],"killed_by":"Masked Bandits","ascension_level":6}