{"gold_per_floor":[115,133,149,162,162,162,189,201,236,278,310,322,368,394,406,495,507,537,576,513,182,192,192,226,226,226,226,276,287,319,336,336,410,410,424,424,439,449,75,75,95,111,111,137,43,43,17,51,51,51],"floor_reached":50,"playtime":3798,"items_purged":["Strike_G"],"score":1295,"play_id":"a386546e-ba9f-483e-a7be-a12468ff4c18","local_time":"20190630132003","is_ascension_mode":true,"campfire_choices":[{"data":"Corpse Explosion","floor":6,"key":"SMITH"},{"floor":8,"key":"REST"},{"data":"Crippling Poison","floor":15,"key":"SMITH"},{"data":"Dash","floor":23,"key":"SMITH"},{"data":"Backflip","floor":25,"key":"SMITH"},{"floor":27,"key":"REST"},{"data":"Crippling Poison","floor":32,"key":"SMITH"},{"data":"Envenom","floor":40,"key":"SMITH"},{"data":"Footwork","floor":46,"key":"SMITH"},{"floor":49,"key":"RECALL"}],"neow_cost":"NONE","seed_source_timestamp":919683138860864,"circlet_count":0,"master_deck":["AscendersBane","Defend_G","Defend_G","Defend_G","Defend_G","Defend_G","Strike_G","Strike_G","Survivor","Neutralize+1","Flying Knee","Infinite Blades","Poisoned Stab","Corpse Explosion+1","Cloak And Dagger","Dash+1","Crippling Poison+1","PiercingWail","Adrenaline","Backflip+1","Secret Technique","Skewer+1","Crippling Poison+1","Envenom+1","PiercingWail","Crippling Poison+1","PiercingWail","Cloak And Dagger","Concentrate","Concentrate","PiercingWail","Acrobatics+1","Footwork+1","Backflip","Dodge and Roll","Envenom"],"relics":["Ring of the Snake","MawBank","Potion Belt","Orichalcum","Gremlin Horn","Runic Dome","Red Mask","Bag of Preparation","Tough Bandages","Strawberry","Runic Pyramid","Paper Crane","Pear","Centennial Puzzle"],"potions_floor_usage":[7,10,13,30,30],"damage_taken":[{"damage":2,"enemies":"Jaw Worm","floor":1,"turns":6},{"damage":0,"enemies":"Small Slimes","floor":2,"turns":4},{"damage":4,"enemies":"Cultist","floor":3,"turns":4},{"damage":0,"enemies":"3 Louse","floor":4,"turns":4},{"damage":17,"enemies":"Lagavulin","floor":7,"turns":5},{"damage":1,"enemies":"3 Sentries","floor":10,"turns":4},{"damage":0,"enemies":"2 Fungi Beasts","floor":11,"turns":2},{"damage":15,"enemies":"Gremlin Nob","floor":13,"turns":4},{"damage":0,"enemies":"Exordium Wildlife","floor":14,"turns":2},{"damage":6,"enemies":"Hexaghost","floor":16,"turns":9},{"damage":16,"enemies":"Shell Parasite","floor":18,"turns":7},{"damage":2,"enemies":"Masked Bandits","floor":19,"turns":3},{"damage":0,"enemies":"3 Byrds","floor":22,"turns":4},{"damage":23,"enemies":"Gremlin Leader","floor":24,"turns":5},{"damage":0,"enemies":"3 Cultists","floor":29,"turns":3},{"damage":0,"enemies":"Book of Stabbing","floor":30,"turns":5},{"damage":0,"enemies":"Snake Plant","floor":31,"turns":3},{"damage":22,"enemies":"Automaton","floor":33,"turns":10},{"damage":0,"enemies":"3 Shapes","floor":35,"turns":2},{"damage":0,"enemies":"3 Darklings","floor":37,"turns":2},{"damage":0,"enemies":"Sphere and 2 Shapes","floor":38,"turns":3},{"damage":9,"enemies":"Maw","floor":41,"turns":7},{"damage":13,"enemies":"Transient","floor":42,"turns":6},{"damage":13,"enemies":"Reptomancer","floor":44,"turns":8},{"damage":15,"enemies":"Nemesis","floor":48,"turns":11},{"damage":30,"enemies":"Time Eater","floor":50,"turns":7}],"seed_played":"-1108161444063110288","potions_obtained":[{"floor":1,"key":"Poison Potion"},{"floor":3,"key":"Dexterity Potion"},{"floor":4,"key":"PowerPotion"},{"floor":10,"key":"Swift Potion"},{"floor":19,"key":"Fire Potion"},{"floor":22,"key":"SteroidPotion"},{"floor":24,"key":"PowerPotion"},{"floor":38,"key":"Energy Potion"},{"floor":41,"key":"Dexterity Potion"},{"floor":48,"key":"GhostInAJar"}],"is_trial":false,"path_per_floor":["M","M","M","M","?","R","E","R","T","E","M","?","E","M","R","B",null,"M","?","?","$","M","R","E","R","T","R","?","M","E","M","R","B",null,"M","?","M","M","$","R","M","M","T","E","$","R","$","E","R","B"],"character_chosen":"THE_SILENT","items_purchased":["Secret Technique","Explosive Potion","Paper Crane","Concentrate","Footwork","Backflip","Dodge and Roll"],"campfire_rested":2,"item_purchase_floors":[21,21,39,39,45,45,47],"current_hp_per_floor":[63,63,59,59,52,52,35,56,56,55,55,55,40,40,40,34,63,47,45,45,45,45,45,22,22,22,43,43,43,50,50,50,28,66,66,66,66,66,66,66,57,44,44,41,41,41,41,26,26,0],"gold":51,"neow_bonus":"TEN_PERCENT_HP_BONUS","is_prod":false,"is_daily":false,"chose_seed":false,"campfire_upgraded":7,"win_rate":0,"timestamp":1561915203,"path_taken":["M","M","M","M","?","R","E","R","T","E","M","?","E","M","R","BOSS","M","?","?","$","M","R","E","R","T","R","?","?","E","M","R","BOSS","M","?","?","M","$","R","M","M","T","E","$","R","?","E","R","BOSS"],"build_version":"2019-01-23","purchased_purges":1,"victory":false,"max_hp_per_floor":[72,72,72,72,72,72,72,72,72,72,72,72,72,72,72,72,72,72,72,72,72,72,72,72,72,72,72,72,72,79,79,79,79,79,79,79,79,79,79,79,79,79,79,89,89,89,89,89,89,89],"card_choices":[{"not_picked":["Distraction","Cloak And Dagger"],"picked":"Flying Knee","floor":1},{"not_picked":["Flying Knee","Dagger Spray"],"picked":"Infinite Blades","floor":2},{"not_picked":["Deflect","Riddle With Holes"],"picked":"Poisoned Stab","floor":3},{"not_picked":["Bane","Skewer"],"picked":"Corpse Explosion","floor":4},{"not_picked":["Calculated Gamble","Corpse Explosion"],"picked":"Cloak And Dagger","floor":7},{"not_picked":["Acrobatics","Poisoned Stab","Blade Dance"],"picked":"SKIP","floor":10},{"not_picked":["Expertise","Tactician"],"picked":"Dash","floor":11},{"not_picked":["Infinite Blades","Sucker Punch"],"picked":"Crippling Poison","floor":13},{"not_picked":["Quick Slash","Dodge and Roll"],"picked":"PiercingWail","floor":14},{"not_picked":["Malaise","Corpse Explosion"],"picked":"Adrenaline","floor":16},{"not_picked":["Dagger Spray","Slice","Quick Slash"],"picked":"SKIP","floor":18},{"not_picked":["Accuracy","Bane"],"picked":"Backflip","floor":19},{"not_picked":["Endless Agony","Expertise","Dagger Spray"],"picked":"SKIP","floor":22},{"not_picked":["Sucker Punch","Heel Hook+1"],"picked":"Skewer+1","floor":24},{"not_picked":["Dodge and Roll","Dagger Throw","Quick Slash+1"],"picked":"SKIP","floor":29},{"not_picked":["Quick Slash","Escape Plan","Underhanded Strike"],"picked":"SKIP","floor":30},{"not_picked":["Dagger Throw","Doppelganger"],"picked":"Crippling Poison","floor":31},{"not_picked":["Storm of Steel","Doppelganger"],"picked":"Envenom","floor":33},{"not_picked":["Blur","Reflex"],"picked":"PiercingWail","floor":35},{"not_picked":["Sucker Punch","Deflect"],"picked":"PiercingWail","floor":37},{"not_picked":["All Out Attack+1","Deadly Poison"],"picked":"Cloak And Dagger","floor":38},{"not_picked":["Skewer+1","All Out Attack"],"picked":"Concentrate","floor":41},{"not_picked":["Cloak And Dagger","Outmaneuver"],"picked":"PiercingWail","floor":42},{"not_picked":["Blade Dance+1","Predator"],"picked":"Acrobatics+1","floor":44},{"not_picked":["Infinite Blades+1","Sucker Punch"],"picked":"Envenom","floor":48}],"player_experience":949441,"relics_obtained":[{"floor":7,"key":"MawBank"},{"floor":9,"key":"Potion Belt"},{"floor":10,"key":"Orichalcum"},{"floor":13,"key":"Gremlin Horn"},{"floor":19,"key":"Red Mask"},{"floor":24,"key":"Bag of Preparation"},{"floor":26,"key":"Tough Bandages"},{"floor":30,"key":"Strawberry"},{"floor":44,"key":"Pear"},{"floor":48,"key":"Centennial Puzzle"}],"event_choices":[{"cards_removed":["Strike_G"],"damage_healed":0,"gold_gain":0,"player_choice":"Card Removal","damage_taken":7,"max_hp_gain":0,"max_hp_loss":0,"event_name":"Golden Wing","floor":5,"gold_loss":0},{"damage_healed":0,"gold_gain":0,"player_choice":"Forge","damage_taken":0,"max_hp_gain":0,"max_hp_loss":0,"event_name":"Accursed Blacksmith","floor":12,"gold_loss":0,"cards_upgraded":["Neutralize"]},{"damage_healed":0,"gold_gain":0,"player_choice":"Fought Bandits","damage_taken":0,"max_hp_gain":0,"max_hp_loss":0,"event_name":"Masked Bandits","floor":19,"gold_loss":0},{"cards_removed":["Strike_G"],"damage_healed":0,"gold_gain":0,"player_choice":"Gave Gold","damage_taken":0,"max_hp_gain":0,"max_hp_loss":0,"event_name":"Beggar","floor":20,"gold_loss":75},{"damage_healed":0,"gold_gain":50,"player_choice":"Stole From Cult","damage_taken":0,"max_hp_gain":0,"max_hp_loss":0,"event_name":"Nest","floor":28,"gold_loss":0},{"damage_healed":0,"gold_gain":0,"player_choice":"Copied","damage_taken":0,"max_hp_gain":0,"max_hp_loss":0,"event_name":"Duplicator","floor":36,"gold_loss":0,"cards_obtained":["Crippling Poison"]}],"is_beta":false,"boss_relics":[{"not_picked":["White Beast Statue","Lizard Tail"],"picked":"Runic Dome"},{"not_picked":["HoveringKite","Eternal Feather"],"picked":"Runic Pyramid"}],"items_purged_floors":[21],"is_endless":false,"potions_floor_spawned":[1,3,4,10,19,22,24,38,41,42,48],"killed_by":"Time Eater","ascension_level":20}