{"gold_per_floor":[115,129,129,54,54,76,85,85],"floor_reached":8,"playtime":97,"items_purged":[],"score":182,"play_id":"4e2849ca-da56-49aa-aead-846800339a1b","local_time":"20190907011256","is_ascension_mode":true,"campfire_choices":[],"neow_cost":"NONE","seed_source_timestamp":47570047511289,"circlet_count":0,"master_deck":["Strike_R","Strike_R","Strike_R","Defend_R","Defend_R","Defend_R","Defend_R","Bash","AscMod:ascendersbane","Battle Trance","Inflame"],"special_seed":0,"relics":["Burning Blood","NeowsBlessing","Vajra"],"potions_floor_usage":[],"damage_taken":[{"damage":0.0,"enemies":"2 Louse","floor":1.0,"turns":1.0},{"damage":0.0,"enemies":"Small Slimes","floor":2.0,"turns":1.0},{"damage":0,"enemies":"Gremlin Nob","floor":6,"turns":1},{"damage":7,"enemies":"Cultist","floor":7,"turns":5},{"damage":7,"enemies":"Exordium Wildlife","floor":8,"turns":2}],"seed_played":"1207312841282431820","potions_obtained":[{"floor":7,"key":"PowerPotion"}],"is_trial":false,"path_per_floor":["M","M","?","?","?","E","M","M"],"character_chosen":"IRONCLAD","items_purchased":[],"campfire_rested":0,"item_purchase_floors":[],"current_hp_per_floor":[73,75,79,79,79,80,78,71],"gold":85,"neow_bonus":"THREE_ENEMY_KILL","is_prod":false,"is_daily":false,"chose_seed":false,"campfire_upgraded":0,"win_rate":0,"timestamp":1567793576,"path_taken":["M","M","?","?","?","E","M","M"],"build_version":"2019-07-17","purchased_purges":0,"victory":false,"max_hp_per_floor":[75,75,80,80,80,80,80,80],"card_choices":[{"not_picked":["Headbutt","Wild Strike","Sentinel"],"picked":"SKIP","floor":1.0},{"not_picked":["Armaments","Shrug It Off"],"picked":"Battle Trance","floor":2.0},{"not_picked":["Anger","Body Slam","Twin Strike"],"picked":"SKIP","floor":6},{"not_picked":["Carnage","Bloodletting","Headbutt"],"picked":"SKIP","floor":7}],"player_experience":1147814,"relics_obtained":[{"floor":6,"key":"Vajra"}],"event_choices":[{"damage_healed":0.0,"max_hp_gain":5.0,"max_hp_loss":0.0,"gold_gain":0.0,"event_name":"Big Fish","player_choice":"Donut","floor":3.0,"gold_loss":0.0,"damage_taken":0.0},{"cards_removed":["Strike_R"],"damage_healed":0.0,"max_hp_gain":0.0,"max_hp_loss":0.0,"gold_gain":0.0,"event_name":"The Cleric","player_choice":"Card Removal","floor":4.0,"gold_loss":75.0,"damage_taken":0.0},{"damage_healed":0,"gold_gain":0,"cards_transformed":["Strike_R"],"player_choice":"Transformed","damage_taken":0,"max_hp_gain":0,"max_hp_loss":0,"event_name":"Transmorgrifier","floor":5,"gold_loss":0,"cards_obtained":["Inflame"]}],"is_beta":false,"boss_relics":[],"items_purged_floors":[],"is_endless":false,"potions_floor_spawned":[7],"killed_by":"Exordium Wildlife","ascension_level":25}