{"gold_per_floor":[115,80,80,94,107,122,122,135,135,135,162,38,364,382,382,486,486,496,421,421,142,153,153,153,153,178,178,196,196,196,212,212,212],"floor_reached":33,"playtime":1423,"items_purged":["Strike_R","Strike_R"],"score":341,"play_id":"1a2c3ee9-a908-40d9-a7d5-063bffcbbec0","local_time":"20190926051312","is_ascension_mode":true,"campfire_choices":[{"data":"Body Slam","floor":7,"key":"SMITH"},{"data":"Feed","floor":10,"key":"SMITH"},{"floor":15,"key":"REST"},{"floor":23,"key":"REST"},{"floor":25,"key":"REST"},{"data":"Whirlwind","floor":27,"key":"SMITH"},{"data":"Seeing Red","floor":29,"key":"SMITH"},{"floor":32,"key":"REST"}],"neow_cost":"NONE","seed_source_timestamp":1174099982021000,"circlet_count":0,"master_deck":["Strike_R","Strike_R","Defend_R","Defend_R","Defend_R","Defend_R","Bash","Body Slam+1","Flame Barrier","Iron Wave","Feed+1","Heavy Blade","Body Slam","Twin Strike","Seeing Red+1","Double Tap","Disarm","Metallicize","Whirlwind+1","Armaments","Flame Barrier"],"relics":["Mark of Pain","GremlinMask","Darkstone Periapt","Bronze Scales","Old Coin","Sozu","Oddly Smooth Stone"],"potions_floor_usage":[11,16,18,24],"damage_taken":[{"damage":18,"enemies":"Jaw Worm","floor":1,"turns":4},{"damage":1,"enemies":"Cultist","floor":4,"turns":3},{"damage":0,"enemies":"2 Louse","floor":5,"turns":3},{"damage":1,"enemies":"Looter","floor":6,"turns":3},{"damage":5,"enemies":"Large Slime","floor":8,"turns":6},{"damage":23,"enemies":"3 Sentries","floor":11,"turns":7},{"damage":36,"enemies":"Lagavulin","floor":13,"turns":6},{"damage":0,"enemies":"Exordium Wildlife","floor":14,"turns":3},{"damage":33,"enemies":"Hexaghost","floor":16,"turns":9},{"damage":18,"enemies":"2 Thieves","floor":18,"turns":4},{"damage":13,"enemies":"Shell Parasite","floor":22,"turns":5},{"damage":50,"enemies":"Gremlin Leader","floor":24,"turns":8},{"damage":18,"enemies":"Centurion and Healer","floor":28,"turns":5},{"damage":23,"enemies":"Colosseum Slavers","floor":30,"turns":6},{"damage":12,"enemies":"Snake Plant","floor":31,"turns":2},{"damage":45,"enemies":"Champ","floor":33,"turns":7}],"seed_played":"5891488150819551750","potions_obtained":[{"floor":4,"key":"Swift Potion"},{"floor":5,"key":"SmokeBomb"},{"floor":6,"key":"AttackPotion"},{"floor":16,"key":"GamblersBrew"}],"is_trial":false,"path_per_floor":["M","?","?","M","M","M","R","M","T","R","E","$","E","M","R","B",null,"M","?","?","$","M","R","E","R","T","R","M","R","?","M","R","B"],"character_chosen":"IRONCLAD","items_purchased":["Body Slam","Metallicize","Whirlwind","Armaments"],"campfire_rested":4,"item_purchase_floors":[12,21,21,21],"current_hp_per_floor":[62,80,80,79,79,78,78,73,73,73,54,54,22,22,48,15,88,74,74,74,74,61,88,38,65,65,65,47,47,28,16,44,0],"gold":212,"neow_bonus":"BOSS_RELIC","is_prod":false,"is_daily":false,"chose_seed":false,"campfire_upgraded":4,"win_rate":0,"timestamp":1569489192,"path_taken":["M","?","?","M","M","M","R","M","T","R","E","$","E","?","R","BOSS","M","?","?","$","M","R","E","R","T","R","M","R","?","M","R","BOSS"],"build_version":"2019-07-17","purchased_purges":2,"victory":false,"max_hp_per_floor":[80,80,80,80,80,80,80,80,80,80,84,84,88,88,88,88,88,92,92,92,92,92,92,92,92,92,92,92,92,96,96,96,96],"card_choices":[{"not_picked":["Clothesline","Warcry"],"picked":"Body Slam","floor":1},{"not_picked":["Power Through","Clash"],"picked":"Flame Barrier","floor":4},{"not_picked":["Pommel Strike","Bloodletting"],"picked":"Iron Wave","floor":5},{"not_picked":["Burning Pact","Perfected Strike","Clash"],"picked":"SKIP","floor":6},{"not_picked":["Flex","Sword Boomerang"],"picked":"Feed","floor":8},{"not_picked":["Sword Boomerang","Blood for Blood"],"picked":"Heavy Blade","floor":11},{"not_picked":["Clothesline","Fire Breathing"],"picked":"Twin Strike","floor":13},{"not_picked":["Thunderclap","Iron Wave"],"picked":"Seeing Red","floor":14},{"not_picked":["Exhume","Dark Embrace"],"picked":"Double Tap","floor":16},{"not_picked":["Clash","Iron Wave"],"picked":"Disarm","floor":18},{"not_picked":["Clothesline","Disarm","Warcry"],"picked":"SKIP","floor":22},{"not_picked":["Evolve","Armaments","Clash"],"picked":"SKIP","floor":28},{"not_picked":["True Grit","Rage+1"],"picked":"Flame Barrier","floor":31}],"player_experience":91203,"relics_obtained":[{"floor":9,"key":"Darkstone Periapt"},{"floor":11,"key":"Bronze Scales"},{"floor":13,"key":"Old Coin"},{"floor":26,"key":"Oddly Smooth Stone"}],"event_choices":[{"damage_healed":20,"gold_gain":0,"player_choice":"Healed","damage_taken":0,"max_hp_gain":0,"max_hp_loss":0,"event_name":"The Cleric","floor":2,"gold_loss":35},{"damage_healed":0,"gold_gain":0,"player_choice":"Trade","damage_taken":0,"relics_obtained":["GremlinMask"],"max_hp_gain":0,"max_hp_loss":0,"event_name":"FaceTrader","floor":3,"gold_loss":0},{"cards_removed":["Strike_R"],"damage_healed":0,"gold_gain":0,"player_choice":"Gave Gold","damage_taken":0,"max_hp_gain":0,"max_hp_loss":0,"event_name":"Beggar","floor":19,"gold_loss":75},{"damage_healed":0,"gold_gain":0,"player_choice":"Ignored","damage_taken":0,"max_hp_gain":0,"max_hp_loss":0,"event_name":"Ghosts","floor":20,"gold_loss":0},{"damage_healed":0,"gold_gain":0,"player_choice":"Fight","damage_taken":0,"max_hp_gain":0,"max_hp_loss":0,"event_name":"Colosseum","floor":30,"gold_loss":0},{"damage_healed":0,"gold_gain":0,"player_choice":"Fled From Nobs","damage_taken":0,"max_hp_gain":0,"max_hp_loss":0,"event_name":"Colosseum","floor":30,"gold_loss":0}],"is_beta":false,"boss_relics":[{"not_picked":["Busted Crown","White Beast Statue"],"picked":"Sozu"}],"items_purged_floors":[12,21],"is_endless":false,"potions_floor_spawned":[4,5,6,16,22,30,31],"killed_by":"Champ","ascension_level":3}