{"gold_per_floor":[116,131,131,131,144,144,144,144,171,208,232,244,15,50,50,152,152,164,164,89,105,105,105],"floor_reached":23,"playtime":1198,"items_purged":[],"score":217,"play_id":"99a1a07c-91d3-46de-835d-48c0be1500bc","local_time":"20190908180536","is_ascension_mode":true,"campfire_choices":[{"data":"Chaos","floor":6.0,"key":"SMITH"},{"floor":8.0,"key":"REST"},{"floor":12.0,"key":"REST"},{"floor":15.0,"key":"REST"}],"neow_cost":"NONE","seed_source_timestamp":0,"circlet_count":0,"master_deck":["Strike_B+1","Strike_B+1","Defend_B","Defend_B","Zap","Dualcast","Chaos+1","Gash","Darkness+1","Fusion","Consume","Meteor Strike","Lockon","Sunder","Echo Form","Capacitor","Core Surge","Force Field","Coolheaded+1"],"special_seed":0,"relics":["Cracked Core","Bird Faced Urn","MawBank","Bag of Preparation","Vajra","Runic Pyramid","Regal Pillow"],"potions_floor_usage":[],"damage_taken":[{"damage":6.0,"enemies":"2 Louse","floor":1.0,"turns":3.0},{"damage":0.0,"enemies":"Small Slimes","floor":2.0,"turns":2.0},{"damage":7.0,"enemies":"Jaw Worm","floor":5.0,"turns":3.0},{"damage":24.0,"enemies":"Lagavulin","floor":10.0,"turns":4.0},{"damage":11.0,"enemies":"2 Fungi Beasts","floor":11.0,"turns":3.0},{"damage":24.0,"enemies":"3 Sentries","floor":14.0,"turns":5.0},{"damage":24.0,"enemies":"The Guardian","floor":16.0,"turns":10.0},{"damage":23,"enemies":"Shell Parasite","floor":18,"turns":3},{"damage":50,"enemies":"2 Thieves","floor":21,"turns":5},{"damage":13,"enemies":"Book of Stabbing","floor":23,"turns":2}],"seed_played":"-3992557733600785631","potions_obtained":[{"floor":10.0,"key":"SpeedPotion"},{"floor":11.0,"key":"Explosive Potion"},{"floor":18,"key":"GamblersBrew"}],"is_trial":false,"path_per_floor":["M","M","?","?","M","R","?","R","T","E","M","R","$","E","R","B",null,"M","?","?","M","?","E"],"character_chosen":"DEFECT","items_purchased":["Meteor Strike","Lockon"],"campfire_rested":3,"item_purchase_floors":[13,13],"current_hp_per_floor":[69,69,69,54,47,47,29,51,51,27,16,38,38,14,36,12,75,52,52,52,8,8,0],"gold":105,"neow_bonus":"TRANSFORM_CARD","is_prod":false,"is_daily":false,"chose_seed":false,"campfire_upgraded":1,"win_rate":0,"timestamp":1567983936,"path_taken":["M","M","?","?","M","R","?","R","T","E","M","R","?","E","R","BOSS","M","?","?","M","?","E"],"build_version":"2019-07-17","purchased_purges":0,"victory":false,"max_hp_per_floor":[75,75,75,75,75,75,75,75,75,75,75,75,75,75,75,75,75,75,75,75,75,75,75],"card_choices":[{"not_picked":["Hologram","Turbo"],"picked":"Gash","floor":1.0},{"not_picked":["Hologram","Coolheaded"],"picked":"Darkness","floor":2.0},{"not_picked":["Steam","Stack","Streamline"],"picked":"SKIP","floor":5.0},{"not_picked":["Steam","Hologram"],"picked":"Fusion","floor":10.0},{"not_picked":["Cold Snap","Recycle"],"picked":"Consume","floor":11.0},{"not_picked":["Hello World","Hologram"],"picked":"Sunder","floor":14.0},{"not_picked":["Biased Cognition","Amplify"],"picked":"Echo Form","floor":16.0},{"not_picked":["Barrage+1","Skim"],"picked":"Capacitor","floor":18},{"not_picked":["Auto Shields","Stack"],"picked":"Coolheaded+1","floor":21}],"player_experience":192762,"relics_obtained":[{"floor":9.0,"key":"MawBank"},{"floor":10.0,"key":"Bag of Preparation"},{"floor":14.0,"key":"Vajra"}],"event_choices":[{"damage_healed":0.0,"max_hp_gain":0.0,"max_hp_loss":0.0,"gold_gain":0.0,"event_name":"Living Wall","player_choice":"Grow","floor":3.0,"gold_loss":0.0,"damage_taken":0.0,"cards_upgraded":["Darkness"]},{"damage_healed":0.0,"max_hp_gain":0.0,"max_hp_loss":0.0,"gold_gain":0.0,"event_name":"Shining Light","player_choice":"Entered Light","floor":4.0,"gold_loss":0.0,"damage_taken":15.0,"cards_upgraded":["Strike_B","Strike_B"]},{"damage_healed":0.0,"max_hp_gain":0.0,"max_hp_loss":0.0,"gold_gain":0.0,"event_name":"Scrap Ooze","player_choice":"Success","floor":7.0,"gold_loss":0.0,"damage_taken":18.0,"relics_obtained":["Bird Faced Urn"]},{"damage_healed":0,"gold_gain":0,"cards_transformed":["Strike_B","Defend_B"],"player_choice":"Became Test Subject","damage_taken":0,"max_hp_gain":0,"max_hp_loss":0,"event_name":"Drug Dealer","floor":19,"gold_loss":0,"cards_obtained":["Core Surge","Force Field"]},{"cards_removed":["Strike_B"],"damage_healed":0,"gold_gain":0,"player_choice":"Gave Gold","damage_taken":0,"max_hp_gain":0,"max_hp_loss":0,"event_name":"Beggar","floor":20,"gold_loss":75},{"damage_healed":0,"gold_gain":0,"player_choice":"Gave Potion","damage_taken":0,"relics_obtained":["Regal Pillow"],"max_hp_gain":0,"max_hp_loss":0,"event_name":"WeMeetAgain","floor":22,"gold_loss":0}],"is_beta":false,"boss_relics":[{"not_picked":["Pandora\u0027s Box","Runic Dome"],"picked":"Runic Pyramid"}],"items_purged_floors":[],"is_endless":false,"potions_floor_spawned":[10,11,18],"killed_by":"Book of Stabbing","ascension_level":2}