{"gold_per_floor":[114,189,189,100,114,182,182,159,189,204,204,204,234,68,68,140,140,157,157,55,72,90,90,115,115,115,115,134,134],"floor_reached":29,"playtime":2836,"items_purged":[],"score":418,"play_id":"203ff8cb-b0e3-47da-a3a7-1479400e553f","local_time":"20190604234637","is_ascension_mode":true,"campfire_choices":[{"floor":7,"key":"REST"},{"floor":11,"key":"REST"},{"floor":15,"key":"REST"},{"floor":23,"key":"REST"},{"floor":25,"key":"REST"},{"data":"Footwork","floor":27,"key":"SMITH"}],"neow_cost":"NONE","seed_source_timestamp":1833539734965098,"circlet_count":0,"master_deck":["AscendersBane","Survivor+1","Neutralize","Accuracy+1","Die Die Die","All Out Attack","Reflex","Grand Finale","Eviscerate","Heel Hook","Footwork+1","Caltrops","Doppelganger","Deflect","Well Laid Plans","Backflip","Crippling Poison","Sucker Punch","Cloak And Dagger","Storm of Steel+1","Bouncing Flask","Bandage Up","Doppelganger","Infinite Blades","Infinite Blades","Deadly Poison","Blade Dance"],"relics":["Pandora\u0027s Box","Tiny Chest","Snake Skull","Centennial Puzzle","Busted Crown","Shuriken","Pantograph"],"potions_floor_usage":[24,28,29],"damage_taken":[{"damage":0,"enemies":"2 Louse","floor":1,"turns":2},{"damage":1,"enemies":"Small Slimes","floor":5,"turns":4},{"damage":5,"enemies":"Jaw Worm","floor":10,"turns":3},{"damage":42,"enemies":"Gremlin Nob","floor":13,"turns":5},{"damage":12,"enemies":"Hexaghost","floor":16,"turns":7},{"damage":5,"enemies":"3 Byrds","floor":18,"turns":3},{"damage":22,"enemies":"Spheric Guardian","floor":21,"turns":4},{"damage":0,"enemies":"Centurion and Healer","floor":22,"turns":5},{"damage":24,"enemies":"Book of Stabbing","floor":24,"turns":5},{"damage":26,"enemies":"Snake Plant","floor":28,"turns":4},{"damage":46,"enemies":"Slavers","floor":29,"turns":3}],"seed_played":"13561343935745626","potions_obtained":[{"floor":10,"key":"Ancient Potion"},{"floor":21,"key":"GhostInAJar"},{"floor":24,"key":"Weak Potion"}],"is_trial":false,"path_per_floor":["M","?","?","$","M","?","R","$","T","M","R","T","E","$","R","B",null,"M","?","$","M","M","R","E","R","T","R","M","E"],"character_chosen":"THE_SILENT","items_purchased":["Well Laid Plans","Backflip","Sucker Punch","Bouncing Flask","Bandage Up","Infinite Blades","Deadly Poison"],"campfire_rested":5,"item_purchase_floors":[4,4,8,14,14,20,20],"current_hp_per_floor":[59,48,28,28,27,27,46,46,46,41,60,60,18,18,37,29,57,56,56,56,38,38,57,37,56,56,56,34,0],"gold":134,"neow_bonus":"BOSS_RELIC","is_prod":false,"is_daily":false,"chose_seed":false,"campfire_upgraded":1,"win_rate":0,"timestamp":1559709997,"path_taken":["M","?","?","$","M","?","R","$","T","M","R","?","E","$","R","BOSS","M","?","$","M","M","R","E","R","T","R","M","E"],"build_version":"2019-01-23","purchased_purges":0,"victory":false,"max_hp_per_floor":[66,66,66,66,66,66,66,66,66,66,66,66,66,66,66,66,66,66,66,66,66,66,66,66,66,66,66,66,66],"card_choices":[{"not_picked":["Flying Knee","Choke"],"picked":"Deflect","floor":1},{"not_picked":["Flying Knee","Slice"],"picked":"Crippling Poison","floor":5},{"not_picked":["Sucker Punch","PiercingWail"],"picked":"Cloak And Dagger","floor":10},{"not_picked":["Acrobatics","Outmaneuver"],"picked":"Storm of Steel","floor":13},{"not_picked":["Phantasmal Killer","Grand Finale"],"picked":"Doppelganger","floor":16},{"not_picked":[],"picked":"Infinite Blades","floor":18},{"not_picked":["Prepared"],"picked":"SKIP","floor":21},{"not_picked":[],"picked":"Blade Dance","floor":22},{"not_picked":["Flying Knee"],"picked":"SKIP","floor":24},{"not_picked":["Deflect"],"picked":"SKIP","floor":28}],"player_experience":1241585,"relics_obtained":[{"floor":9,"key":"Tiny Chest"},{"floor":12,"key":"Snake Skull"},{"floor":13,"key":"Centennial Puzzle"},{"floor":24,"key":"Shuriken"},{"floor":26,"key":"Pantograph"}],"event_choices":[{"damage_healed":0,"gold_gain":75,"player_choice":"Gather Gold","damage_taken":11,"max_hp_gain":0,"max_hp_loss":0,"event_name":"World of Goop","floor":2,"gold_loss":0},{"damage_healed":0,"gold_gain":0,"player_choice":"Entered Light","damage_taken":20,"max_hp_gain":0,"max_hp_loss":0,"event_name":"Shining Light","floor":3,"gold_loss":0,"cards_upgraded":["Survivor","Accuracy"]},{"damage_healed":0,"gold_gain":68,"player_choice":"Gained Gold","damage_taken":0,"max_hp_gain":0,"max_hp_loss":0,"event_name":"Golden Wing","floor":6,"gold_loss":0},{"damage_healed":0,"gold_gain":0,"player_choice":"Upgraded","damage_taken":0,"max_hp_gain":0,"max_hp_loss":0,"event_name":"Upgrade Shrine","floor":19,"gold_loss":0,"cards_upgraded":["Storm of Steel"]}],"is_beta":false,"boss_relics":[{"not_picked":["Calling Bell","WristBlade"],"picked":"Busted Crown"}],"items_purged_floors":[],"is_endless":false,"potions_floor_spawned":[10,21,24],"killed_by":"Slavers","ascension_level":15}