{"gold_per_floor":[110,130,230,132,307,334,334,334,334,334,354,385,398,437,437,568,568,588,688,676,692,711,711,750,750,750,750,750,378,478,498,498,601,601,618,618,718,731,731,765,34,34,116,116,116,116,135,164,164,164,164,164,14,40,40],"floor_reached":55,"playtime":7584,"items_purged":["Strike_R","Writhe","Defend_R","Defend_R"],"score":846,"play_id":"8761bc94-bc9a-40d4-b375-20fa816dd133","local_time":"20190529212341","is_ascension_mode":true,"campfire_choices":[{"data":"Body Slam","floor":7,"key":"SMITH"},{"data":"Armaments","floor":15,"key":"SMITH"},{"data":"Demon Form","floor":23,"key":"SMITH"},{"data":"Shockwave","floor":27,"key":"SMITH"},{"data":"Flame Barrier","floor":32,"key":"SMITH"},{"data":"Limit Break","floor":42,"key":"SMITH"},{"floor":44,"key":"RECALL"},{"floor":46,"key":"REST"},{"data":"Demon Form","floor":49,"key":"SMITH"},{"data":"Strike_R","floor":52,"key":"PURGE"}],"neow_cost":"NONE","seed_source_timestamp":208889005273836,"circlet_count":0,"master_deck":["Strike_R","Strike_R","Strike_R","Defend_R+1","Defend_R","Bash","Armaments+1","Shrug It Off","Body Slam+1","Shockwave+1","Shrug It Off","Headbutt","Rage+1","Demon Form+1","Flame Barrier+1","Sword Boomerang","Twin Strike","Shrug It Off","Disarm+1","Pummel","Limit Break+1","Shrug It Off+1","Body Slam+1","Madness","Madness","Headbutt","Battle Trance","Metallicize","Metallicize+1","Demon Form+1"],"relics":["Burning Blood","NeowsBlessing","Happy Flower","Bloody Idol","Sundial","Bottled Lightning","War Paint","Sozu","Mummified Hand","Incense Burner","Matryoshka","Question Card","Torii","Pear","Philosopher\u0027s Stone","Peace Pipe","Nunchaku","OrangePellets","Shuriken","Ornamental Fan","StoneCalendar","Letter Opener"],"potions_floor_usage":[30,30,40],"damage_taken":[{"damage":0,"enemies":"Jaw Worm","floor":1,"turns":1},{"damage":0,"enemies":"Cultist","floor":2,"turns":1},{"damage":0,"enemies":"Lagavulin","floor":6,"turns":1},{"damage":0,"enemies":"Small Slimes","floor":11,"turns":4},{"damage":17,"enemies":"3 Sentries","floor":12,"turns":8},{"damage":0,"enemies":"Red Slaver","floor":13,"turns":4},{"damage":15,"enemies":"Lagavulin","floor":14,"turns":5},{"damage":11,"enemies":"Slime Boss","floor":16,"turns":10},{"damage":3,"enemies":"Spheric Guardian","floor":18,"turns":4},{"damage":0,"enemies":"2 Thieves","floor":20,"turns":4},{"damage":0,"enemies":"Centurion and Healer","floor":21,"turns":6},{"damage":15,"enemies":"Shelled Parasite and Fungi","floor":22,"turns":5},{"damage":31,"enemies":"Book of Stabbing","floor":24,"turns":6},{"damage":2,"enemies":"Colosseum Slavers","floor":30,"turns":6},{"damage":12,"enemies":"Colosseum Nobs","floor":30,"turns":5},{"damage":10,"enemies":"Sentry and Sphere","floor":31,"turns":8},{"damage":1,"enemies":"Champ","floor":33,"turns":9},{"damage":0,"enemies":"Orb Walker","floor":35,"turns":3},{"damage":11,"enemies":"Mind Bloom Boss Battle","floor":37,"turns":5},{"damage":1,"enemies":"3 Shapes","floor":38,"turns":5},{"damage":26,"enemies":"Reptomancer","floor":40,"turns":6},{"damage":0,"enemies":"Transient","floor":47,"turns":5},{"damage":18,"enemies":"Giant Head","floor":48,"turns":7},{"damage":50,"enemies":"Donu and Deca","floor":50,"turns":7},{"damage":51,"enemies":"Shield and Spear","floor":54,"turns":5},{"damage":50,"enemies":"The Heart","floor":55,"turns":8}],"seed_played":"2494799012449103159","potions_obtained":[{"floor":1,"key":"SpeedPotion"},{"floor":6,"key":"EssenceOfSteel"},{"floor":12,"key":"Dexterity Potion"},{"floor":14,"key":"Block Potion"}],"is_trial":false,"path_per_floor":["M","M","?","$","?","E","R","?","T","?","M","E","M","E","R","B",null,"M","?","M","M","M","R","E","?","T","R","?","$","?","M","R","B",null,"M","?","?","M","?","E","$","R","T","R","?","R","M","E","R","B",null,"R","$","E","B"],"character_chosen":"IRONCLAD","items_purchased":["Body Slam","Shrug It Off","Question Card","Battle Trance","Metallicize","OrangePellets","Shuriken"],"campfire_rested":1,"item_purchase_floors":[4,29,29,41,41,41,41],"current_hp_per_floor":[80,80,80,80,80,80,80,60,60,53,59,48,54,45,45,40,80,80,80,80,80,71,71,46,46,46,46,46,46,59,60,60,70,90,90,90,90,90,79,64,64,64,69,69,69,90,90,83,83,39,90,90,90,50,0],"gold":40,"neow_bonus":"THREE_ENEMY_KILL","is_prod":false,"is_daily":false,"chose_seed":false,"campfire_upgraded":7,"win_rate":0,"timestamp":1559157821,"path_taken":["M","M","?","?","?","E","R","?","T","?","M","E","M","E","R","BOSS","M","?","M","?","M","R","E","?","T","R","?","$","?","M","R","BOSS","M","?","?","?","?","E","$","R","T","R","?","R","M","E","R","BOSS","R","$","E","BOSS"],"build_version":"2019-01-23","purchased_purges":4,"victory":false,"max_hp_per_floor":[80,80,80,80,80,80,80,80,80,80,80,80,80,80,80,80,80,80,80,80,80,80,80,80,80,80,80,80,80,90,90,90,90,90,90,90,90,90,90,90,90,90,90,90,90,90,90,90,90,90,90,90,90,90,90],"card_choices":[{"not_picked":["Rampage","Anger"],"picked":"Armaments","floor":1},{"not_picked":["Pommel Strike","Perfected Strike"],"picked":"Shrug It Off","floor":2},{"not_picked":["Sentinel","Combust","Heavy Blade"],"picked":"SKIP","floor":6},{"not_picked":["Second Wind","Fire Breathing"],"picked":"Shockwave","floor":11},{"not_picked":["Thunderclap","Rampage"],"picked":"Shrug It Off","floor":12},{"not_picked":["Clothesline","Heavy Blade"],"picked":"Headbutt","floor":13},{"not_picked":["Blood for Blood","Sword Boomerang"],"picked":"Rage","floor":14},{"not_picked":["Brutality","Reaper"],"picked":"Demon Form","floor":16},{"not_picked":["Anger","Iron Wave+1"],"picked":"Flame Barrier","floor":18},{"not_picked":["Perfected Strike","Inflame"],"picked":"Armaments","floor":20},{"not_picked":["Twin Strike","Heavy Blade+1"],"picked":"Sword Boomerang","floor":21},{"not_picked":["Ghostly Armor","Heavy Blade+1","Burning Pact+1"],"picked":"SKIP","floor":22},{"not_picked":["Berserk","Sentinel"],"picked":"Twin Strike","floor":24},{"not_picked":["Corruption","Infernal Blade","Shockwave"],"picked":"Disarm+1","floor":30},{"not_picked":["Sever Soul+1","Warcry","Headbutt+1"],"picked":"Pummel","floor":31},{"not_picked":["Feed","Brutality","Juggernaut"],"picked":"Limit Break","floor":33},{"not_picked":["Perfected Strike","Power Through+1","Iron Wave+1"],"picked":"Shrug It Off+1","floor":35},{"not_picked":["Sentinel+1","Clash+1","Pommel Strike+1"],"picked":"Body Slam+1","floor":38},{"not_picked":["Shockwave","Rupture","Immolate"],"picked":"Headbutt","floor":40},{"not_picked":["Body Slam","Havoc","Combust"],"picked":"Metallicize+1","floor":47},{"not_picked":["Blood for Blood+1","Clash+1","Bloodletting+1"],"picked":"Demon Form","floor":48},{"not_picked":["Shrug It Off","Dark Embrace","Power Through","Entrench"],"picked":"SKIP","floor":54}],"player_experience":144891,"relics_obtained":[{"floor":6,"key":"Happy Flower"},{"floor":9,"key":"Sundial"},{"floor":12,"key":"Bottled Lightning"},{"floor":14,"key":"War Paint"},{"floor":24,"key":"Mummified Hand"},{"floor":26,"key":"Matryoshka"},{"floor":30,"key":"Torii"},{"floor":30,"key":"Pear"},{"floor":37,"key":"Peace Pipe"},{"floor":40,"key":"Nunchaku"},{"floor":43,"key":"Ornamental Fan"},{"floor":48,"key":"StoneCalendar"},{"floor":54,"key":"Letter Opener"}],"event_choices":[{"damage_healed":0,"gold_gain":100,"player_choice":"Pray","damage_taken":0,"max_hp_gain":0,"max_hp_loss":0,"event_name":"Golden Shrine","floor":3,"gold_loss":0},{"damage_healed":0,"gold_gain":175,"player_choice":"AGREE","damage_taken":0,"max_hp_gain":0,"max_hp_loss":0,"event_name":"Liars Game","floor":5,"gold_loss":0,"cards_obtained":["Doubt"]},{"damage_healed":0,"gold_gain":0,"player_choice":"Take Damage","damage_taken":20,"relics_obtained":["Golden Idol"],"max_hp_gain":0,"max_hp_loss":0,"event_name":"Golden Idol","floor":8,"gold_loss":0},{"cards_removed":["Doubt"],"damage_healed":0,"gold_gain":0,"player_choice":"Card Removal","damage_taken":7,"max_hp_gain":0,"max_hp_loss":0,"event_name":"Golden Wing","floor":10,"gold_loss":0},{"damage_healed":0,"gold_gain":100,"player_choice":"Pray","damage_taken":0,"max_hp_gain":0,"max_hp_loss":0,"event_name":"Golden Shrine","floor":19,"gold_loss":0},{"damage_healed":0,"gold_gain":0,"player_choice":"Opened","damage_taken":0,"relics_obtained":["Incense Burner"],"max_hp_gain":0,"max_hp_loss":0,"event_name":"The Mausoleum","floor":25,"gold_loss":0,"cards_obtained":["Writhe"]},{"damage_healed":0,"gold_gain":0,"player_choice":"Gave Idol","damage_taken":0,"relics_obtained":["Bloody Idol"],"max_hp_gain":0,"max_hp_loss":0,"event_name":"Forgotten Altar","floor":28,"relics_lost":["Golden Idol"],"gold_loss":0},{"damage_healed":0,"gold_gain":0,"player_choice":"Fight","damage_taken":0,"max_hp_gain":0,"max_hp_loss":0,"event_name":"Colosseum","floor":30,"gold_loss":0},{"damage_healed":0,"gold_gain":0,"player_choice":"Fought Nobs","damage_taken":0,"max_hp_gain":0,"max_hp_loss":0,"event_name":"Colosseum","floor":30,"gold_loss":0},{"cards_removed":["Armaments"],"damage_healed":0,"gold_gain":0,"player_choice":"Removed Skill","damage_taken":0,"max_hp_gain":0,"max_hp_loss":0,"event_name":"Falling","floor":36,"gold_loss":0},{"damage_healed":0,"gold_gain":0,"player_choice":"Fight","damage_taken":0,"max_hp_gain":0,"max_hp_loss":0,"event_name":"MindBloom","floor":37,"gold_loss":0},{"damage_healed":0,"gold_gain":0,"player_choice":"Embrace Madness","damage_taken":11,"max_hp_gain":0,"max_hp_loss":0,"event_name":"Winding Halls","floor":39,"gold_loss":0,"cards_obtained":["Madness","Madness"]},{"damage_healed":0,"gold_gain":0,"player_choice":"Ignored","damage_taken":0,"max_hp_gain":0,"max_hp_loss":0,"event_name":"Mysterious Sphere","floor":45,"gold_loss":0}],"is_beta":false,"boss_relics":[{"not_picked":["Runic Pyramid","Mark of Pain"],"picked":"Sozu"},{"not_picked":["Fusion Hammer","Tiny House"],"picked":"Philosopher\u0027s Stone"}],"items_purged_floors":[4,29,41,53],"is_endless":false,"potions_floor_spawned":[1,6,12,14,20,24,30,31,35,37,48,54],"killed_by":"The Heart","ascension_level":1}