{"path_per_floor":["M","?","M","M","M","R","E","M","T","R","?","M","E","M","R","B",null,"M","?","M","M","M","E","R","M","T","E","M","M","?","E","R","B",null,"M","?","$","M","M","E","$","R","T","M","R","E","M","E","R","B"],"character_chosen":"THE_SILENT","items_purchased":["Trip","Strawberry","Toxic Egg 2","Bottled Flame","Shuriken","Oddly Smooth Stone","Skewer"],"gold_per_floor":[114,114,129,144,159,159,189,204,204,204,204,223,261,280,280,405,405,424,694,713,732,751,789,789,808,808,846,865,884,912,950,950,1075,1075,1094,1316,490,509,528,566,35,35,35,54,54,122,141,179,179,179],"floor_reached":51,"campfire_rested":2,"playtime":4177,"item_purchase_floors":[37,37,37,37,41,41,41],"current_hp_per_floor":[70,75,75,75,75,75,75,75,75,75,57,57,54,54,54,75,75,69,41,40,40,26,15,70,70,70,70,70,70,70,57,57,65,70,66,66,73,65,59,45,45,45,45,43,43,43,34,9,72,66],"items_purged":["Magnetism","Strike_G"],"gold":179,"score":938,"play_id":"5933da72-2619-4b07-a3c3-81b52b47f029","local_time":"20180606154302","daily_mods":["Allstar","Binary","Night Terrors"],"is_prod":false,"is_daily":true,"chose_seed":false,"is_ascension_mode":false,"campfire_upgraded":6,"win_rate":0,"timestamp":1528274582,"campfire_choices":[{"data":"Apotheosis","floor":6,"key":"SMITH"},{"data":"Noxious Fumes","floor":10,"key":"SMITH"},{"data":"Malaise","floor":15,"key":"SMITH"},{"floor":24,"key":"REST"},{"data":"Secret Technique","floor":32,"key":"SMITH"},{"data":"Skewer","floor":42,"key":"SMITH"},{"data":"Neutralize","floor":45,"key":"SMITH"},{"floor":49,"key":"REST"}],"path_taken":["M","?","M","M","?","R","E","M","T","R","?","?","E","M","R","BOSS","M","?","M","M","?","E","R","M","T","E","M","M","?","E","R","BOSS","M","?","$","M","M","E","$","R","T","M","R","E","M","E","R","BOSS"],"build_version":"2018-06-04v2","seed_source_timestamp":0,"purchased_purges":2,"victory":true,"master_deck":["Defend_G","Defend_G","Defend_G","Defend_G","Strike_G+1","Strike_G","Survivor","Neutralize+1","Secret Technique+1","Apotheosis+1","Good Instincts","Blind","Dagger Spray","Malaise+1","Heel Hook+1","Burst","Noxious Fumes+1","Adrenaline","Catalyst","Prepared+1","Skewer+1","Flying Knee+1","Escape Plan+1","Trip","Backflip+1","Skewer+1"],"max_hp_per_floor":[70,75,75,75,75,75,75,75,75,75,75,75,75,75,75,75,75,75,75,75,75,75,75,70,70,70,70,70,70,70,70,70,70,70,70,70,77,77,77,77,77,77,77,77,77,77,77,77,72,72],"relics":["Ring of the Snake","Pantograph","Letter Opener","Golden Idol","Happy Flower","Velvet Choker","Whetstone","Paper Crane","Lantern","Red Mask","Omamori","Astrolabe","Strawberry","Toxic Egg 2","Bottled Flame","Smiling Mask","Shuriken","Oddly Smooth Stone","Mercury Hourglass","Tiny Chest"],"card_choices":[{"not_picked":["Dodge and Roll"],"picked":"Dagger Spray","floor":1},{"not_picked":["Quick Slash","Flying Knee"],"picked":"SKIP","floor":3},{"not_picked":["Well Laid Plans"],"picked":"Malaise","floor":4},{"not_picked":["Outmaneuver"],"picked":"Heel Hook","floor":5},{"not_picked":["Deadly Poison"],"picked":"Burst","floor":7},{"not_picked":["Acrobatics"],"picked":"Noxious Fumes","floor":8},{"not_picked":["Acrobatics","Slice"],"picked":"SKIP","floor":12},{"not_picked":["Setup","Underhanded Strike"],"picked":"SKIP","floor":13},{"not_picked":["Outmaneuver","Dagger Spray"],"picked":"SKIP","floor":14},{"not_picked":["Burst"],"picked":"Adrenaline","floor":16},{"not_picked":["Blade Dance","Concentrate"],"picked":"SKIP","floor":18},{"not_picked":["PiercingWail","Deadly Poison"],"picked":"SKIP","floor":20},{"not_picked":["Acrobatics","Quick Slash"],"picked":"SKIP","floor":21},{"not_picked":["Quick Slash+1","Flying Knee"],"picked":"SKIP","floor":22},{"not_picked":["Dodge and Roll","Deflect"],"picked":"SKIP","floor":23},{"not_picked":["Caltrops+1","Acrobatics"],"picked":"SKIP","floor":25},{"not_picked":["Corpse Explosion","Endless Agony"],"picked":"SKIP","floor":27},{"not_picked":["Dagger Spray","Outmaneuver"],"picked":"SKIP","floor":28},{"not_picked":["Bouncing Flask"],"picked":"Catalyst","floor":29},{"not_picked":["Outmaneuver","Masterful Stab"],"picked":"SKIP","floor":31},{"not_picked":["Flechettes"],"picked":"Escape Plan+1","floor":35},{"not_picked":["Riddle With Holes","Calculated Gamble+1"],"picked":"SKIP","floor":38},{"not_picked":["Dagger Throw","Slice"],"picked":"SKIP","floor":39},{"not_picked":["Bane"],"picked":"Backflip+1","floor":40},{"not_picked":["Reflex+1","Sucker Punch+1"],"picked":"SKIP","floor":44},{"not_picked":["Heel Hook+1","Underhanded Strike"],"picked":"SKIP","floor":46},{"not_picked":["Deflect+1","Grand Finale"],"picked":"SKIP","floor":47},{"not_picked":["Flying Knee+1","Prepared+1"],"picked":"SKIP","floor":48}],"player_experience":38971,"potions_floor_usage":[7,16,16,21,21,21,30,33,33,50,50,50],"damage_taken":[{"damage":0,"enemies":"2 Louse","floor":1,"turns":3},{"damage":0,"enemies":"Small Slimes","floor":3,"turns":3},{"damage":0,"enemies":"Cultist","floor":4,"turns":3},{"damage":0,"enemies":"Exordium Wildlife","floor":5,"turns":5},{"damage":0,"enemies":"3 Sentries","floor":7,"turns":5},{"damage":0,"enemies":"Large Slime","floor":8,"turns":5},{"damage":0,"enemies":"Red Slaver","floor":12,"turns":4},{"damage":3,"enemies":"Gremlin Nob","floor":13,"turns":5},{"damage":0,"enemies":"Gremlin Gang","floor":14,"turns":3},{"damage":0,"enemies":"Hexaghost","floor":16,"turns":8},{"damage":6,"enemies":"Shell Parasite","floor":18,"turns":6},{"damage":1,"enemies":"2 Thieves","floor":20,"turns":4},{"damage":0,"enemies":"Cultist and Chosen","floor":21,"turns":5},{"damage":14,"enemies":"Centurion and Healer","floor":22,"turns":7},{"damage":11,"enemies":"Gremlin Leader","floor":23,"turns":8},{"damage":0,"enemies":"Slaver and Parasite","floor":25,"turns":8},{"damage":0,"enemies":"Book of Stabbing","floor":27,"turns":7},{"damage":0,"enemies":"Snake Plant","floor":28,"turns":8},{"damage":0,"enemies":"Chosen and Byrds","floor":29,"turns":6},{"damage":0,"floor":30,"turns":2},{"damage":13,"enemies":"Slavers","floor":31,"turns":5},{"damage":5,"enemies":"Champ","floor":33,"turns":13},{"damage":4,"enemies":"3 Shapes","floor":35,"turns":5},{"damage":8,"enemies":"3 Darklings","floor":38,"turns":5},{"damage":6,"enemies":"Spire Growth","floor":39,"turns":7},{"damage":14,"enemies":"2 Orb Walkers","floor":40,"turns":5},{"damage":2,"enemies":"Transient","floor":44,"turns":5},{"damage":0,"enemies":"Nemesis","floor":46,"turns":7},{"damage":9,"enemies":"3 Darklings","floor":47,"turns":4},{"damage":25,"enemies":"2 Orb Walkers","floor":48,"turns":6},{"damage":6,"enemies":"Awakened One","floor":50,"turns":22}],"relics_obtained":[{"floor":7,"key":"Pantograph"},{"floor":9,"key":"Letter Opener"},{"floor":13,"key":"Happy Flower"},{"floor":23,"key":"Whetstone"},{"floor":26,"key":"Paper Crane"},{"floor":27,"key":"Lantern"},{"floor":30,"key":"Red Mask"},{"floor":31,"key":"Omamori"},{"floor":40,"key":"Smiling Mask"},{"floor":43,"key":"Mercury Hourglass"},{"floor":46,"key":"Tiny Chest"}],"event_choices":[{"event_name":"Big Fish","player_choice":"Donut","floor":2,"damage_taken":0},{"event_name":"Golden Idol","player_choice":"Take Damage","floor":11,"damage_taken":0},{"event_name":"Knowing Skull","player_choice":"GOLD GOLD GOLD ","floor":19,"damage_taken":0},{"event_name":"Masked Bandits","player_choice":"Fought over 884 gold","floor":30,"damage_taken":0},{"event_name":"Tomb of Lord Red Mask","player_choice":"Wore Mask","floor":36,"damage_taken":0}],"boss_relics":[{"not_picked":["Runic Dome","Calling Bell"],"picked":"Velvet Choker"},{"not_picked":["Busted Crown","Black Star"],"picked":"Astrolabe"}],"items_purged_floors":[37,41],"potions_floor_spawned":[4,5,13,14,16,20,27,28,30,31,39,40,48],"seed_played":"-7143404662059475798","ascension_level":0,"potions_obtained":[{"floor":4,"key":"Ancient Potion"},{"floor":5,"key":"GhostInAJar"},{"floor":13,"key":"GamblersBrew"},{"floor":14,"key":"Swift Potion"},{"floor":16,"key":"Poison Potion"},{"floor":20,"key":"Poison Potion"},{"floor":27,"key":"FearPotion"},{"floor":28,"key":"SteroidPotion"},{"floor":30,"key":"AttackPotion"},{"floor":31,"key":"LiquidBronze"},{"floor":39,"key":"Fire Potion"},{"floor":40,"key":"Strength Potion"}],"is_trial":false}