{"gold_per_floor":[117,117,117,42,42,61,89,89,89,108,108,143,143,154,154,251,251,261,272,290,290,290,316,316,328,382,416,416,435,435,455,455,560,560,570,570,589,599,11,11,37,37,37,54,64,64,0,20,20,20],"floor_reached":51,"playtime":4547,"items_purged":["Regret","Decay"],"score":752,"play_id":"cc06c7c5-5876-4905-81e5-519602342db6","local_time":"20190916190852","is_ascension_mode":false,"campfire_choices":[{"floor":8,"key":"REST"},{"data":"Anger","floor":11,"key":"SMITH"},{"data":"Flame Barrier","floor":15,"key":"SMITH"},{"floor":24,"key":"REST"},{"floor":28,"key":"REST"},{"data":"Body Slam","floor":30,"key":"SMITH"},{"data":"Armaments","floor":32,"key":"SMITH"},{"data":"Iron Wave","floor":40,"key":"SMITH"},{"floor":49,"key":"REST"}],"neow_cost":"NONE","seed_source_timestamp":357094278157100,"circlet_count":0,"master_deck":["Strike_R","Strike_R","Strike_R","Strike_R","Strike_R","Defend_R","Defend_R","Defend_R","Defend_R","Bash","Brutality","Pommel Strike","Cleave","Anger+1","Iron Wave+1","Thunderclap","Shrug It Off","Flame Barrier+1","Reaper","Shockwave","Twin Strike","Iron Wave+1","Combust+1","Body Slam+1","Armaments+1","Thunderclap+1","Thunderclap","Armaments","Entrench+1","Feed","Thunderclap+1","Madness","Thunderclap+1","Anger+1","Ghostly Armor+1","Metallicize","Mind Blast","Mind Blast","Finesse","Battle Trance","Cleave+1"],"relics":["Burning Blood","Lantern","Dream Catcher","Self Forming Clay","Orichalcum","Bottled Tornado","Mark of Pain","Nilry\u0027s Codex","Paper Frog","Anchor","Incense Burner","Lizard Tail","Ornamental Fan","Happy Flower","Torii","Bronze Scales","Red Mask"],"potions_floor_usage":[12,16,20,29,33,41,41,44,50],"damage_taken":[{"damage":5,"enemies":"2 Louse","floor":1,"turns":3},{"damage":10,"enemies":"Small Slimes","floor":6,"turns":3},{"damage":35,"enemies":"3 Sentries","floor":7,"turns":6},{"damage":6,"enemies":"Jaw Worm","floor":10,"turns":2},{"damage":17,"enemies":"Gremlin Nob","floor":12,"turns":4},{"damage":1,"enemies":"Looter","floor":14,"turns":2},{"damage":53,"enemies":"The Guardian","floor":16,"turns":10},{"damage":8,"enemies":"Spheric Guardian","floor":18,"turns":4},{"damage":14,"enemies":"2 Thieves","floor":19,"turns":4},{"damage":11,"enemies":"Centurion and Healer","floor":20,"turns":6},{"damage":43,"enemies":"Gremlin Leader","floor":23,"turns":8},{"damage":10,"enemies":"Shelled Parasite and Fungi","floor":25,"turns":4},{"damage":19,"enemies":"Book of Stabbing","floor":27,"turns":5},{"damage":14,"enemies":"Snake Plant","floor":29,"turns":5},{"damage":6,"enemies":"3 Cultists","floor":31,"turns":4},{"damage":54,"enemies":"Collector","floor":33,"turns":11},{"damage":10,"enemies":"Orb Walker","floor":35,"turns":4},{"damage":5,"enemies":"3 Shapes","floor":37,"turns":3},{"damage":34,"enemies":"Spire Growth","floor":38,"turns":5},{"damage":6,"enemies":"Reptomancer","floor":41,"turns":4},{"damage":11,"enemies":"Transient","floor":44,"turns":5},{"damage":4,"enemies":"4 Shapes","floor":45,"turns":4},{"damage":2,"enemies":"3 Darklings","floor":48,"turns":3},{"damage":60,"enemies":"Donu and Deca","floor":50,"turns":10}],"seed_played":"-3629573615275742824","potions_obtained":[{"floor":6,"key":"LiquidBronze"},{"floor":14,"key":"Poison Potion"},{"floor":16,"key":"Dexterity Potion"},{"floor":25,"key":"Dexterity Potion"},{"floor":27,"key":"Weak Potion"},{"floor":33,"key":"BloodPotion"},{"floor":35,"key":"BloodPotion"},{"floor":38,"key":"SteroidPotion"},{"floor":41,"key":"Block Potion"}],"is_trial":false,"path_per_floor":["M","?","?","$","?","M","E","R","T","M","R","E","T","M","R","B",null,"M","M","M","?","?","E","R","M","T","E","R","M","R","M","R","B",null,"M","?","M","M","$","R","E","?","T","M","M","?","?","M","R","B",null],"character_chosen":"IRONCLAD","items_purchased":["Ornamental Fan","Happy Flower","LiquidBronze"],"campfire_rested":4,"item_purchase_floors":[39,39,39],"current_hp_per_floor":[80,80,80,80,80,76,47,71,71,71,71,60,60,65,65,18,80,80,72,73,57,57,34,58,54,54,48,72,69,69,75,75,32,80,77,67,68,50,50,50,70,70,70,65,70,60,60,64,86,53],"gold":20,"neow_bonus":"ONE_RANDOM_RARE_CARD","is_prod":false,"is_daily":false,"chose_seed":false,"campfire_upgraded":5,"win_rate":0.0,"timestamp":1568675332,"path_taken":["M","?","?","$","?","M","E","R","T","M","R","E","?","M","R","BOSS","M","M","?","?","?","E","R","M","T","E","R","?","R","M","R","BOSS","M","?","M","M","$","R","E","?","T","M","M","?","?","M","R","BOSS"],"build_version":"2019-07-17","purchased_purges":2,"victory":true,"max_hp_per_floor":[80,80,80,80,80,80,80,80,80,80,80,80,80,80,80,80,80,80,80,80,80,80,80,80,80,80,80,80,80,80,80,80,80,80,80,80,80,83,83,83,83,83,83,83,86,86,86,86,86,86],"card_choices":[{"not_picked":["Warcry","Second Wind"],"picked":"Pommel Strike","floor":1},{"not_picked":["Flex","Clash"],"picked":"Cleave","floor":6},{"not_picked":["Perfected Strike","Flex"],"picked":"Anger","floor":7},{"not_picked":["Sword Boomerang","Intimidate"],"picked":"Iron Wave","floor":8},{"not_picked":["Clash","Clothesline"],"picked":"Thunderclap","floor":10},{"not_picked":["Burning Pact","Ghostly Armor"],"picked":"Shrug It Off","floor":12},{"not_picked":["Dark Embrace","True Grit"],"picked":"Flame Barrier","floor":14},{"not_picked":["Limit Break","Double Tap"],"picked":"Reaper","floor":16},{"not_picked":["Carnage","Headbutt"],"picked":"Shockwave","floor":18},{"not_picked":["Hemokinesis","Searing Blow"],"picked":"Twin Strike","floor":19},{"not_picked":["Burning Pact","Shrug It Off"],"picked":"Iron Wave+1","floor":20},{"not_picked":["Cleave+1","Shrug It Off+1"],"picked":"Combust+1","floor":23},{"not_picked":["Iron Wave","Rage+1"],"picked":"Body Slam","floor":24},{"not_picked":["Feel No Pain+1","Heavy Blade+1"],"picked":"Armaments","floor":25},{"not_picked":["Inflame+1","Demon Form"],"picked":"Thunderclap+1","floor":27},{"not_picked":["Clothesline","Heavy Blade"],"picked":"Thunderclap","floor":28},{"not_picked":["Rampage+1","Heavy Blade+1"],"picked":"Armaments","floor":29},{"not_picked":["Inflame","Sword Boomerang+1"],"picked":"Entrench+1","floor":31},{"not_picked":["Offering","Berserk"],"picked":"Feed","floor":33},{"not_picked":["Shockwave","Infernal Blade"],"picked":"Thunderclap+1","floor":35},{"not_picked":["Clothesline+1","Cleave+1"],"picked":"Thunderclap+1","floor":37},{"not_picked":["Flex","Sword Boomerang+1"],"picked":"Anger+1","floor":38},{"not_picked":["Anger+1","Burning Pact+1"],"picked":"Ghostly Armor+1","floor":41},{"not_picked":["Dark Embrace","Uppercut+1","Heavy Blade+1"],"picked":"SKIP","floor":44},{"not_picked":["Pommel Strike","Sever Soul+1"],"picked":"Metallicize","floor":45},{"not_picked":["Dark Shackles","HandOfGreed"],"picked":"Mind Blast","floor":46},{"not_picked":["Dark Shackles","PanicButton"],"picked":"Mind Blast","floor":46},{"not_picked":["Deep Breath","Thinking Ahead"],"picked":"Finesse","floor":46},{"not_picked":["Anger+1","Armaments+1"],"picked":"Battle Trance","floor":48},{"not_picked":["Flex+1","Perfected Strike"],"picked":"Cleave+1","floor":49}],"player_experience":11828,"relics_obtained":[{"floor":7,"key":"Dream Catcher"},{"floor":9,"key":"Self Forming Clay"},{"floor":12,"key":"Orichalcum"},{"floor":13,"key":"Bottled Tornado"},{"floor":21,"key":"Nilry\u0027s Codex"},{"floor":23,"key":"Paper Frog"},{"floor":26,"key":"Anchor"},{"floor":27,"key":"Incense Burner"},{"floor":41,"key":"Torii"},{"floor":43,"key":"Bronze Scales"}],"event_choices":[{"damage_healed":0,"gold_gain":0,"player_choice":"Box","damage_taken":0,"relics_obtained":["Lantern"],"max_hp_gain":0,"max_hp_loss":0,"event_name":"Big Fish","floor":2,"gold_loss":0,"cards_obtained":["Regret"]},{"damage_healed":0,"gold_gain":0,"player_choice":"Leave","damage_taken":0,"max_hp_gain":0,"max_hp_loss":0,"event_name":"The Cleric","floor":3,"gold_loss":0},{"damage_healed":0,"gold_gain":0,"player_choice":"Ignored","damage_taken":0,"max_hp_gain":0,"max_hp_loss":0,"event_name":"Liars Game","floor":5,"gold_loss":0},{"damage_healed":0,"gold_gain":0,"player_choice":"Obtained Book","damage_taken":16,"max_hp_gain":0,"max_hp_loss":0,"event_name":"Cursed Tome","floor":21,"gold_loss":0},{"damage_healed":0,"gold_gain":0,"player_choice":"Cursed","damage_taken":0,"max_hp_gain":0,"max_hp_loss":0,"event_name":"Wheel of Change","floor":22,"gold_loss":0,"cards_obtained":["Decay"]},{"damage_healed":0,"gold_gain":0,"player_choice":"Embrace Madness","damage_taken":10,"max_hp_gain":0,"max_hp_loss":0,"event_name":"Winding Halls","floor":36,"gold_loss":0,"cards_obtained":["Madness","Madness"]},{"cards_removed":["Madness"],"damage_healed":0,"gold_gain":0,"player_choice":"Removed Skill","damage_taken":0,"max_hp_gain":0,"max_hp_loss":0,"event_name":"Falling","floor":42,"gold_loss":0},{"damage_healed":0,"gold_gain":0,"player_choice":"Memory 3","damage_taken":10,"max_hp_gain":0,"max_hp_loss":0,"event_name":"SensoryStone","floor":46,"gold_loss":0},{"damage_healed":0,"gold_gain":0,"player_choice":"Paid","damage_taken":0,"relics_obtained":["Red Mask"],"max_hp_gain":0,"max_hp_loss":0,"event_name":"Tomb of Lord Red Mask","floor":47,"gold_loss":64}],"is_beta":false,"boss_relics":[{"not_picked":["Astrolabe","Philosopher\u0027s Stone"],"picked":"Mark of Pain"},{"not_picked":["Tiny House","Runic Dome"],"picked":"Lizard Tail"}],"items_purged_floors":[4,39],"is_endless":false,"potions_floor_spawned":[6,14,16,25,27,33,35,38,41],"ascension_level":0}