{"gold_per_floor":[115,0,175,175,73,73,98,98,122,122,151,51,64,82,82,182,182,197,3,15,29,29,29,47,47],"floor_reached":25,"playtime":1162,"items_purged":["Regret","Doubt","Parasite"],"score":376,"play_id":"63aed6a5-d124-4c8f-855c-bf97b7aa1ced","local_time":"20190929193800","is_ascension_mode":true,"campfire_choices":[{"data":"Shrug It Off","floor":6,"key":"SMITH"},{"data":"Flash of Steel","floor":8,"key":"SMITH"},{"data":"Body Slam","floor":15,"key":"SMITH"},{"data":"True Grit","floor":23,"key":"SMITH"}],"neow_cost":"NONE","seed_source_timestamp":5693648194600,"circlet_count":0,"master_deck":["Strike_R+1","Strike_R","Strike_R+1","Strike_R","Strike_R","Defend_R","Defend_R","Defend_R","Defend_R","Bash","Pummel","Flash of Steel+1","Shrug It Off+1","Feel No Pain","Flex","Metallicize","True Grit+1","Body Slam+1","Dark Embrace","Burning Pact","Whirlwind+1","Inflame","Immolate","Havoc","Warcry"],"relics":["Burning Blood","NeowsBlessing","Prayer Wheel","Bronze Scales","Bag of Marbles","Whetstone","Coffee Dripper"],"potions_floor_usage":[24,24,25],"damage_taken":[{"damage":0,"enemies":"Cultist","floor":1,"turns":1},{"damage":0,"enemies":"Lagavulin","floor":7,"turns":1},{"damage":0,"enemies":"3 Sentries","floor":11,"turns":1},{"damage":7,"enemies":"2 Louse","floor":13,"turns":2},{"damage":2,"enemies":"Jaw Worm","floor":14,"turns":3},{"damage":69,"enemies":"Hexaghost","floor":16,"turns":12},{"damage":11,"enemies":"Spheric Guardian","floor":18,"turns":5},{"damage":0,"enemies":"3 Byrds","floor":20,"turns":3},{"damage":16,"enemies":"3 Cultists","floor":21,"turns":3},{"damage":30,"enemies":"Shelled Parasite and Fungi","floor":24,"turns":6},{"damage":14,"enemies":"Snake Plant","floor":25,"turns":3}],"seed_played":"-1774744563234736101","potions_obtained":[{"floor":14,"key":"FearPotion"},{"floor":16,"key":"SkillPotion"},{"floor":21,"key":"EssenceOfSteel"},{"floor":24,"key":"EssenceOfSteel"}],"is_trial":false,"path_per_floor":["M","$","?","?","$","R","E","R","T","?","E","$","M","M","R","B",null,"M","$","M","M","$","R","M","M"],"character_chosen":"IRONCLAD","items_purchased":["Pummel","Flash of Steel","Shrug It Off","Inflame"],"campfire_rested":0,"item_purchase_floors":[2,2,5,19],"current_hp_per_floor":[78,78,78,78,78,78,80,80,80,80,80,80,79,80,80,17,64,59,59,65,55,55,55,31,17],"gold":47,"neow_bonus":"THREE_ENEMY_KILL","is_prod":false,"is_daily":false,"chose_seed":false,"campfire_upgraded":4,"win_rate":0,"timestamp":1569778680,"path_taken":["M","?","?","?","$","R","E","R","T","?","E","$","?","M","R","BOSS","M","$","M","?","$","R","M","M"],"build_version":"2019-07-17","purchased_purges":3,"victory":false,"max_hp_per_floor":[80,80,80,80,80,80,80,80,80,80,80,80,80,80,80,80,80,80,77,77,77,77,77,77,77],"card_choices":[{"not_picked":["Cleave","Blood for Blood","Sever Soul"],"picked":"SKIP","floor":1},{"not_picked":["Hemokinesis","Warcry"],"picked":"Feel No Pain","floor":7},{"not_picked":["Twin Strike","Warcry"],"picked":"Flex","floor":11},{"not_picked":["Seeing Red","Offering"],"picked":"Metallicize","floor":13},{"not_picked":["Anger","Iron Wave"],"picked":"True Grit","floor":13},{"not_picked":["Anger","Clash"],"picked":"Body Slam","floor":14},{"not_picked":["Heavy Blade","Perfected Strike","Pommel Strike"],"picked":"SKIP","floor":14},{"not_picked":["Offering","Fiend Fire"],"picked":"Dark Embrace","floor":16},{"not_picked":["Cleave+1","Body Slam+1"],"picked":"Burning Pact","floor":18},{"not_picked":["Rupture","Thunderclap"],"picked":"Whirlwind+1","floor":18},{"not_picked":["Wild Strike","Cleave+1"],"picked":"Immolate","floor":20},{"not_picked":["Corruption","Perfected Strike","Pommel Strike"],"picked":"SKIP","floor":20},{"not_picked":["Sword Boomerang","Iron Wave"],"picked":"Havoc","floor":21},{"not_picked":["Rage","Heavy Blade","Pommel Strike"],"picked":"SKIP","floor":21},{"not_picked":["Cleave","Burning Pact"],"picked":"Warcry","floor":24},{"not_picked":["Cleave","Thunderclap+1","Pommel Strike+1"],"picked":"SKIP","floor":24}],"player_experience":413213,"relics_obtained":[{"floor":7,"key":"Bronze Scales"},{"floor":9,"key":"Bag of Marbles"},{"floor":11,"key":"Whetstone"}],"event_choices":[{"damage_healed":0,"gold_gain":175,"player_choice":"AGREE","damage_taken":0,"max_hp_gain":0,"max_hp_loss":0,"event_name":"Liars Game","floor":3,"gold_loss":0,"cards_obtained":["Doubt"]},{"damage_healed":0,"gold_gain":0,"player_choice":"Box","damage_taken":0,"relics_obtained":["Prayer Wheel"],"max_hp_gain":0,"max_hp_loss":0,"event_name":"Big Fish","floor":4,"gold_loss":0,"cards_obtained":["Regret"]},{"damage_healed":20,"gold_gain":0,"player_choice":"Healed and dodged fight","damage_taken":0,"max_hp_gain":0,"max_hp_loss":0,"event_name":"Mushrooms","floor":10,"gold_loss":0,"cards_obtained":["Parasite"]}],"is_beta":false,"boss_relics":[{"not_picked":["Empty Cage","Orrery"],"picked":"Coffee Dripper"}],"items_purged_floors":[5,12,19],"is_endless":false,"potions_floor_spawned":[14,16,21,24],"killed_by":"Snake Plant","ascension_level":9}