{"gold_per_floor":[115,126,126,126,152,183,183,219,245,264,189,189,259,2,2,2],"floor_reached":16,"playtime":267,"items_purged":["Defend_G"],"score":289,"play_id":"8a1f0f17-2ceb-4e85-8502-b1799e867d90","local_time":"20190826133333","is_ascension_mode":true,"campfire_choices":[{"data":"Skewer","floor":7,"key":"SMITH"},{"data":"Neutralize","floor":12,"key":"SMITH"},{"data":"Survivor","floor":15,"key":"SMITH"}],"neow_cost":"NONE","seed_source_timestamp":86152789566336,"circlet_count":0,"master_deck":["AscendersBane","Strike_G","Strike_G","Strike_G","Strike_G","Defend_G","Defend_G","Defend_G","Survivor+1","Neutralize+1","Skewer+1","Backflip"],"relics":["Ring of the Snake","NeowsBlessing","Golden Idol","PreservedInsect","Blue Candle","Dodecahedron","Blood Vial","Tiny Chest","Bag of Marbles"],"potions_floor_usage":[8,16],"damage_taken":[{"damage":0,"enemies":"2 Louse","floor":1,"turns":1},{"damage":0,"enemies":"Small Slimes","floor":2,"turns":1},{"damage":0,"enemies":"3 Sentries","floor":6,"turns":2},{"damage":8,"enemies":"Gremlin Nob","floor":8,"turns":3},{"damage":0,"enemies":"Jaw Worm","floor":10,"turns":4},{"damage":10,"enemies":"Lagavulin","floor":13,"turns":5},{"damage":4,"enemies":"Hexaghost","floor":16,"turns":7}],"seed_played":"5042266080584806765","potions_obtained":[{"floor":2,"key":"Fire Potion"},{"floor":13,"key":"Dexterity Potion"}],"is_trial":false,"path_per_floor":["M","M","?","?","T","E","R","E","T","M","?","R","E","$","R","B"],"character_chosen":"THE_SILENT","items_purchased":["Bag of Marbles"],"campfire_rested":0,"item_purchase_floors":[14],"current_hp_per_floor":[59,59,36,36,36,36,36,28,28,30,30,30,22,22,22,20],"gold":2,"neow_bonus":"THREE_ENEMY_KILL","is_prod":false,"is_daily":false,"chose_seed":false,"campfire_upgraded":3,"win_rate":0,"timestamp":1566801213,"path_taken":["M","M","?","?","?","E","R","E","T","M","?","R","E","$","R","BOSS"],"build_version":"2019-07-17","purchased_purges":1,"victory":false,"max_hp_per_floor":[66,66,66,66,66,66,66,66,66,66,66,66,66,66,66,66],"card_choices":[{"not_picked":["Backflip","Reflex","Dodge and Roll"],"picked":"SKIP","floor":1},{"not_picked":["Outmaneuver","Heel Hook"],"picked":"Skewer","floor":2},{"not_picked":["Caltrops","Escape Plan"],"picked":"Backflip","floor":6},{"not_picked":["Acrobatics","Bullet Time","Deadly Poison"],"picked":"SKIP","floor":8},{"not_picked":["Bane","Reflex","Tactician"],"picked":"SKIP","floor":10},{"not_picked":["Bane","Reflex","Tactician"],"picked":"SKIP","floor":10},{"not_picked":["Setup","Outmaneuver","Concentrate"],"picked":"SKIP","floor":13}],"player_experience":1082974,"relics_obtained":[{"floor":5,"key":"PreservedInsect"},{"floor":6,"key":"Blue Candle"},{"floor":8,"key":"Dodecahedron"},{"floor":9,"key":"Blood Vial"},{"floor":13,"key":"Tiny Chest"}],"event_choices":[{"damage_healed":0,"gold_gain":0,"player_choice":"Take Damage","damage_taken":23,"relics_obtained":["Golden Idol"],"max_hp_gain":0,"max_hp_loss":0,"event_name":"Golden Idol","floor":3,"gold_loss":0},{"cards_removed":["Strike_G"],"damage_healed":0,"gold_gain":0,"player_choice":"Forget","damage_taken":0,"max_hp_gain":0,"max_hp_loss":0,"event_name":"Living Wall","floor":4,"gold_loss":0},{"cards_removed":["Defend_G"],"damage_healed":0,"gold_gain":0,"player_choice":"Card Removal","damage_taken":0,"max_hp_gain":0,"max_hp_loss":0,"event_name":"The Cleric","floor":11,"gold_loss":75}],"is_beta":false,"boss_relics":[],"items_purged_floors":[14],"is_endless":false,"potions_floor_spawned":[2,13],"killed_by":"Hexaghost","ascension_level":21}