{"gold_per_floor":[114,129,144,159,174,189,219,234,234,234,264,279,61,106,106,206,206,221,236,251,251,251,281,281,281,331,346,361,376,406,436,436,536,536,551,98,98,98,113,143,158,188,213,243,258,258,273,0,0,0],"floor_reached":51,"playtime":1853,"items_purged":[],"score":1390,"play_id":"9e035022-02e7-448e-b747-c460ae8a77e7","local_time":"20180912140142","daily_mods":["Allstar","Time Dilation","Vintage"],"is_ascension_mode":false,"campfire_choices":[{"data":"Neutralize","floor":15,"key":"SMITH"},{"data":"Malaise","floor":32,"key":"SMITH"},{"data":"Finesse","floor":49,"key":"SMITH"}],"neow_cost":"","seed_source_timestamp":0,"circlet_count":0,"master_deck":["Defend_G+1","Defend_G+1","Defend_G+1","Defend_G+1","Strike_G+1","Strike_G+1","Strike_G+1","Strike_G+1","Strike_G+1","Survivor","Neutralize+1","Violence","Swift Strike","Master of Strategy","Finesse+1","Magnetism","Riddle With Holes","Noxious Fumes","PiercingWail+1","Malaise+1","Reflex+1","Sucker Punch+1","Slice","Tools of the Trade","Eviscerate","Bane","Deadly Poison","Bouncing Flask+1","Catalyst","Finisher","Dramatic Entrance","Enlightenment","Backstab","Backflip","Terror"],"special_seed":17786,"relics":["Ring of the Snake","Bag of Preparation","Boot","Oddly Smooth Stone","Vajra","Kunai","Shuriken","Bronze Scales","Ginger","The Courier","Orichalcum","Lantern","PreservedInsect","Paper Crane","Tiny Chest","Smiling Mask","Runic Dome","Anchor","Sundial","Pen Nib","Singing Bowl","WingedGreaves","MutagenicStrength","Centennial Puzzle","Bottled Flame","Snake Skull","Ornamental Fan","Mercury Hourglass","Bird Faced Urn","Blood Vial","Cursed Key","Juzu Bracelet","Happy Flower","Regal Pillow","Bottled Lightning","Strawberry","Potion Belt","War Paint","Ninja Scroll","Omamori","Red Mask"],"potions_floor_usage":[16,16,33,50,50,50,50],"damage_taken":[{"damage":0.0,"enemies":"Jaw Worm","floor":1.0,"turns":5.0},{"damage":0.0,"enemies":"Small Slimes","floor":2.0,"turns":3.0},{"damage":0.0,"enemies":"Cultist","floor":3.0,"turns":2.0},{"damage":0.0,"enemies":"Red Slaver","floor":4.0,"turns":3.0},{"damage":2.0,"enemies":"Large Slime","floor":5.0,"turns":6.0},{"damage":0.0,"enemies":"3 Louse","floor":6.0,"turns":3.0},{"damage":0.0,"enemies":"3 Sentries","floor":7.0,"turns":7.0},{"damage":2.0,"enemies":"Gremlin Gang","floor":8.0,"turns":3.0},{"damage":0.0,"enemies":"Gremlin Nob","floor":11.0,"turns":1.0},{"damage":0.0,"enemies":"Large Slime","floor":12.0,"turns":3.0},{"damage":0,"enemies":"Blue Slaver","floor":14,"turns":2},{"damage":0,"enemies":"The Guardian","floor":16,"turns":6},{"damage":0,"enemies":"Chosen","floor":18,"turns":3},{"damage":0,"enemies":"Spheric Guardian","floor":19,"turns":3},{"damage":0,"enemies":"Chosen and Byrds","floor":20,"turns":3},{"damage":0,"enemies":"Gremlin Leader","floor":23,"turns":3},{"damage":0,"enemies":"Cultist and Chosen","floor":27,"turns":4},{"damage":0,"enemies":"Sentry and Sphere","floor":28,"turns":3},{"damage":0,"enemies":"Snecko","floor":29,"turns":2},{"damage":0,"enemies":"Book of Stabbing","floor":30,"turns":1},{"damage":0,"enemies":"Slavers","floor":31,"turns":2},{"damage":0,"enemies":"Collector","floor":33,"turns":5},{"damage":0,"enemies":"Orb Walker","floor":35,"turns":1},{"damage":0,"enemies":"3 Shapes","floor":39,"turns":1},{"damage":0,"enemies":"2 Orb Walkers","floor":40,"turns":3},{"damage":0,"enemies":"3 Darklings","floor":41,"turns":1},{"damage":0,"enemies":"Giant Head","floor":42,"turns":4},{"damage":0,"enemies":"Nemesis","floor":44,"turns":2},{"damage":0,"enemies":"Spire Growth","floor":45,"turns":1},{"damage":0,"enemies":"Sphere and 2 Shapes","floor":47,"turns":1},{"damage":0,"enemies":"Awakened One","floor":50,"turns":5}],"seed_played":"104536176025665139","potions_obtained":[{"floor":4.0,"key":"LiquidBronze"},{"floor":5.0,"key":"SteroidPotion"},{"floor":7.0,"key":"PowerPotion"},{"floor":8.0,"key":"Fire Potion"},{"floor":11.0,"key":"Dexterity Potion"},{"floor":18,"key":"PowerPotion"},{"floor":23,"key":"SteroidPotion"},{"floor":30,"key":"GhostInAJar"},{"floor":33,"key":"AttackPotion"},{"floor":45,"key":"Regen Potion"}],"is_trial":false,"path_per_floor":["M","M","M","M","M","M","E","M","T","?","E","M","$","M","R","B",null,"M","M","M","T","?","E","?","?","T","M","M","M","E","E","R","B",null,"M","$","?","?","M","E","M","E","T","E","M","?","M","?","R","B"],"character_chosen":"THE_SILENT","items_purchased":["Paper Crane","PiercingWail","Eviscerate","Bane","Deadly Poison","Bouncing Flask","Catalyst","Finisher","Dramatic Entrance","Enlightenment"],"campfire_rested":0,"item_purchase_floors":[13,13,36,36,36,36,36,36,36,36],"current_hp_per_floor":[70,70,70,70,68,68,68,66,66,59,59,59,59,59,59,59,70,70,70,70,70,70,70,70,70,70,70,70,70,70,70,70,70,70,70,70,70,70,70,70,70,77,77,77,77,77,77,77,77,77],"gold":0,"neow_bonus":"","is_prod":false,"is_daily":true,"chose_seed":false,"campfire_upgraded":3,"win_rate":0,"timestamp":1536735702,"path_taken":["M","M","M","M","M","M","E","M","T","?","E","M","?","M","R","BOSS","M","?","M","?","?","E","?","?","T","M","?","?","E","E","R","BOSS","M","$","?","?","M","E","M","E","T","E","M","?","M","?","R","BOSS"],"build_version":"2018-09-10","purchased_purges":0,"victory":true,"max_hp_per_floor":[70,70,70,70,70,70,70,70,70,70,70,70,70,70,70,70,70,70,70,70,70,70,70,70,70,70,70,70,70,70,70,70,70,70,70,70,70,70,70,70,70,77,77,77,77,77,77,77,77,77],"card_choices":[{"not_picked":["Deadly Poison","Dagger Throw"],"picked":"Riddle With Holes","floor":7.0},{"not_picked":["Quick Slash","Prepared"],"picked":"Noxious Fumes","floor":11.0},{"not_picked":["Wraith Form v2","Grand Finale"],"picked":"Malaise","floor":16},{"not_picked":["Underhanded Strike","PiercingWail+1"],"picked":"Reflex+1","floor":23},{"not_picked":["Bane","Caltrops+1"],"picked":"Sucker Punch+1","floor":30},{"not_picked":["Sucker Punch+1","Acrobatics"],"picked":"Slice","floor":31},{"not_picked":["Envenom","Bullet Time"],"picked":"Tools of the Trade","floor":33},{"not_picked":["Underhanded Strike+1","All Out Attack+1"],"picked":"Backstab","floor":40},{"not_picked":["Tactician+1","Noxious Fumes"],"picked":"Backflip","floor":42},{"not_picked":["Malaise","Tactician+1"],"picked":"Terror","floor":44}],"player_experience":348704,"relics_obtained":[{"floor":1.0,"key":"Bag of Preparation"},{"floor":2.0,"key":"Boot"},{"floor":3.0,"key":"Oddly Smooth Stone"},{"floor":4.0,"key":"Vajra"},{"floor":5.0,"key":"Kunai"},{"floor":6.0,"key":"Shuriken"},{"floor":7.0,"key":"Bronze Scales"},{"floor":8.0,"key":"Ginger"},{"floor":9.0,"key":"The Courier"},{"floor":11.0,"key":"Lantern"},{"floor":12.0,"key":"PreservedInsect"},{"floor":14,"key":"Tiny Chest"},{"floor":16,"key":"Smiling Mask"},{"floor":18,"key":"Anchor"},{"floor":19,"key":"Sundial"},{"floor":20,"key":"Pen Nib"},{"floor":21,"key":"Singing Bowl"},{"floor":23,"key":"WingedGreaves"},{"floor":26,"key":"Centennial Puzzle"},{"floor":27,"key":"Bottled Flame"},{"floor":28,"key":"Snake Skull"},{"floor":29,"key":"Ornamental Fan"},{"floor":30,"key":"Mercury Hourglass"},{"floor":31,"key":"Bird Faced Urn"},{"floor":33,"key":"Blood Vial"},{"floor":35,"key":"Juzu Bracelet"},{"floor":39,"key":"Happy Flower"},{"floor":40,"key":"Regal Pillow"},{"floor":41,"key":"Bottled Lightning"},{"floor":42,"key":"Strawberry"},{"floor":43,"key":"Potion Belt"},{"floor":44,"key":"War Paint"},{"floor":45,"key":"Ninja Scroll"},{"floor":47,"key":"Omamori"}],"event_choices":[{"event_name":"Scrap Ooze","player_choice":"success","floor":10.0,"damage_taken":7.0},{"event_name":"Back to Basics","player_choice":"Simplicity","floor":22,"damage_taken":0},{"event_name":"Drug Dealer","player_choice":"Inject Mutagens","floor":24,"damage_taken":0},{"event_name":"Ghosts","player_choice":"Ignored","floor":25,"damage_taken":0},{"event_name":"The Lab","player_choice":"Got Potions","floor":37,"damage_taken":0},{"event_name":"Falling","player_choice":"Removed Skill","floor":38,"damage_taken":0},{"event_name":"Purifier","player_choice":"One Purge","floor":46,"damage_taken":0},{"event_name":"Tomb of Lord Red Mask","player_choice":"Paid","floor":48,"damage_taken":0}],"is_beta":true,"boss_relics":[{"not_picked":["Snecko Eye","Lizard Tail"],"picked":"Runic Dome"},{"not_picked":["Tiny House","Runic Pyramid"],"picked":"Cursed Key"}],"items_purged_floors":[],"is_endless":false,"potions_floor_spawned":[4,5,7,8,11,18,23,28,30,33,39,41,45],"ascension_level":0}