{"gold_per_floor":[118,118,118,135,135,171,195,231,231,0,0,30,30,55,55,174,174,188,188,188,208,208,236,236,251,251,283,283,86,99,125,125,222,222,233,233,244,256,256],"floor_reached":39,"playtime":3358,"items_purged":[],"score":496,"play_id":"758ab6fb-019f-4433-85c5-5730d2121424","local_time":"20190909104444","is_ascension_mode":true,"campfire_choices":[{"floor":11.0,"key":"REST"},{"floor":15.0,"key":"REST"},{"data":"Neutralize","floor":24.0,"key":"SMITH"},{"floor":28,"key":"RECALL"},{"floor":32,"key":"REST"}],"neow_cost":"NONE","seed_source_timestamp":0,"circlet_count":0,"master_deck":["Strike_G+1","Strike_G+1","Strike_G+1","Strike_G+1","Defend_G+1","Defend_G+1","Defend_G+1","Defend_G+1","Defend_G+1","Survivor","Neutralize+1","Deadly Poison+1","Outmaneuver","Malaise+1","Deadly Poison+1","Bullet Time+1","Predator","Headbutt","Master of Strategy+1","Ball Lightning+1","Concentrate+1","Corpse Explosion+1","Footwork","Reflex+1","Glass Knife","Headbutt+1","Terror+1","Armaments+1","Madness+1"],"special_seed":0,"relics":["Ring of the Serpent","Boot","Bloody Idol","Toxic Egg 2","Kunai","PrismaticShard","Pen Nib","Lantern","Bottled Flame","PreservedInsect","Letter Opener","White Beast Statue"],"potions_floor_usage":[30,33,33,38,39,39],"damage_taken":[{"damage":0.0,"enemies":"2 Louse","floor":1.0,"turns":2.0},{"damage":2.0,"enemies":"Small Slimes","floor":4.0,"turns":3.0},{"damage":24.0,"enemies":"Lagavulin","floor":6.0,"turns":7.0},{"damage":0.0,"enemies":"Jaw Worm","floor":7.0,"turns":5.0},{"damage":6.0,"enemies":"Gremlin Nob","floor":8.0,"turns":4.0},{"damage":1.0,"enemies":"Blue Slaver","floor":14.0,"turns":4.0},{"damage":7.0,"enemies":"The Guardian","floor":16.0,"turns":7.0},{"damage":2.0,"enemies":"Spheric Guardian","floor":18.0,"turns":3.0},{"damage":9.0,"enemies":"3 Byrds","floor":21.0,"turns":6.0},{"damage":6.0,"enemies":"Book of Stabbing","floor":23.0,"turns":5.0},{"damage":3.0,"enemies":"Snake Plant","floor":25.0,"turns":4.0},{"damage":0.0,"enemies":"Gremlin Leader","floor":27.0,"turns":6.0},{"damage":9,"enemies":"Sentry and Sphere","floor":30,"turns":3},{"damage":22,"enemies":"Book of Stabbing","floor":31,"turns":4},{"damage":41,"enemies":"Champ","floor":33,"turns":13},{"damage":43,"enemies":"3 Darklings","floor":35,"turns":3},{"damage":0,"enemies":"Orb Walker","floor":37,"turns":4},{"damage":30,"enemies":"Maw","floor":38,"turns":6},{"damage":20,"enemies":"Sphere and 2 Shapes","floor":39,"turns":5}],"seed_played":"3262398750036605212","potions_obtained":[{"floor":6.0,"key":"Block Potion"},{"floor":8.0,"key":"PowerPotion"},{"floor":16.0,"key":"Strength Potion"},{"floor":23.0,"key":"Weak Potion"},{"floor":27.0,"key":"Energy Potion"},{"floor":30,"key":"GhostInAJar"},{"floor":33,"key":"SteroidPotion"},{"floor":35,"key":"AttackPotion"},{"floor":37,"key":"GhostInAJar"},{"floor":38,"key":"SpeedPotion"}],"is_trial":false,"path_per_floor":["M","?","?","M","?","E","M","E","T","$","R","?","?","M","R","B",null,"M","?","?","M","?","E","R","M","T","E","R","$","M","E","R","B",null,"M","?","M","M","M"],"character_chosen":"THE_SILENT","items_purchased":["PrismaticShard","Predator","Corpse Explosion+1","Footwork"],"campfire_rested":3,"item_purchase_floors":[10,10,29,29],"current_hp_per_floor":[70,56,56,54,37,13,13,7,7,7,28,28,16,15,36,29,70,68,68,68,64,64,63,63,65,65,70,70,70,66,49,70,34,70,32,32,37,12,0],"gold":256,"neow_bonus":"RANDOM_COMMON_RELIC","is_prod":false,"is_daily":false,"chose_seed":false,"campfire_upgraded":1,"win_rate":0,"timestamp":1568043884,"path_taken":["M","?","?","M","?","E","M","E","T","$","R","?","?","?","R","BOSS","M","?","?","M","?","E","R","?","T","E","R","$","?","E","R","BOSS","M","?","M","?","?"],"build_version":"2019-07-17","purchased_purges":0,"victory":false,"max_hp_per_floor":[70,70,70,70,70,70,70,70,70,70,70,70,70,70,70,70,70,70,70,70,70,70,70,70,70,70,70,70,70,70,70,70,70,70,70,70,70,70,70],"card_choices":[{"not_picked":["Sucker Punch","Endless Agony"],"picked":"Deadly Poison","floor":1.0},{"not_picked":["Finisher","Backstab"],"picked":"Outmaneuver","floor":4.0},{"not_picked":["Poisoned Stab","Masterful Stab"],"picked":"Malaise","floor":6.0},{"not_picked":["Reflex+1","Outmaneuver+1"],"picked":"Deadly Poison+1","floor":7.0},{"not_picked":["Cloak And Dagger+1","Dodge and Roll+1"],"picked":"Bullet Time+1","floor":8.0},{"not_picked":["Acrobatics+1","Stack+1"],"picked":"Headbutt","floor":14.0},{"not_picked":["Transmutation+1","All For One"],"picked":"Master of Strategy+1","floor":16.0},{"not_picked":["Twin Strike","Blizzard+1","Sever Soul"],"picked":"SKIP","floor":18.0},{"not_picked":["Quick Slash","Outmaneuver+1","Headbutt"],"picked":"SKIP","floor":21.0},{"not_picked":["Quick Slash+1","PiercingWail+1"],"picked":"Ball Lightning+1","floor":23.0},{"not_picked":["Sentinel+1","Backflip+1"],"picked":"Concentrate+1","floor":25.0},{"not_picked":["Cold Snap","Transmutation+1","Gash"],"picked":"SKIP","floor":27.0},{"not_picked":["Blade Dance+1","Stack+1","Sword Boomerang"],"picked":"SKIP","floor":30},{"not_picked":["Deflect+1","Cleave"],"picked":"Reflex+1","floor":31},{"not_picked":["Thunder Strike","Storm of Steel+1"],"picked":"Glass Knife","floor":33},{"not_picked":["Streamline","Heavy Blade"],"picked":"Headbutt+1","floor":35},{"not_picked":["Skewer+1","Quick Slash+1"],"picked":"Armaments+1","floor":37},{"not_picked":["Prepared+1","Hologram+1"],"picked":"Madness+1","floor":38}],"player_experience":201363,"relics_obtained":[{"floor":6.0,"key":"Toxic Egg 2"},{"floor":8.0,"key":"Kunai"},{"floor":23.0,"key":"Lantern"},{"floor":26.0,"key":"Bottled Flame"},{"floor":27.0,"key":"PreservedInsect"},{"floor":31,"key":"Letter Opener"}],"event_choices":[{"damage_healed":0.0,"max_hp_gain":0.0,"max_hp_loss":0.0,"gold_gain":0.0,"event_name":"Shining Light","player_choice":"Entered Light","floor":2.0,"gold_loss":0.0,"damage_taken":14.0,"cards_upgraded":["Strike_G","Defend_G"]},{"damage_healed":0.0,"max_hp_gain":0.0,"max_hp_loss":0.0,"gold_gain":0.0,"event_name":"Living Wall","player_choice":"Grow","floor":3.0,"gold_loss":0.0,"damage_taken":0.0,"cards_upgraded":["Deadly Poison"]},{"damage_healed":0.0,"max_hp_gain":0.0,"max_hp_loss":0.0,"gold_gain":0.0,"event_name":"Golden Idol","player_choice":"Take Damage","floor":5.0,"gold_loss":0.0,"damage_taken":17.0,"relics_obtained":["Golden Idol"]},{"damage_healed":0.0,"max_hp_gain":0.0,"max_hp_loss":0.0,"gold_gain":30.0,"event_name":"Dead Adventurer","player_choice":"Searched \u00272\u0027 times","floor":12.0,"gold_loss":0.0,"damage_taken":0.0},{"damage_healed":0.0,"max_hp_gain":0.0,"max_hp_loss":0.0,"gold_gain":0.0,"event_name":"Scrap Ooze","player_choice":"Success","floor":13.0,"gold_loss":0.0,"damage_taken":12.0,"relics_obtained":["Pen Nib"]},{"damage_healed":0.0,"max_hp_gain":0.0,"max_hp_loss":0.0,"gold_gain":0.0,"event_name":"Forgotten Altar","player_choice":"Gave Idol","floor":19.0,"relics_lost":["Golden Idol"],"gold_loss":0.0,"damage_taken":0.0,"relics_obtained":["Bloody Idol"]},{"damage_healed":0.0,"max_hp_gain":0.0,"max_hp_loss":0.0,"gold_gain":0.0,"event_name":"Vampires","player_choice":"Ignored","floor":20.0,"gold_loss":0.0,"damage_taken":0.0},{"damage_healed":0.0,"max_hp_gain":0.0,"max_hp_loss":0.0,"gold_gain":0.0,"event_name":"Back to Basics","player_choice":"Simplicity","floor":22.0,"gold_loss":0.0,"damage_taken":0.0,"cards_upgraded":["Strike_G","Strike_G","Strike_G","Strike_G","Defend_G","Defend_G","Defend_G","Defend_G"]},{"damage_healed":0,"gold_gain":0,"cards_transformed":["Strike_G"],"player_choice":"Transformed","damage_taken":0,"max_hp_gain":0,"max_hp_loss":0,"event_name":"Transmorgrifier","floor":36,"gold_loss":0,"cards_obtained":["Terror"]}],"is_beta":false,"boss_relics":[{"not_picked":["Calling Bell","Pandora\u0027s Box"],"picked":"Ring of the Serpent"},{"not_picked":["Sozu","Lizard Tail"],"picked":"White Beast Statue"}],"items_purged_floors":[],"is_endless":false,"potions_floor_spawned":[6,8,16,23,27,30,33,35,37,38],"killed_by":"Sphere and 2 Shapes","ascension_level":1}