{"gold_per_floor":[119,131,56,56,106,106,123,154,154,169,189,189,264,282,282,355,362,382,389,55,55,55,55,55],"floor_reached":24,"playtime":389,"items_purged":["Defend_P"],"score":511,"play_id":"7387a8d5-34b1-4791-90ed-3008eb7090e9","local_time":"20190922020035","is_ascension_mode":true,"campfire_choices":[{"data":"Eruption","floor":6,"key":"SMITH"},{"data":"Vigilance","floor":12,"key":"SMITH"},{"data":"BattleHymn","floor":15,"key":"SMITH"},{"data":"Defend_P","floor":23,"key":"SMITH"}],"neow_cost":"NONE","seed_source_timestamp":89702753673500,"circlet_count":0,"master_deck":["AscendersBane","Strike_P+1","Strike_P","Strike_P","Strike_P","Defend_P+1","Defend_P","Defend_P+1","Eruption+1","Vigilance+1","BattleHymn+1","CurseOfTheBell","Decay"],"relics":["PureWater","NeowsBlessing","Matryoshka","CeramicFish","Boot","Calling Bell","Orichalcum","Singing Bowl","Calipers","Torii"],"potions_floor_usage":[8,10,24],"damage_taken":[{"damage":0,"enemies":"Jaw Worm","floor":1,"turns":1},{"damage":0,"enemies":"Small Slimes","floor":2,"turns":1},{"damage":0,"enemies":"Cultist","floor":7,"turns":1},{"damage":0,"enemies":"Lagavulin","floor":8,"turns":4},{"damage":5,"enemies":"Lots of Slimes","floor":10,"turns":3},{"damage":8,"enemies":"Large Slime","floor":11,"turns":4},{"damage":0,"enemies":"2 Fungi Beasts","floor":14,"turns":3},{"damage":0,"enemies":"Slime Boss","floor":16,"turns":4},{"damage":15,"enemies":"Shell Parasite","floor":18,"turns":3},{"damage":7,"enemies":"3 Byrds","floor":24,"turns":3}],"seed_played":"-5888523885589441158","potions_obtained":[{"floor":1,"key":"SkillPotion"},{"floor":7,"key":"Ambrosia"},{"floor":11,"key":"Strength Potion"}],"is_trial":false,"path_per_floor":["M","M","$","?","?","R","M","E","T","M","M","R","?","M","R","B",null,"M","?","$","?","$","R","M"],"character_chosen":"WATCHER","items_purchased":["Torii"],"campfire_rested":0,"item_purchase_floors":[20],"current_hp_per_floor":[55,55,55,37,37,37,37,37,37,32,24,24,13,13,13,13,49,36,36,36,36,36,36,29],"gold":55,"neow_bonus":"THREE_ENEMY_KILL","is_prod":false,"is_daily":false,"chose_seed":false,"campfire_upgraded":4,"win_rate":0,"timestamp":1569092435,"path_taken":["M","M","$","?","?","R","?","E","T","M","?","R","?","M","R","BOSS","M","?","?","?","$","R","M"],"build_version":"2019-09-20","purchased_purges":1,"victory":false,"max_hp_per_floor":[61,61,61,61,61,61,61,61,61,61,61,61,61,61,61,61,61,63,63,63,63,63,63,63],"card_choices":[{"not_picked":["DeceiveReality","ThirdEye","BowlingBash"],"picked":"SKIP","floor":1},{"not_picked":["ThirdEye","Sanctity","SpiritShield"],"picked":"SKIP","floor":2},{"not_picked":["MentalFortress","Sanctity"],"picked":"BattleHymn","floor":7},{"not_picked":["Weave","StepAndStrike","Sanctity"],"picked":"SKIP","floor":8},{"not_picked":["Omniscience","Consecrate","FearNoEvil"],"picked":"SKIP","floor":10},{"not_picked":["Consecrate","Perseverance","FlurryOfBlows"],"picked":"SKIP","floor":11},{"not_picked":["InnerPeace","Wireheading","FlyingSleeves"],"picked":"SKIP","floor":14},{"not_picked":["JustLucky","PathToVictory","DeceiveReality"],"picked":"Singing Bowl","floor":18}],"player_experience":1131976,"relics_obtained":[{"floor":8,"key":"Matryoshka"},{"floor":9,"key":"CeramicFish"},{"floor":9,"key":"Boot"},{"floor":17,"key":"Orichalcum"},{"floor":17,"key":"Singing Bowl"},{"floor":17,"key":"Calipers"}],"event_choices":[{"damage_healed":0,"gold_gain":0,"player_choice":"Entered Light","damage_taken":18,"max_hp_gain":0,"max_hp_loss":0,"event_name":"Shining Light","floor":4,"gold_loss":0,"cards_upgraded":["Defend_P","Strike_P"]},{"damage_healed":0,"gold_gain":50,"player_choice":"Pray","damage_taken":0,"max_hp_gain":0,"max_hp_loss":0,"event_name":"Golden Shrine","floor":5,"gold_loss":0},{"damage_healed":0,"gold_gain":75,"player_choice":"Gather Gold","damage_taken":11,"max_hp_gain":0,"max_hp_loss":0,"event_name":"World of Goop","floor":13,"gold_loss":0},{"damage_healed":0,"gold_gain":0,"player_choice":"Cursed","damage_taken":0,"max_hp_gain":0,"max_hp_loss":0,"event_name":"Wheel of Change","floor":19,"gold_loss":0,"cards_obtained":["Decay"]},{"damage_healed":0,"gold_gain":0,"player_choice":"Ignored","damage_taken":0,"max_hp_gain":0,"max_hp_loss":0,"event_name":"Vampires","floor":21,"gold_loss":0}],"is_beta":true,"boss_relics":[{"not_picked":["SacredBark","Black Star"],"picked":"Calling Bell"}],"items_purged_floors":[3],"is_endless":false,"potions_floor_spawned":[1,7,11],"killed_by":"3 Byrds","ascension_level":18}