{"gold_per_floor":[116,116,128,138,4,4,15,15,15,35,35,35,49,81,81,81],"floor_reached":16,"playtime":447,"items_purged":[],"score":254,"play_id":"e1854b53-28ad-4bf1-9d49-1fa04a16b620","local_time":"20190504155710","is_ascension_mode":true,"campfire_choices":[{"data":"Defragment","floor":6,"key":"SMITH"},{"data":"Zap","floor":8,"key":"SMITH"},{"data":"Loop","floor":12,"key":"SMITH"},{"data":"Rip and Tear","floor":15,"key":"SMITH"}],"neow_cost":"NONE","seed_source_timestamp":1095228951253960,"circlet_count":0,"master_deck":["AscendersBane","Strike_B","Strike_B","Strike_B","Strike_B","Defend_B","Defend_B","Defend_B+1","Defend_B+1","Zap+1","Rip and Tear+1","Defragment+1","Ball Lightning","Loop+1"],"relics":["Busted Crown","Mummified Hand","War Paint"],"potions_floor_usage":[13,14],"damage_taken":[{"damage":3,"enemies":"2 Louse","floor":1,"turns":3},{"damage":2,"enemies":"Cultist","floor":3,"turns":4},{"damage":2,"enemies":"Jaw Worm","floor":4,"turns":4},{"damage":8,"enemies":"Red Slaver","floor":7,"turns":3},{"damage":2,"enemies":"2 Fungi Beasts","floor":10,"turns":3},{"damage":13,"enemies":"Large Slime","floor":13,"turns":3},{"damage":0,"enemies":"3 Sentries","floor":14,"turns":3},{"damage":40,"enemies":"Slime Boss","floor":16,"turns":7}],"seed_played":"2083335625064457193","potions_obtained":[{"floor":4,"key":"AttackPotion"},{"floor":13,"key":"PowerPotion"}],"is_trial":false,"path_per_floor":["M","?","M","M","$","R","M","R","T","M","$","R","M","E","R","B"],"character_chosen":"DEFECT","items_purchased":["Defragment","Ball Lightning"],"campfire_rested":0,"item_purchase_floors":[5,5],"current_hp_per_floor":[61,61,59,57,57,57,49,49,49,47,47,47,34,34,34,0],"gold":81,"neow_bonus":"BOSS_RELIC","is_prod":false,"is_daily":false,"chose_seed":false,"campfire_upgraded":4,"win_rate":0,"timestamp":1556999830,"path_taken":["M","?","M","M","$","R","M","R","T","M","?","R","M","E","R","BOSS"],"build_version":"2019-01-23","purchased_purges":0,"victory":false,"max_hp_per_floor":[71,71,71,71,71,71,71,71,71,71,71,71,71,71,71,71],"card_choices":[{"not_picked":["Stack"],"picked":"SKIP","floor":1},{"not_picked":[],"picked":"Rip and Tear","floor":3},{"not_picked":["Stack"],"picked":"SKIP","floor":4},{"not_picked":["Aggregate"],"picked":"SKIP","floor":7},{"not_picked":[],"picked":"Loop","floor":10},{"not_picked":["Streamline"],"picked":"SKIP","floor":13},{"not_picked":["Blizzard"],"picked":"SKIP","floor":14}],"player_experience":817318,"relics_obtained":[{"floor":9,"key":"Mummified Hand"},{"floor":14,"key":"War Paint"}],"event_choices":[{"cards_removed":["Dualcast"],"damage_healed":0,"gold_gain":0,"player_choice":"Purged","damage_taken":0,"max_hp_gain":0,"max_hp_loss":0,"event_name":"Purifier","floor":2,"gold_loss":0}],"is_beta":false,"boss_relics":[],"items_purged_floors":[],"is_endless":false,"potions_floor_spawned":[4,13],"killed_by":"Slime Boss","ascension_level":20}