{"gold_per_floor":[109,129,145,70,70,95,95,126,126,126,145,472,472,505,505,580,580,597,610,305,317,329,363,363,390,390,390,390,424,424,157,157,234,234,253,253,271,271,271,271,296,310,335,368,368,383,383,398,398,398],"floor_reached":51,"playtime":8479,"items_purged":["Strike_G","Strike_G","Normality"],"score":1409,"play_id":"1b00d841-83d7-476b-bf38-9de99f90ea04","local_time":"20190619235743","is_ascension_mode":true,"campfire_choices":[{"floor":7.0,"key":"REST"},{"floor":10.0,"key":"REST"},{"floor":15.0,"key":"REST"},{"floor":24.0,"key":"REST"},{"floor":28.0,"key":"REST"},{"data":"Footwork","floor":32.0,"key":"SMITH"},{"floor":40,"key":"REST"},{"floor":45,"key":"REST"},{"floor":47,"key":"REST"},{"data":"Noxious Fumes","floor":49,"key":"SMITH"}],"neow_cost":"NONE","seed_source_timestamp":0,"circlet_count":0,"master_deck":["AscendersBane","Defend_G","Defend_G","Defend_G","Strike_G+1","Strike_G+1","Survivor","Neutralize","After Image","Calculated Gamble","Bouncing Flask","Dagger Throw","Backflip","Leg Sweep+1","Bouncing Flask+1","Corpse Explosion+1","Backflip+1","Bullet Time+1","Prepared+1","The Bomb+1","Infinite Blades","Bouncing Flask+1","Catalyst+1","Infinite Blades","Noxious Fumes+1","Cloak And Dagger+1","Footwork+1","Blind+1","Deadly Poison+1","After Image","Deadly Poison+1","Apotheosis+1","Dodge and Roll+1","Crippling Poison+1","Malaise+1","Normality","Malaise+1","Calculated Gamble+1"],"special_seed":0,"relics":["Ring of the Snake","Whetstone","Toxic Egg 2","Blood Vial","Old Coin","Bag of Marbles","Cursed Key","Ornamental Fan","The Courier","Mummified Hand","Dream Catcher","Oddly Smooth Stone","Empty Cage","Ancient Tea Set","Smiling Mask","Bottled Tornado"],"potions_floor_usage":[41,50,50],"damage_taken":[{"damage":0.0,"enemies":"Cultist","floor":1.0,"turns":4.0},{"damage":1.0,"enemies":"2 Louse","floor":2.0,"turns":4.0},{"damage":9.0,"enemies":"Small Slimes","floor":3.0,"turns":5.0},{"damage":18.0,"enemies":"Lagavulin","floor":6.0,"turns":7.0},{"damage":22.0,"enemies":"Gremlin Nob","floor":8.0,"turns":4.0},{"damage":3.0,"enemies":"2 Fungi Beasts","floor":11.0,"turns":3.0},{"damage":8.0,"enemies":"Lagavulin","floor":12.0,"turns":6.0},{"damage":30.0,"enemies":"Gremlin Nob","floor":14.0,"turns":4.0},{"damage":3.0,"enemies":"Hexaghost","floor":16.0,"turns":7.0},{"damage":5.0,"enemies":"3 Byrds","floor":18.0,"turns":3.0},{"damage":0.0,"enemies":"Chosen","floor":19.0,"turns":4.0},{"damage":13.0,"enemies":"Centurion and Healer","floor":21.0,"turns":3.0},{"damage":4.0,"enemies":"Chosen and Byrds","floor":22.0,"turns":5.0},{"damage":8.0,"enemies":"Gremlin Leader","floor":23.0,"turns":6.0},{"damage":15.0,"enemies":"Book of Stabbing","floor":25.0,"turns":4.0},{"damage":22.0,"enemies":"Slavers","floor":29.0,"turns":3.0},{"damage":3.0,"enemies":"Automaton","floor":33.0,"turns":7.0},{"damage":22,"enemies":"3 Darklings","floor":35,"turns":3},{"damage":6,"enemies":"3 Shapes","floor":37,"turns":4},{"damage":20,"enemies":"Nemesis","floor":41,"turns":9},{"damage":9,"enemies":"Spire Growth","floor":42,"turns":4},{"damage":0,"enemies":"Giant Head","floor":44,"turns":8},{"damage":2,"enemies":"3 Darklings","floor":46,"turns":3},{"damage":8,"enemies":"Jaw Worm Horde","floor":48,"turns":3},{"damage":29,"enemies":"Awakened One","floor":50,"turns":20}],"seed_played":"-4064782684279284513","potions_obtained":[{"floor":6.0,"key":"LiquidBronze"},{"floor":8.0,"key":"GamblersBrew"},{"floor":14.0,"key":"Strength Potion"},{"floor":18.0,"key":"Dexterity Potion"},{"floor":22.0,"key":"SkillPotion"},{"floor":23.0,"key":"FearPotion"},{"floor":33.0,"key":"PowerPotion"},{"floor":35,"key":"Strength Potion"},{"floor":37,"key":"Dexterity Potion"},{"floor":44,"key":"SpeedPotion"},{"floor":48,"key":"Block Potion"}],"is_trial":false,"path_per_floor":["M","M","M","$","?","E","R","E","T","R","M","E","?","E","R","B",null,"M","M","$","M","M","E","R","E","T","?","R","E","?","$","R","B",null,"M","?","M","?","?","R","E","M","T","E","R","M","R","M","R","B",null],"character_chosen":"THE_SILENT","items_purchased":["The Bomb+1","Infinite Blades","Footwork","Blind+1","Deadly Poison+1"],"campfire_rested":8,"item_purchase_floors":[20,20,31,31,31],"current_hp_per_floor":[59,58,49,49,49,31,50,28,28,47,46,40,66,36,55,54,63,60,62,62,51,49,43,62,49,49,49,66,44,44,44,44,43,60,40,40,36,36,27,45,27,20,20,22,40,40,58,52,52,25],"gold":398,"neow_bonus":"ONE_RANDOM_RARE_CARD","is_prod":false,"is_daily":false,"chose_seed":false,"campfire_upgraded":2,"win_rate":0,"timestamp":1561006663,"path_taken":["M","M","M","$","?","E","R","E","T","R","?","E","?","E","R","BOSS","M","M","$","M","M","E","R","E","T","?","R","E","?","$","R","BOSS","M","?","M","?","?","R","E","M","T","E","R","?","R","M","R","BOSS"],"build_version":"2019-01-23","purchased_purges":3,"victory":true,"max_hp_per_floor":[66,66,66,66,66,66,66,66,66,66,66,66,66,66,66,66,66,66,66,66,66,66,66,66,66,66,66,66,66,66,66,66,66,66,66,66,66,63,63,63,63,63,63,63,63,63,63,63,63,63],"card_choices":[{"not_picked":["Flying Knee","Deflect"],"picked":"Calculated Gamble","floor":1.0},{"not_picked":["Quick Slash","Bane"],"picked":"Bouncing Flask","floor":2.0},{"not_picked":["Bane","Blade Dance"],"picked":"Backstab","floor":3.0},{"not_picked":["Quick Slash","Escape Plan"],"picked":"Backflip","floor":6.0},{"not_picked":["Poisoned Stab","Finisher"],"picked":"Leg Sweep","floor":8.0},{"not_picked":["Flying Knee","All Out Attack"],"picked":"Bouncing Flask+1","floor":11.0},{"not_picked":["Crippling Poison+1","All Out Attack"],"picked":"Corpse Explosion+1","floor":12.0},{"not_picked":["Concentrate+1","Deadly Poison+1"],"picked":"Backflip+1","floor":14.0},{"not_picked":["Grand Finale","Tools of the Trade"],"picked":"Bullet Time+1","floor":16.0},{"not_picked":["Eviscerate","Outmaneuver+1"],"picked":"Prepared+1","floor":18.0},{"not_picked":["Dagger Throw","Outmaneuver+1","Poisoned Stab"],"picked":"SKIP","floor":19.0},{"not_picked":["Cloak And Dagger+1","Deflect+1"],"picked":"Bouncing Flask+1","floor":21.0},{"not_picked":["Sucker Punch","Blur+1"],"picked":"Catalyst+1","floor":22.0},{"not_picked":["PiercingWail+1","Poisoned Stab"],"picked":"Infinite Blades","floor":23.0},{"not_picked":["Infinite Blades","Skewer"],"picked":"Noxious Fumes","floor":25.0},{"not_picked":["Dagger Spray","Phantasmal Killer+1"],"picked":"Cloak And Dagger+1","floor":29.0},{"not_picked":["Glass Knife","Venomology+1"],"picked":"After Image","floor":33.0},{"not_picked":["Deflect+1","Choke"],"picked":"Deadly Poison+1","floor":35},{"not_picked":["Violence+1","Forethought+1"],"picked":"Apotheosis+1","floor":36},{"not_picked":["Flying Knee+1","PiercingWail+1"],"picked":"Dodge and Roll+1","floor":37},{"not_picked":["Dodge and Roll+1","Dagger Throw"],"picked":"Crippling Poison+1","floor":40},{"not_picked":["Bane","Quick Slash","Dagger Spray"],"picked":"SKIP","floor":41},{"not_picked":["Endless Agony+1","Backflip+1"],"picked":"Malaise+1","floor":42},{"not_picked":["Outmaneuver+1","Prepared+1"],"picked":"Malaise+1","floor":44},{"not_picked":["Leg Sweep+1","Deadly Poison+1","Infinite Blades"],"picked":"SKIP","floor":46},{"not_picked":["Bouncing Flask+1","Choke+1"],"picked":"Calculated Gamble+1","floor":47},{"not_picked":["Dagger Throw","Quick Slash","Poisoned Stab"],"picked":"SKIP","floor":48}],"player_experience":1334778,"relics_obtained":[{"floor":6.0,"key":"Whetstone"},{"floor":8.0,"key":"Toxic Egg 2"},{"floor":9.0,"key":"Blood Vial"},{"floor":12.0,"key":"Old Coin"},{"floor":14.0,"key":"Bag of Marbles"},{"floor":23.0,"key":"Ornamental Fan"},{"floor":25.0,"key":"The Courier"},{"floor":26.0,"key":"Mummified Hand"},{"floor":29.0,"key":"Dream Catcher"},{"floor":41,"key":"Ancient Tea Set"},{"floor":43,"key":"Smiling Mask"},{"floor":44,"key":"Bottled Tornado"}],"event_choices":[{"damage_healed":0.0,"max_hp_gain":0.0,"max_hp_loss":0.0,"gold_gain":0.0,"cards_transformed":["Strike_G"],"event_name":"Transmorgrifier","player_choice":"Transformed","floor":5.0,"gold_loss":0.0,"damage_taken":0.0,"cards_obtained":["Dagger Throw"]},{"cards_removed":["Backstab"],"damage_healed":26.0,"max_hp_gain":0.0,"max_hp_loss":0.0,"gold_gain":0.0,"event_name":"Bonfire Elementals","player_choice":"Offered Uncommon","floor":13.0,"gold_loss":0.0,"damage_taken":0.0},{"cards_removed":["Defend_G"],"damage_healed":0.0,"max_hp_gain":0.0,"max_hp_loss":0.0,"gold_gain":0.0,"event_name":"Back to Basics","player_choice":"Elegance","floor":27.0,"gold_loss":0.0,"damage_taken":0.0},{"damage_healed":0.0,"max_hp_gain":0.0,"max_hp_loss":0.0,"gold_gain":0.0,"event_name":"The Mausoleum","player_choice":"Opened","floor":30.0,"gold_loss":0.0,"damage_taken":0.0,"relics_obtained":["Oddly Smooth Stone"],"cards_obtained":["Writhe"]},{"damage_healed":0,"gold_gain":0,"player_choice":"Memory 1","damage_taken":0,"max_hp_gain":0,"max_hp_loss":0,"event_name":"SensoryStone","floor":36,"gold_loss":0},{"damage_healed":0,"gold_gain":0,"player_choice":"Max HP","damage_taken":0,"max_hp_gain":0,"max_hp_loss":3,"event_name":"Winding Halls","floor":38,"gold_loss":0},{"damage_healed":0,"gold_gain":0,"player_choice":"Damaged","damage_taken":9,"max_hp_gain":0,"max_hp_loss":0,"event_name":"Wheel of Change","floor":39,"gold_loss":0}],"is_beta":false,"boss_relics":[{"not_picked":["HoveringKite","White Beast Statue"],"picked":"Cursed Key"},{"not_picked":["Black Star","Calling Bell"],"picked":"Empty Cage"}],"items_purged_floors":[4,20,31],"is_endless":false,"potions_floor_spawned":[6,8,12,14,18,22,23,33,35,37,44,48],"ascension_level":15}