{"gold_per_floor":[111,32,46,62,81,106,106,118,118,148,148,323,323,341,341,443,443,368,368,394,406,418,430],"floor_reached":23,"playtime":1989,"items_purged":[],"score":199,"play_id":"fb28f2ff-7188-4faf-819e-7cf56306cae5","local_time":"20190811235353","is_ascension_mode":false,"campfire_choices":[{"floor":7,"key":"REST"},{"data":"Consume","floor":11,"key":"SMITH"},{"data":"Defragment","floor":15,"key":"SMITH"}],"neow_cost":"NONE","seed_source_timestamp":684358544027278,"circlet_count":0,"master_deck":["Strike_B","Strike_B","Strike_B","Strike_B","Defend_B","Defend_B+1","Defend_B+1","Zap+1","Dualcast","Cold Snap","Compile Driver","Leap","Streamline","Consume+1","Rebound","Cold Snap","Doubt","Defragment+1","Echo Form","Gash","Auto Shields","Creative AI","Glacier","Storm","Defragment+1","Fusion","White Noise","Doom and Gloom","Self Repair"],"relics":["Cracked Core","Pantograph","Bottled Tornado","Bottled Flame","War Paint","Orrery","MawBank"],"potions_floor_usage":[16],"damage_taken":[{"damage":1,"enemies":"Cultist","floor":1,"turns":3},{"damage":2,"enemies":"2 Louse","floor":3,"turns":3},{"damage":8,"enemies":"Small Slimes","floor":4,"turns":2},{"damage":10,"enemies":"2 Fungi Beasts","floor":5,"turns":4},{"damage":13,"enemies":"3 Sentries","floor":6,"turns":7},{"damage":12,"enemies":"Exordium Wildlife","floor":8,"turns":4},{"damage":22,"enemies":"Gremlin Nob","floor":10,"turns":4},{"damage":8,"enemies":"Large Slime","floor":14,"turns":5},{"damage":13,"enemies":"Hexaghost","floor":16,"turns":11},{"damage":25,"enemies":"2 Thieves","floor":18,"turns":5},{"damage":2,"enemies":"Chosen","floor":20,"turns":5},{"damage":56,"enemies":"Gremlin Leader","floor":23,"turns":6}],"seed_played":"-8661150505274470501","potions_obtained":[{"floor":3,"key":"Strength Potion"},{"floor":6,"key":"Strength Potion"},{"floor":8,"key":"PowerPotion"},{"floor":20,"key":"SteroidPotion"}],"is_trial":false,"path_per_floor":["M","$","M","M","M","E","R","M","T","E","R","?","?","M","R","B",null,"M","?","M","?","?","E"],"character_chosen":"DEFECT","items_purchased":["Hello World"],"campfire_rested":1,"item_purchase_floors":[2],"current_hp_per_floor":[74,74,72,64,54,41,63,51,51,29,29,29,29,21,21,33,75,50,50,48,48,48,0],"gold":430,"neow_bonus":"UPGRADE_CARD","is_prod":false,"is_daily":false,"chose_seed":false,"campfire_upgraded":2,"win_rate":0,"timestamp":1565582033,"path_taken":["M","$","M","M","M","E","R","M","T","E","R","?","?","?","R","BOSS","M","?","M","?","?","E"],"build_version":"2019-07-17","purchased_purges":0,"victory":false,"max_hp_per_floor":[75,75,75,75,75,75,75,75,75,75,75,75,75,75,75,75,75,75,75,75,75,75,75],"card_choices":[{"not_picked":["Turbo","Go for the Eyes"],"picked":"Cold Snap","floor":1},{"not_picked":["Storm","Barrage"],"picked":"Compile Driver","floor":3},{"not_picked":["Chill","Go for the Eyes"],"picked":"Leap","floor":4},{"not_picked":["Stack","Hologram"],"picked":"Streamline","floor":5},{"not_picked":["Compile Driver","All For One"],"picked":"Consume","floor":6},{"not_picked":["Cold Snap","Scrape"],"picked":"Rebound","floor":8},{"not_picked":["Tempest","Barrage"],"picked":"Cold Snap","floor":10},{"not_picked":["Beam Cell","Hologram"],"picked":"Defragment","floor":14},{"not_picked":["Multi-Cast","Biased Cognition"],"picked":"Echo Form","floor":16},{"not_picked":["Stack","Recycle"],"picked":"Gash","floor":17},{"not_picked":["Steam","Cold Snap"],"picked":"Auto Shields","floor":17},{"not_picked":["Beam Cell","Turbo"],"picked":"Creative AI","floor":17},{"not_picked":["Rebound","Turbo"],"picked":"Glacier","floor":17},{"not_picked":["Hologram","Redo"],"picked":"Storm","floor":17},{"not_picked":["Scrape+1","Glacier"],"picked":"Defragment+1","floor":18},{"not_picked":["Auto Shields+1","Conserve Battery"],"picked":"Fusion","floor":20}],"player_experience":155781,"relics_obtained":[{"floor":6,"key":"Pantograph"},{"floor":9,"key":"Bottled Tornado"},{"floor":10,"key":"Bottled Flame"}],"event_choices":[{"damage_healed":0,"gold_gain":175,"player_choice":"AGREE","damage_taken":0,"max_hp_gain":0,"max_hp_loss":0,"event_name":"Liars Game","floor":12,"gold_loss":0,"cards_obtained":["Doubt"]},{"damage_healed":0,"gold_gain":0,"player_choice":"Gave Potion","damage_taken":0,"relics_obtained":["War Paint"],"max_hp_gain":0,"max_hp_loss":0,"event_name":"WeMeetAgain","floor":13,"gold_loss":0},{"damage_healed":0,"gold_gain":0,"player_choice":"Opened","damage_taken":0,"relics_obtained":["MawBank"],"max_hp_gain":0,"max_hp_loss":0,"event_name":"The Mausoleum","floor":19,"gold_loss":0},{"damage_healed":0,"gold_gain":0,"cards_transformed":["Defend_B","Hello World"],"player_choice":"Became Test Subject","damage_taken":0,"max_hp_gain":0,"max_hp_loss":0,"event_name":"Drug Dealer","floor":21,"gold_loss":0,"cards_obtained":["White Noise","Doom and Gloom"]},{"damage_healed":0,"gold_gain":0,"player_choice":"Read","damage_taken":0,"max_hp_gain":0,"max_hp_loss":0,"event_name":"The Library","floor":22,"gold_loss":0,"cards_obtained":["Self Repair"]}],"is_beta":false,"boss_relics":[{"not_picked":["Coffee Dripper","Runic Dome"],"picked":"Orrery"}],"items_purged_floors":[],"is_endless":false,"potions_floor_spawned":[3,6,8,20],"killed_by":"Gremlin Leader","ascension_level":0}