{"gold_per_floor":[109,109,128,128,148,175,175,188,267,104,138,138],"floor_reached":12,"playtime":3375,"items_purged":["Strike_G"],"score":158,"play_id":"ca5031d3-53df-4f05-b34c-2df6b9f9b395","local_time":"20190630170000","is_ascension_mode":true,"campfire_choices":[{"floor":7,"key":"REST"}],"neow_cost":"NONE","seed_source_timestamp":586255732611224,"circlet_count":0,"master_deck":["AscendersBane","Defend_G","Defend_G","Defend_G","Defend_G","Defend_G","Strike_G","Strike_G","Strike_G","Survivor","Neutralize","Phantasmal Killer","Dodge and Roll","Dagger Throw","Bouncing Flask","Noxious Fumes","Doppelganger","Skewer","Noxious Fumes"],"relics":["Ring of the Snake","Torii","Dodecahedron","Bag of Marbles"],"potions_floor_usage":[6,12],"damage_taken":[{"damage":7,"enemies":"Small Slimes","floor":1,"turns":4},{"damage":1,"enemies":"2 Louse","floor":3,"turns":4},{"damage":0,"enemies":"Jaw Worm","floor":5,"turns":5},{"damage":23,"enemies":"Gremlin Nob","floor":6,"turns":5},{"damage":18,"enemies":"Exordium Wildlife","floor":8,"turns":4},{"damage":12,"enemies":"Lagavulin","floor":11,"turns":6},{"damage":17,"enemies":"3 Sentries","floor":12,"turns":2}],"seed_played":"-8318928512367487605","potions_obtained":[{"floor":3,"key":"GhostInAJar"},{"floor":11,"key":"Energy Potion"}],"is_trial":false,"path_per_floor":["M","?","M","?","M","E","R","M","T","$","E","?"],"character_chosen":"THE_SILENT","items_purchased":["Noxious Fumes"],"campfire_rested":1,"item_purchase_floors":[10],"current_hp_per_floor":[52,52,51,51,51,28,47,29,29,29,17,0],"gold":138,"neow_bonus":"ONE_RANDOM_RARE_CARD","is_prod":false,"is_daily":false,"chose_seed":false,"campfire_upgraded":0,"win_rate":0,"timestamp":1561932000,"path_taken":["M","?","M","?","M","E","R","M","T","$","E","?"],"build_version":"2019-01-23","purchased_purges":1,"victory":false,"max_hp_per_floor":[66,66,66,66,66,66,66,66,66,66,66,66],"card_choices":[{"not_picked":["Blade Dance","PiercingWail"],"picked":"Dodge and Roll","floor":1},{"not_picked":["Sucker Punch","Acrobatics"],"picked":"Bouncing Flask","floor":3},{"not_picked":["Leg Sweep","Sucker Punch"],"picked":"Noxious Fumes","floor":5},{"not_picked":["A Thousand Cuts","Grand Finale"],"picked":"Doppelganger","floor":6},{"not_picked":["Acrobatics","Predator"],"picked":"Skewer","floor":8},{"not_picked":["Riddle With Holes","Finisher","Underhanded Strike"],"picked":"SKIP","floor":11}],"player_experience":1441228,"relics_obtained":[{"floor":6,"key":"Torii"},{"floor":9,"key":"Dodecahedron"},{"floor":11,"key":"Bag of Marbles"}],"event_choices":[{"damage_healed":0,"gold_gain":0,"cards_transformed":["Strike_G"],"player_choice":"Change","damage_taken":0,"max_hp_gain":0,"max_hp_loss":0,"event_name":"Living Wall","floor":2,"gold_loss":0,"cards_obtained":["Dagger Throw"]},{"damage_healed":0,"gold_gain":0,"player_choice":"Ignored","damage_taken":0,"max_hp_gain":0,"max_hp_loss":0,"event_name":"Liars Game","floor":4,"gold_loss":0},{"damage_healed":0,"gold_gain":0,"player_choice":"Searched \u00271\u0027 times","damage_taken":0,"max_hp_gain":0,"max_hp_loss":0,"event_name":"Dead Adventurer","floor":12,"gold_loss":0}],"is_beta":false,"boss_relics":[],"items_purged_floors":[10],"is_endless":false,"potions_floor_spawned":[3,11],"killed_by":"3 Sentries","ascension_level":16}