{"gold_per_floor":[116,116,116,66,84,84,101,130,130,157,157,168,193,6,6,103,103,116,116,127,138,150,150,150],"floor_reached":24,"playtime":2252,"items_purged":[],"score":216,"play_id":"b5aa3b3f-0c32-4262-bf7e-f88618fbb8da","local_time":"20190820131524","is_ascension_mode":true,"campfire_choices":[{"data":"Armaments","floor":6,"key":"SMITH"},{"data":"Entrench","floor":11,"key":"SMITH"},{"data":"Limit Break","floor":15,"key":"SMITH"},{"data":"Flex","floor":23,"key":"SMITH"}],"neow_cost":"NONE","seed_source_timestamp":1426998691025006,"circlet_count":0,"master_deck":["Strike_R+1","Strike_R","Strike_R","Strike_R","Strike_R","Defend_R","Defend_R","Defend_R","Bash+1","Thunderclap","Armaments+1","Clash","Reckless Charge","Iron Wave","Entrench+1","Rampage","Spot Weakness","Limit Break+1","Shrug It Off","Reaper","Havoc","Headbutt","Feel No Pain","Flex+1"],"relics":["Burning Blood","Dodecahedron","Whetstone","Sundial","Odd Mushroom","Dream Catcher","White Beast Statue"],"potions_floor_usage":[13,13,18,21,21,21,22],"damage_taken":[{"damage":6,"enemies":"Jaw Worm","floor":1,"turns":3},{"damage":7,"enemies":"Small Slimes","floor":5,"turns":4},{"damage":0,"enemies":"2 Louse","floor":7,"turns":2},{"damage":27,"enemies":"Gremlin Nob","floor":8,"turns":5},{"damage":6,"enemies":"The Mushroom Lair","floor":10,"turns":4},{"damage":14,"enemies":"Exordium Wildlife","floor":12,"turns":5},{"damage":19,"enemies":"Lagavulin","floor":13,"turns":7},{"damage":26,"enemies":"The Guardian","floor":16,"turns":10},{"damage":7,"enemies":"Chosen","floor":18,"turns":5},{"damage":20,"enemies":"3 Byrds","floor":20,"turns":6},{"damage":39,"enemies":"Centurion and Healer","floor":21,"turns":4},{"damage":43,"enemies":"3 Cultists","floor":22,"turns":5},{"damage":53,"enemies":"Book of Stabbing","floor":24,"turns":4}],"seed_played":"-2347763350021468267","potions_obtained":[{"floor":1,"key":"SkillPotion"},{"floor":10,"key":"SkillPotion"},{"floor":12,"key":"BloodPotion"},{"floor":13,"key":"FearPotion"},{"floor":18,"key":"Strength Potion"},{"floor":20,"key":"LiquidBronze"},{"floor":21,"key":"Strength Potion"},{"floor":22,"key":"Energy Potion"}],"is_trial":false,"path_per_floor":["M","?","?","?","M","R","M","E","T","?","R","M","E","$","R","B",null,"M","?","M","M","M","R","E"],"character_chosen":"IRONCLAD","items_purchased":["Limit Break","Shrug It Off"],"campfire_rested":0,"item_purchase_floors":[14,14],"current_hp_per_floor":[80,68,68,68,67,67,73,52,52,52,52,44,51,51,51,31,80,80,80,69,53,42,42,0],"gold":150,"neow_bonus":"THREE_CARDS","is_prod":false,"is_daily":false,"chose_seed":false,"campfire_upgraded":4,"win_rate":0,"timestamp":1566324924,"path_taken":["M","?","?","?","M","R","M","E","T","?","R","M","E","$","R","BOSS","M","?","M","M","M","R","E"],"build_version":"2019-07-17","purchased_purges":0,"victory":false,"max_hp_per_floor":[80,80,80,80,80,80,80,80,80,80,80,80,80,80,80,80,80,80,80,80,80,80,80,80],"card_choices":[{"not_picked":["Warcry","Sword Boomerang"],"picked":"Thunderclap","floor":0},{"not_picked":["Blood for Blood","Havoc"],"picked":"Armaments","floor":1},{"not_picked":["Anger","Warcry"],"picked":"Clash","floor":5},{"not_picked":["Whirlwind","True Grit"],"picked":"Reckless Charge","floor":7},{"not_picked":["Havoc","Twin Strike"],"picked":"Iron Wave","floor":8},{"not_picked":["Hemokinesis","Heavy Blade"],"picked":"Entrench","floor":10},{"not_picked":["Clash","Rupture"],"picked":"Rampage","floor":12},{"not_picked":["Cleave","Reckless Charge"],"picked":"Spot Weakness","floor":13},{"not_picked":["Exhume","Offering"],"picked":"Reaper","floor":16},{"not_picked":["Wild Strike+1","True Grit"],"picked":"Havoc","floor":18},{"not_picked":["True Grit","Sword Boomerang"],"picked":"Headbutt","floor":20},{"not_picked":["Reckless Charge","Shrug It Off+1"],"picked":"Feel No Pain","floor":21},{"not_picked":["Sever Soul+1","Anger+1"],"picked":"Flex","floor":22}],"player_experience":181278,"relics_obtained":[{"floor":8,"key":"Whetstone"},{"floor":9,"key":"Sundial"},{"floor":10,"key":"Odd Mushroom"},{"floor":13,"key":"Dream Catcher"}],"event_choices":[{"damage_healed":0,"gold_gain":0,"player_choice":"Success","damage_taken":12,"relics_obtained":["Dodecahedron"],"max_hp_gain":0,"max_hp_loss":0,"event_name":"Scrap Ooze","floor":2,"gold_loss":0},{"damage_healed":0,"gold_gain":0,"player_choice":"Ignored","damage_taken":0,"max_hp_gain":0,"max_hp_loss":0,"event_name":"Liars Game","floor":3,"gold_loss":0},{"cards_removed":["Defend_R"],"damage_healed":0,"gold_gain":0,"player_choice":"Card Removal","damage_taken":0,"max_hp_gain":0,"max_hp_loss":0,"event_name":"The Cleric","floor":4,"gold_loss":50},{"damage_healed":0,"gold_gain":0,"player_choice":"Fought Mushrooms","damage_taken":0,"max_hp_gain":0,"max_hp_loss":0,"event_name":"Mushrooms","floor":10,"gold_loss":0},{"damage_healed":0,"gold_gain":0,"player_choice":"Ignored","damage_taken":0,"max_hp_gain":0,"max_hp_loss":0,"event_name":"Ghosts","floor":19,"gold_loss":0}],"is_beta":false,"boss_relics":[{"not_picked":["Runic Cube","Empty Cage"],"picked":"White Beast Statue"}],"items_purged_floors":[],"is_endless":false,"potions_floor_spawned":[1,10,12,13,18,20,21,22],"killed_by":"Book of Stabbing","ascension_level":1}