{"gold_per_floor":[111,36,36,36,36,62,75,75,112,133,148,148,163,188,188,247,247,261,281,281,281,171,171,171,171,227,227,227,307,307,51,51,113,113,126,206,222,222,222,222,238,238,238,256,284,284,309,18,18,18,18],"floor_reached":52,"playtime":1148,"items_purged":["Defend_R"],"score":2463,"play_id":"a92792f9-498f-4737-9995-b6ba5134bde8","local_time":"20190806124413","is_ascension_mode":true,"campfire_choices":[{"data":"Fiend Fire","floor":8.0,"key":"SMITH"},{"data":"Bash","floor":15.0,"key":"SMITH"},{"data":"Inflame","floor":23.0,"key":"SMITH"},{"data":"Battle Trance","floor":25.0,"key":"SMITH"},{"data":"Offering","floor":27.0,"key":"SMITH"},{"data":"Rage","floor":32.0,"key":"SMITH"},{"data":"Whirlwind","floor":40.0,"key":"SMITH"},{"data":"Flame Barrier","floor":42.0,"key":"SMITH"},{"data":"Evolve","floor":49.0,"key":"SMITH"}],"neow_cost":"NONE","seed_source_timestamp":0,"circlet_count":0,"master_deck":["AscendersBane","Strike_R+1","Defend_R","Defend_R","Bash+1","Battle Trance+1","Fiend Fire+1","Evolve+1","Offering+1","Inflame+1","Rupture","Rage+1","Whirlwind+1","Reaper","Flame Barrier+1"],"special_seed":0,"relics":["Burning Blood","NeowsBlessing","Bronze Scales","Incense Burner","Regal Pillow","Omamori","Mercury Hourglass","Juzu Bracelet","Coffee Dripper","Boot","Thread and Needle","The Courier","PreservedInsect","Turnip","Gremlin Horn","Necronomicon","Anchor","Mark of Pain","Prayer Wheel","Blue Candle","Centennial Puzzle","Pen Nib","Dream Catcher","Lantern","Bag of Marbles"],"potions_floor_usage":[51,51],"damage_taken":[{"damage":0.0,"enemies":"Small Slimes","floor":1.0,"turns":1.0},{"damage":0.0,"enemies":"3 Sentries","floor":6.0,"turns":2.0},{"damage":0.0,"enemies":"2 Louse","floor":7.0,"turns":1.0},{"damage":20.0,"enemies":"Lagavulin","floor":10.0,"turns":4.0},{"damage":0.0,"enemies":"Cultist","floor":11.0,"turns":2.0},{"damage":1.0,"enemies":"Exordium Wildlife","floor":13.0,"turns":3.0},{"damage":1.0,"enemies":"Gremlin Nob","floor":14.0,"turns":3.0},{"damage":65.0,"enemies":"Hexaghost","floor":16.0,"turns":8.0},{"damage":3.0,"enemies":"3 Byrds","floor":18.0,"turns":3.0},{"damage":17.0,"enemies":"Colosseum Slavers","floor":29.0,"turns":4.0},{"damage":0.0,"enemies":"Colosseum Nobs","floor":29.0,"turns":4.0},{"damage":6.0,"enemies":"Collector","floor":33.0,"turns":5.0},{"damage":0.0,"enemies":"3 Darklings","floor":35.0,"turns":2.0},{"damage":16.0,"enemies":"Mind Bloom Boss Battle","floor":36.0,"turns":4.0},{"damage":11.0,"enemies":"3 Shapes","floor":37.0,"turns":3.0},{"damage":1.0,"enemies":"Spire Growth","floor":41.0,"turns":2.0},{"damage":6.0,"enemies":"Nemesis","floor":45.0,"turns":1.0},{"damage":6.0,"enemies":"Reptomancer","floor":47.0,"turns":2.0},{"damage":67,"enemies":"Awakened One","floor":50,"turns":10},{"damage":6,"enemies":"Donu and Deca","floor":51,"turns":3}],"seed_played":"1227224064894302720","potions_obtained":[{"floor":1.0,"key":"SneckoOil"},{"floor":6.0,"key":"Poison Potion"},{"floor":14.0,"key":"SteroidPotion"},{"floor":16.0,"key":"Weak Potion"},{"floor":33.0,"key":"FearPotion"},{"floor":36.0,"key":"Regen Potion"},{"floor":41.0,"key":"PowerPotion"}],"is_trial":false,"path_per_floor":["M","?","$","?","?","E","M","R","T","E","M","T","M","E","R","B",null,"M","T","?","?","?","R","?","R","T","R","?","?","?","$","R","B",null,"M","?","M","?","?","R","M","R","T","T","E","?","E","$","R","B","B",null],"character_chosen":"IRONCLAD","items_purchased":["Anchor","Dexterity Potion","Lantern","Bag of Marbles","Strength Potion"],"campfire_rested":0,"item_purchase_floors":[31,31,48,48,48],"current_hp_per_floor":[73,73,73,73,73,75,75,75,75,60,65,65,69,73,73,13,51,53,53,53,53,53,53,53,53,53,53,53,46,25,25,25,24,54,64,69,71,71,71,71,71,71,71,71,70,70,69,69,69,32,35],"gold":18,"neow_bonus":"THREE_ENEMY_KILL","is_prod":false,"is_daily":false,"chose_seed":false,"campfire_upgraded":9,"win_rate":0,"timestamp":1565070253,"path_taken":["M","?","$","?","?","E","?","R","T","E","M","?","M","E","R","BOSS","M","?","?","?","?","R","?","R","T","R","?","?","?","?","R","BOSS","M","?","M","?","?","R","M","R","T","?","E","?","E","$","R","BOSS","BOSS"],"build_version":"2019-07-18","purchased_purges":1,"victory":true,"max_hp_per_floor":[75,75,75,75,75,75,75,75,75,75,75,75,75,75,75,75,75,75,75,75,75,75,75,75,75,75,75,75,75,75,75,75,75,75,75,75,75,75,71,71,71,71,71,71,71,71,71,71,71,71,71],"card_choices":[{"not_picked":["Sentinel","Flame Barrier"],"picked":"Battle Trance","floor":1.0},{"not_picked":["Sword Boomerang","Body Slam"],"picked":"Fiend Fire","floor":6.0},{"not_picked":["Havoc","Anger","Iron Wave"],"picked":"SKIP","floor":7.0},{"not_picked":["Headbutt","Warcry","Wild Strike"],"picked":"SKIP","floor":10.0},{"not_picked":["Second Wind","Juggernaut","Seeing Red"],"picked":"SKIP","floor":11.0},{"not_picked":["Pommel Strike","Body Slam","Iron Wave"],"picked":"SKIP","floor":13.0},{"not_picked":["Battle Trance","Infernal Blade"],"picked":"Evolve","floor":14.0},{"not_picked":["Exhume","Impervious"],"picked":"Offering","floor":16.0},{"not_picked":["True Grit","Flame Barrier"],"picked":"Inflame","floor":18.0},{"not_picked":["Clash","Clothesline"],"picked":"Whirlwind","floor":29.0},{"not_picked":["Offering","Brutality"],"picked":"Reaper","floor":33.0},{"not_picked":["Twin Strike","Evolve"],"picked":"Flame Barrier","floor":35.0},{"not_picked":["Hemokinesis+1","Battle Trance","Iron Wave"],"picked":"SKIP","floor":37.0},{"not_picked":["Pommel Strike","Seeing Red+1","Combust+1"],"picked":"SKIP","floor":37.0},{"not_picked":["True Grit","Pommel Strike","Warcry"],"picked":"SKIP","floor":41.0},{"not_picked":["Wild Strike","Iron Wave","Havoc"],"picked":"SKIP","floor":41.0},{"not_picked":["Dark Embrace","Ghostly Armor+1","Rage"],"picked":"SKIP","floor":45.0},{"not_picked":["Feel No Pain+1","Entrench","Second Wind+1"],"picked":"SKIP","floor":47.0}],"player_experience":1051123,"relics_obtained":[{"floor":6.0,"key":"Incense Burner"},{"floor":9.0,"key":"Regal Pillow"},{"floor":10.0,"key":"Omamori"},{"floor":12.0,"key":"Mercury Hourglass"},{"floor":14.0,"key":"Juzu Bracelet"},{"floor":19.0,"key":"Boot"},{"floor":26.0,"key":"The Courier"},{"floor":28.0,"key":"PreservedInsect"},{"floor":29.0,"key":"Turnip"},{"floor":29.0,"key":"Gremlin Horn"},{"floor":30.0,"key":"Necronomicon"},{"floor":36.0,"key":"Prayer Wheel"},{"floor":43.0,"key":"Blue Candle"},{"floor":44.0,"key":"Centennial Puzzle"},{"floor":45.0,"key":"Pen Nib"},{"floor":47.0,"key":"Dream Catcher"}],"event_choices":[{"cards_removed":["Strike_R"],"damage_healed":0.0,"max_hp_gain":0.0,"max_hp_loss":0.0,"gold_gain":0.0,"event_name":"The Cleric","player_choice":"Card Removal","floor":2.0,"gold_loss":75.0,"damage_taken":0.0},{"damage_healed":0.0,"max_hp_gain":0.0,"max_hp_loss":0.0,"gold_gain":0.0,"event_name":"Liars Game","player_choice":"Ignored","floor":4.0,"gold_loss":0.0,"damage_taken":0.0},{"damage_healed":0.0,"max_hp_gain":0.0,"max_hp_loss":0.0,"gold_gain":0.0,"event_name":"WeMeetAgain","player_choice":"Gave Potion","floor":5.0,"gold_loss":0.0,"damage_taken":0.0,"relics_obtained":["Bronze Scales"]},{"damage_healed":0.0,"max_hp_gain":0.0,"max_hp_loss":0.0,"gold_gain":0.0,"event_name":"Ghosts","player_choice":"Ignored","floor":20.0,"gold_loss":0.0,"damage_taken":0.0},{"damage_healed":0.0,"max_hp_gain":0.0,"max_hp_loss":0.0,"gold_gain":0.0,"cards_transformed":["Strike_R","Defend_R"],"event_name":"Drug Dealer","player_choice":"Became Test Subject","floor":21.0,"gold_loss":0.0,"damage_taken":0.0,"cards_obtained":["Rupture","Rage"]},{"cards_removed":["Strike_R"],"damage_healed":0.0,"max_hp_gain":0.0,"max_hp_loss":0.0,"gold_gain":0.0,"event_name":"Designer","player_choice":"Upgrade and Remove","floor":22.0,"gold_loss":110.0,"damage_taken":0.0,"cards_upgraded":["Strike_R"]},{"damage_healed":0.0,"max_hp_gain":0.0,"max_hp_loss":0.0,"gold_gain":0.0,"event_name":"The Mausoleum","player_choice":"Opened","floor":24.0,"gold_loss":0.0,"damage_taken":0.0,"relics_obtained":["Thread and Needle"],"cards_obtained":["Writhe"]},{"damage_healed":0.0,"max_hp_gain":0.0,"max_hp_loss":0.0,"gold_gain":0.0,"event_name":"Wheel of Change","player_choice":"Relic","floor":28.0,"gold_loss":0.0,"damage_taken":0.0},{"damage_healed":0.0,"max_hp_gain":0.0,"max_hp_loss":0.0,"gold_gain":0.0,"event_name":"Colosseum","player_choice":"Fight","floor":29.0,"gold_loss":0.0,"damage_taken":0.0},{"damage_healed":0.0,"max_hp_gain":0.0,"max_hp_loss":0.0,"gold_gain":0.0,"event_name":"Colosseum","player_choice":"Fought Nobs","floor":29.0,"gold_loss":0.0,"damage_taken":0.0},{"damage_healed":0.0,"max_hp_gain":0.0,"max_hp_loss":0.0,"gold_gain":0.0,"event_name":"Cursed Tome","player_choice":"Obtained Book","floor":30.0,"gold_loss":0.0,"damage_taken":21.0},{"damage_healed":0.0,"max_hp_gain":0.0,"max_hp_loss":0.0,"gold_gain":0.0,"event_name":"MindBloom","player_choice":"Fight","floor":36.0,"gold_loss":0.0,"damage_taken":0.0},{"damage_healed":0.0,"max_hp_gain":0.0,"max_hp_loss":0.0,"gold_gain":0.0,"event_name":"Mysterious Sphere","player_choice":"Ignored","floor":38.0,"gold_loss":0.0,"damage_taken":0.0},{"damage_healed":0.0,"max_hp_gain":0.0,"max_hp_loss":4.0,"gold_gain":0.0,"event_name":"Winding Halls","player_choice":"Max HP","floor":39.0,"gold_loss":0.0,"damage_taken":0.0},{"cards_removed":["Strike_R"],"damage_healed":0.0,"max_hp_gain":0.0,"max_hp_loss":0.0,"gold_gain":0.0,"event_name":"Falling","player_choice":"Removed Attack","floor":46.0,"gold_loss":0.0,"damage_taken":0.0}],"is_beta":true,"boss_relics":[{"not_picked":["Runic Cube","Black Star"],"picked":"Coffee Dripper"},{"not_picked":["Astrolabe","Fusion Hammer"],"picked":"Mark of Pain"}],"items_purged_floors":[31],"is_endless":false,"potions_floor_spawned":[1,6,14,16,33,36,37,41,45],"ascension_level":23}