{"gold_per_floor":[111,127,202,202,37,37,66,82,135,147,166,166,191,191,191,267,267,283,383,393,443,460,460,492,313,338,357,357,63,63,76,76,147,147,162,162,182,199,49,49,77,95,168,168,213,38,72,72,72,72,72,72,72,35,64,64],"floor_reached":56,"playtime":6900,"items_purged":["Pain","Strike_R","Normality","Writhe","Decay"],"score":1991,"play_id":"2b480470-6bbf-4ae4-8b04-dd43c006282f","local_time":"20190415212401","is_ascension_mode":true,"campfire_choices":[{"data":"Bash","floor":6.0,"key":"SMITH"},{"data":"Spot Weakness","floor":12.0,"key":"SMITH"},{"data":"Heavy Blade","floor":15.0,"key":"SMITH"},{"data":"Inflame","floor":23.0,"key":"SMITH"},{"data":"Feed","floor":28.0,"key":"SMITH"},{"data":"Pommel Strike","floor":32.0,"key":"SMITH"},{"data":"Enlightenment","floor":40.0,"key":"SMITH"},{"floor":44.0,"key":"RECALL"},{"data":"Strike_R","floor":49.0,"key":"PURGE"},{"floor":53,"key":"REST"}],"neow_cost":"NONE","seed_source_timestamp":266004485103516,"circlet_count":0,"master_deck":["AscendersBane","Strike_R","Strike_R","Strike_R","Defend_R","Defend_R","Defend_R","Defend_R","Bash+1","Perfected Strike","Shrug It Off+1","Spot Weakness+1","Inflame+1","Flame Barrier","Heavy Blade+1","Twin Strike","Pommel Strike+1","Feed+1","Clothesline","Pommel Strike","Iron Wave+1","Disarm+1","Flame Barrier","Reaper","Pommel Strike","Thinking Ahead","Dark Shackles","Enlightenment+1","Twin Strike+1","Inflame+1","Burning Pact+1","Second Wind+1","Feel No Pain"],"special_seed":0,"relics":["Burning Blood","NeowsBlessing","WarpedTongs","Strawberry","Vajra","Darkstone Periapt","Mercury Hourglass","Cursed Key","Mango","Letter Opener","Art of War","Blood Vial","Anchor","War Paint","Runic Pyramid","Sundial","Peace Pipe","Bottled Lightning","Self Forming Clay"],"potions_floor_usage":[56,56],"damage_taken":[{"damage":0.0,"enemies":"Small Slimes","floor":1.0,"turns":1.0},{"damage":0.0,"enemies":"Cultist","floor":2.0,"turns":1.0},{"damage":0.0,"enemies":"Lagavulin","floor":7.0,"turns":1.0},{"damage":0.0,"enemies":"Jaw Worm","floor":8.0,"turns":3.0},{"damage":3.0,"enemies":"Blue Slaver","floor":10.0,"turns":5.0},{"damage":7.0,"enemies":"3 Louse","floor":11.0,"turns":4.0},{"damage":8.0,"enemies":"Gremlin Nob","floor":13.0,"turns":3.0},{"damage":38.0,"enemies":"Slime Boss","floor":16.0,"turns":5.0},{"damage":18.0,"enemies":"Chosen","floor":18.0,"turns":4.0},{"damage":14.0,"enemies":"Colosseum Slavers","floor":19.0,"turns":3.0},{"damage":10.0,"enemies":"Colosseum Nobs","floor":19.0,"turns":3.0},{"damage":22.0,"enemies":"2 Thieves","floor":20.0,"turns":4.0},{"damage":9.0,"enemies":"Snake Plant","floor":22.0,"turns":4.0},{"damage":10.0,"enemies":"Gremlin Leader","floor":24.0,"turns":7.0},{"damage":18.0,"enemies":"Chosen and Byrds","floor":27.0,"turns":4.0},{"damage":10.0,"enemies":"Centurion and Healer","floor":31.0,"turns":8.0},{"damage":30.0,"enemies":"Champ","floor":33.0,"turns":10.0},{"damage":7.0,"enemies":"3 Darklings","floor":35.0,"turns":6.0},{"damage":4.0,"enemies":"Orb Walker","floor":37.0,"turns":5.0},{"damage":42.0,"enemies":"3 Darklings","floor":38.0,"turns":8.0},{"damage":47.0,"enemies":"Nemesis","floor":41.0,"turns":8.0},{"damage":40.0,"enemies":"Writhing Mass","floor":42.0,"turns":8.0},{"damage":47.0,"enemies":"2 Orb Walkers","floor":45.0,"turns":4.0},{"damage":31.0,"enemies":"Reptomancer","floor":47.0,"turns":5.0},{"damage":94.0,"enemies":"Donu and Deca","floor":50.0,"turns":8.0},{"damage":113,"enemies":"Awakened One","floor":51,"turns":10},{"damage":114,"enemies":"Shield and Spear","floor":55,"turns":9},{"damage":102,"enemies":"The Heart","floor":56,"turns":6}],"seed_played":"4777325908531101112","potions_obtained":[{"floor":2.0,"key":"SteroidPotion"},{"floor":10.0,"key":"SpeedPotion"},{"floor":16.0,"key":"Fire Potion"},{"floor":20.0,"key":"Block Potion"},{"floor":33.0,"key":"PowerPotion"},{"floor":41.0,"key":"EssenceOfSteel"},{"floor":45.0,"key":"SkillPotion"},{"floor":55,"key":"EssenceOfSteel"}],"is_trial":false,"path_per_floor":["M","M","?","?","$","R","E","M","T","M","M","R","E","T","R","B",null,"M","?","M","?","M","R","E","$","T","M","R","$","?","M","R","B",null,"M","?","M","M","$","R","E","M","T","R","?","$","E","?","R","B","B",null,"R","$","E","B"],"character_chosen":"IRONCLAD","items_purchased":["Shrug It Off","Spot Weakness","Disarm","Anchor","Feel No Pain"],"campfire_rested":1,"item_purchase_floors":[5,5,25,29,54],"current_hp_per_floor":[74,75,64,64,64,64,77,82,82,82,81,81,79,79,79,47,73,65,74,61,61,58,58,54,54,60,54,54,54,60,62,62,44,112,138,128,138,136,136,136,120,92,98,98,77,77,124,164,164,118,47,141,172,172,82,0],"gold":64,"neow_bonus":"THREE_ENEMY_KILL","is_prod":false,"is_daily":false,"chose_seed":false,"campfire_upgraded":7,"win_rate":0,"timestamp":1555377841,"path_taken":["M","M","?","?","$","R","E","?","T","M","M","R","E","?","R","BOSS","M","?","M","?","M","R","E","$","T","M","R","$","?","M","R","BOSS","M","?","M","M","$","R","E","M","T","R","?","?","E","?","R","BOSS","BOSS","R","$","E","BOSS"],"build_version":"2019-01-23","purchased_purges":5,"victory":false,"max_hp_per_floor":[75,75,75,75,75,75,82,82,82,82,82,82,82,82,82,82,82,86,107,110,110,110,110,110,110,116,120,120,120,126,130,130,134,134,138,138,138,142,142,142,146,150,156,156,160,160,164,164,164,168,172,172,172,172,176,176],"card_choices":[{"not_picked":["Iron Wave","Havoc"],"picked":"Perfected Strike","floor":1.0},{"not_picked":["Heavy Blade","Clash","Warcry"],"picked":"SKIP","floor":2.0},{"not_picked":["Combust","Cleave"],"picked":"Inflame","floor":7.0},{"not_picked":["Clash","Flex"],"picked":"Flame Barrier","floor":8.0},{"not_picked":["Twin Strike","Berserk"],"picked":"Heavy Blade","floor":10.0},{"not_picked":["Havoc","Flex"],"picked":"Twin Strike","floor":11.0},{"not_picked":["Twin Strike","Sword Boomerang"],"picked":"Pommel Strike","floor":13.0},{"not_picked":["Dark Embrace","Limit Break"],"picked":"Feed","floor":16.0},{"not_picked":["True Grit","Iron Wave"],"picked":"Clothesline","floor":18.0},{"not_picked":["Flex+1","Clash"],"picked":"Pommel Strike","floor":19.0},{"not_picked":["Combust+1","Blood for Blood+1"],"picked":"Iron Wave+1","floor":20.0},{"not_picked":["Rage","Heavy Blade","Perfected Strike"],"picked":"SKIP","floor":22.0},{"not_picked":["True Grit","Clothesline","Infernal Blade"],"picked":"SKIP","floor":24.0},{"not_picked":["Infernal Blade","Combust"],"picked":"Flame Barrier","floor":27.0},{"not_picked":["Rage+1","Sentinel","Bloodletting"],"picked":"SKIP","floor":31.0},{"not_picked":["Dark Embrace","Fiend Fire"],"picked":"Reaper","floor":33.0},{"not_picked":["Rampage","Fire Breathing"],"picked":"Pommel Strike","floor":35.0},{"not_picked":["Flash of Steel","Swift Strike"],"picked":"Thinking Ahead","floor":36.0},{"not_picked":["Swift Strike","Trip"],"picked":"Dark Shackles","floor":36.0},{"not_picked":["Good Instincts","Trip"],"picked":"Enlightenment","floor":36.0},{"not_picked":["Corruption","Blood for Blood"],"picked":"Twin Strike+1","floor":37.0},{"not_picked":["Body Slam","Heavy Blade","Pommel Strike"],"picked":"SKIP","floor":38.0},{"not_picked":["Dual Wield","Blood for Blood"],"picked":"Inflame+1","floor":41.0},{"not_picked":["Rupture","Clothesline"],"picked":"Burning Pact+1","floor":42.0},{"not_picked":["Iron Wave","Armaments"],"picked":"Second Wind+1","floor":47.0},{"not_picked":["Sword Boomerang","Headbutt","Clothesline"],"picked":"SKIP","floor":55}],"player_experience":701257,"relics_obtained":[{"floor":7.0,"key":"Strawberry"},{"floor":9.0,"key":"Vajra"},{"floor":13.0,"key":"Darkstone Periapt"},{"floor":14.0,"key":"Mercury Hourglass"},{"floor":19.0,"key":"Mango"},{"floor":19.0,"key":"Letter Opener"},{"floor":24.0,"key":"Art of War"},{"floor":26.0,"key":"Blood Vial"},{"floor":41.0,"key":"Sundial"},{"floor":45.0,"key":"Peace Pipe"},{"floor":47.0,"key":"Bottled Lightning"},{"floor":55,"key":"Self Forming Clay"}],"event_choices":[{"damage_healed":0.0,"max_hp_gain":0.0,"max_hp_loss":0.0,"gold_gain":75.0,"event_name":"World of Goop","player_choice":"Gather Gold","floor":3.0,"gold_loss":0.0,"damage_taken":11.0},{"damage_healed":0.0,"max_hp_gain":0.0,"max_hp_loss":0.0,"gold_gain":0.0,"event_name":"Accursed Blacksmith","player_choice":"Rummage","floor":4.0,"gold_loss":0.0,"damage_taken":0.0,"relics_obtained":["WarpedTongs"],"cards_obtained":["Pain"]},{"damage_healed":0.0,"max_hp_gain":0.0,"max_hp_loss":0.0,"gold_gain":0.0,"event_name":"Colosseum","player_choice":"Fight","floor":19.0,"gold_loss":0.0,"damage_taken":0.0},{"damage_healed":0.0,"max_hp_gain":0.0,"max_hp_loss":0.0,"gold_gain":0.0,"event_name":"Colosseum","player_choice":"Fought Nobs","floor":19.0,"gold_loss":0.0,"damage_taken":0.0},{"damage_healed":0.0,"max_hp_gain":0.0,"max_hp_loss":0.0,"gold_gain":50.0,"event_name":"Nest","player_choice":"Stole From Cult","floor":21.0,"gold_loss":0.0,"damage_taken":0.0},{"damage_healed":0.0,"max_hp_gain":0.0,"max_hp_loss":0.0,"gold_gain":0.0,"event_name":"The Mausoleum","player_choice":"Opened","floor":30.0,"gold_loss":0.0,"damage_taken":0.0,"relics_obtained":["War Paint"],"cards_obtained":["Writhe"]},{"damage_healed":0.0,"max_hp_gain":0.0,"max_hp_loss":0.0,"gold_gain":0.0,"event_name":"SensoryStone","player_choice":"Memory 3","floor":36.0,"gold_loss":0.0,"damage_taken":10.0},{"damage_healed":0.0,"max_hp_gain":0.0,"max_hp_loss":0.0,"gold_gain":0.0,"event_name":"Mysterious Sphere","player_choice":"Fight","floor":45.0,"gold_loss":0.0,"damage_taken":0.0},{"damage_healed":40.0,"max_hp_gain":0.0,"max_hp_loss":0.0,"gold_gain":0.0,"event_name":"Wheel of Change","player_choice":"Full Heal","floor":48.0,"gold_loss":0.0,"damage_taken":0.0}],"is_beta":false,"boss_relics":[{"not_picked":["Orrery","Black Blood"],"picked":"Cursed Key"},{"not_picked":["Eternal Feather","Busted Crown"],"picked":"Runic Pyramid"}],"items_purged_floors":[5,25,29,39,46],"is_endless":false,"potions_floor_spawned":[2,10,11,16,20,22,33,37,41,45,55],"killed_by":"The Heart","ascension_level":20}