{"gold_per_floor":[111,111,111,111,36,79,92,92,141,159,194,194,207,242,242,242],"floor_reached":16,"playtime":301,"items_purged":["Strike_R"],"score":286,"play_id":"0fbfbf86-8f9c-47cb-818b-bbc6112d48df","local_time":"20190907181932","is_ascension_mode":true,"campfire_choices":[{"data":"Bash","floor":8.0,"key":"SMITH"},{"data":"True Grit","floor":12,"key":"SMITH"},{"data":"Uppercut","floor":15,"key":"SMITH"}],"neow_cost":"NONE","seed_source_timestamp":108952894140091,"circlet_count":0,"master_deck":["AscendersBane","Strike_R+1","Strike_R+1","Strike_R","Defend_R","Defend_R+1","Defend_R","Defend_R+1","Bash+1","True Grit+1","Uppercut+1"],"special_seed":0,"relics":["Burning Blood","NeowsBlessing","Golden Idol","Incense Burner","Blood Vial","Darkstone Periapt","War Paint"],"potions_floor_usage":[11,14,16],"damage_taken":[{"damage":0.0,"enemies":"Jaw Worm","floor":1.0,"turns":1.0},{"damage":0.0,"enemies":"Gremlin Nob","floor":6.0,"turns":1.0},{"damage":0.0,"enemies":"Small Slimes","floor":7.0,"turns":1.0},{"damage":0.0,"enemies":"Cultist","floor":10.0,"turns":4.0},{"damage":27,"enemies":"Lagavulin","floor":11,"turns":8},{"damage":3,"enemies":"Looter","floor":13,"turns":4},{"damage":23,"enemies":"3 Sentries","floor":14,"turns":16},{"damage":5,"enemies":"Slime Boss","floor":16,"turns":6}],"seed_played":"-9008254356699253100","potions_obtained":[{"floor":7.0,"key":"Regen Potion"},{"floor":10.0,"key":"Dexterity Potion"},{"floor":13,"key":"Fire Potion"},{"floor":14,"key":"Swift Potion"}],"is_trial":false,"path_per_floor":["M","?","?","?","$","E","M","R","T","M","E","R","M","E","R","B"],"character_chosen":"IRONCLAD","items_purchased":[],"campfire_rested":0,"item_purchase_floors":[],"current_hp_per_floor":[74,67,44,18,18,24,30,30,30,38,34,34,39,24,24,21],"gold":242,"neow_bonus":"THREE_ENEMY_KILL","is_prod":false,"is_daily":false,"chose_seed":false,"campfire_upgraded":3,"win_rate":0,"timestamp":1567855172,"path_taken":["M","?","?","?","?","E","M","R","T","?","E","R","M","E","R","BOSS"],"build_version":"2019-07-17","purchased_purges":1,"victory":false,"max_hp_per_floor":[75,75,75,75,75,75,75,75,75,75,75,75,75,75,75,75],"card_choices":[{"not_picked":["Flex","Twin Strike","Carnage"],"picked":"SKIP","floor":1.0},{"not_picked":["Searing Blow","Intimidate","Warcry"],"picked":"SKIP","floor":6.0},{"not_picked":["Corruption","Armaments"],"picked":"True Grit","floor":7.0},{"not_picked":["Fire Breathing","Seeing Red","Pommel Strike"],"picked":"SKIP","floor":10.0},{"not_picked":["Hemokinesis","Power Through","Shockwave"],"picked":"SKIP","floor":11},{"not_picked":["Cleave","Reaper"],"picked":"Uppercut","floor":13},{"not_picked":["Entrench","Sentinel","Impervious"],"picked":"SKIP","floor":14}],"player_experience":1157148,"relics_obtained":[{"floor":6.0,"key":"Incense Burner"},{"floor":9.0,"key":"Blood Vial"},{"floor":11,"key":"Darkstone Periapt"},{"floor":14,"key":"War Paint"}],"event_choices":[{"cards_removed":["Strike_R"],"damage_healed":0.0,"max_hp_gain":0.0,"max_hp_loss":0.0,"gold_gain":0.0,"event_name":"Golden Wing","player_choice":"Card Removal","floor":2.0,"gold_loss":0.0,"damage_taken":7.0},{"damage_healed":0.0,"max_hp_gain":0.0,"max_hp_loss":0.0,"gold_gain":0.0,"event_name":"Shining Light","player_choice":"Entered Light","floor":3.0,"gold_loss":0.0,"damage_taken":23.0,"cards_upgraded":["Strike_R","Strike_R"]},{"damage_healed":0.0,"max_hp_gain":0.0,"max_hp_loss":0.0,"gold_gain":0.0,"event_name":"Golden Idol","player_choice":"Take Damage","floor":4.0,"gold_loss":0.0,"damage_taken":26.0,"relics_obtained":["Golden Idol"]}],"is_beta":false,"boss_relics":[],"items_purged_floors":[5],"is_endless":false,"potions_floor_spawned":[7,10,13,14],"killed_by":"Slime Boss","ascension_level":20}