{"gold_per_floor":[118,118,138,155,170,170,197,197,224,224,224,238,258,283,283,354,354,372,149,167,185,185,185],"floor_reached":23,"playtime":2776,"items_purged":["Strike_R"],"score":355,"play_id":"bf71946c-772b-4e97-970e-b96c4fc8ebff","local_time":"20190617221710","is_ascension_mode":true,"campfire_choices":[{"data":"Uppercut","floor":6.0,"key":"SMITH"},{"floor":8.0,"key":"REST"},{"data":"Ghostly Armor","floor":11.0,"key":"SMITH"},{"floor":15.0,"key":"REST"}],"neow_cost":"NONE","seed_source_timestamp":0,"circlet_count":0,"master_deck":["AscendersBane","Strike_R+1","Strike_R+1","Strike_R","Defend_R","Defend_R","Defend_R","Defend_R","Bash","Pommel Strike","Uppercut+1","Ghostly Armor+1","Bloodletting","Burning Pact","Shockwave","Exhume","Havoc","Spot Weakness","Whirlwind","Disarm"],"special_seed":0,"relics":["Burning Blood","Whetstone","Vajra","Lantern","StoneCalendar","Mark of Pain"],"potions_floor_usage":[16,20,21,23],"damage_taken":[{"damage":0.0,"enemies":"Small Slimes","floor":1.0,"turns":3.0},{"damage":1.0,"enemies":"Cultist","floor":3.0,"turns":3.0},{"damage":4.0,"enemies":"Jaw Worm","floor":4.0,"turns":4.0},{"damage":10.0,"enemies":"Large Slime","floor":5.0,"turns":5.0},{"damage":41.0,"enemies":"Lagavulin","floor":7.0,"turns":9.0},{"damage":19.0,"enemies":"Lots of Slimes","floor":12.0,"turns":5.0},{"damage":7.0,"enemies":"Blue Slaver","floor":13.0,"turns":5.0},{"damage":20.0,"enemies":"3 Sentries","floor":14.0,"turns":6.0},{"damage":33,"enemies":"The Guardian","floor":16,"turns":11},{"damage":12,"enemies":"Shell Parasite","floor":18,"turns":6},{"damage":12,"enemies":"Chosen","floor":20,"turns":4},{"damage":15,"enemies":"Snake Plant","floor":21,"turns":4},{"damage":49,"enemies":"Gremlin Leader","floor":23,"turns":6}],"seed_played":"2869997940758721783","potions_obtained":[{"floor":4.0,"key":"BloodPotion"},{"floor":13.0,"key":"Fire Potion"},{"floor":14.0,"key":"SkillPotion"},{"floor":16,"key":"EssenceOfSteel"},{"floor":18,"key":"Block Potion"},{"floor":21,"key":"LiquidBronze"}],"is_trial":false,"path_per_floor":["M","?","M","M","M","R","E","R","T","?","R","M","M","E","R","B",null,"M","$","M","M","?","E"],"character_chosen":"IRONCLAD","items_purchased":["Spot Weakness","Whirlwind"],"campfire_rested":2,"item_purchase_floors":[19,19],"current_hp_per_floor":[81,74,79,81,77,77,42,66,66,66,66,53,52,38,62,35,70,64,64,58,49,49,0],"gold":185,"neow_bonus":"TEN_PERCENT_HP_BONUS","is_prod":false,"is_daily":false,"chose_seed":false,"campfire_upgraded":2,"win_rate":0,"timestamp":1560827830,"path_taken":["M","?","M","M","M","R","E","R","T","?","R","M","M","E","R","BOSS","M","$","M","?","?","E"],"build_version":"2019-01-23","purchased_purges":1,"victory":false,"max_hp_per_floor":[82,82,82,82,82,82,82,82,82,82,82,82,82,82,82,82,82,82,82,82,82,82,82],"card_choices":[{"not_picked":["Warcry","Flex"],"picked":"Pommel Strike","floor":1.0},{"not_picked":["True Grit","Anger"],"picked":"Uppercut","floor":3.0},{"not_picked":["Armaments","Havoc"],"picked":"Ghostly Armor","floor":4.0},{"not_picked":["Headbutt","Brutality"],"picked":"Bloodletting","floor":5.0},{"not_picked":["Hemokinesis","Armaments"],"picked":"Burning Pact","floor":7.0},{"not_picked":["Clothesline","Sword Boomerang","Iron Wave"],"picked":"SKIP","floor":12.0},{"not_picked":["Anger","Sword Boomerang","Burning Pact"],"picked":"SKIP","floor":13.0},{"not_picked":["Headbutt","Double Tap"],"picked":"Shockwave","floor":14.0},{"not_picked":["Double Tap","Dark Embrace"],"picked":"Exhume","floor":16},{"not_picked":["Metallicize","True Grit+1"],"picked":"Havoc","floor":18},{"not_picked":["Dropkick","Headbutt","Clothesline"],"picked":"SKIP","floor":20},{"not_picked":["Bloodletting","Pommel Strike"],"picked":"Disarm","floor":21}],"player_experience":1332002,"relics_obtained":[{"floor":7.0,"key":"Whetstone"},{"floor":9.0,"key":"Vajra"},{"floor":14.0,"key":"StoneCalendar"}],"event_choices":[{"cards_removed":["Strike_R"],"damage_healed":0.0,"max_hp_gain":0.0,"max_hp_loss":0.0,"gold_gain":0.0,"event_name":"Golden Wing","player_choice":"Card Removal","floor":2.0,"gold_loss":0.0,"damage_taken":7.0},{"damage_healed":0.0,"max_hp_gain":0.0,"max_hp_loss":0.0,"gold_gain":0.0,"event_name":"WeMeetAgain","player_choice":"Gave Potion","floor":10.0,"gold_loss":0.0,"damage_taken":0.0,"relics_obtained":["Lantern"]},{"damage_healed":0,"gold_gain":0,"player_choice":"Ignored","damage_taken":0,"max_hp_gain":0,"max_hp_loss":0,"event_name":"Ghosts","floor":22,"gold_loss":0}],"is_beta":false,"boss_relics":[{"not_picked":["Empty Cage","Ectoplasm"],"picked":"Mark of Pain"}],"items_purged_floors":[19],"is_endless":false,"potions_floor_spawned":[4,13,14,16,18,21],"killed_by":"Gremlin Leader","ascension_level":15}