{"gold_per_floor":[111,111,124,124,135,166,166,193,223,223,236,261,279,291,291,396,396,416,416],"floor_reached":19,"playtime":1449,"items_purged":[],"score":224,"play_id":"ee55404d-0fe9-4607-bf1e-5f501d36b0ba","local_time":"20190908163001","is_ascension_mode":true,"campfire_choices":[{"floor":7,"key":"REST"},{"data":"Creative AI","floor":10,"key":"SMITH"},{"data":"Defend_B","floor":15,"key":"PURGE"}],"neow_cost":"NONE","seed_source_timestamp":2666390111300,"circlet_count":0,"master_deck":["Strike_B","Strike_B","Strike_B","Strike_B","Defend_B","Defend_B","Zap","Dualcast","Coolheaded","Storm","Glacier","Creative AI+1","Force Field","Conserve Battery","Genetic Algorithm","Conserve Battery","Creative AI"],"relics":["FrozenCore","Orichalcum","Pantograph","Peace Pipe","Gremlin Horn","Tiny Chest"],"potions_floor_usage":[6],"damage_taken":[{"damage":0,"enemies":"2 Louse","floor":1,"turns":3},{"damage":2,"enemies":"Jaw Worm","floor":3,"turns":5},{"damage":0,"enemies":"Cultist","floor":5,"turns":3},{"damage":65,"enemies":"Gremlin Nob","floor":6,"turns":7},{"damage":0,"enemies":"Lagavulin","floor":8,"turns":7},{"damage":9,"enemies":"2 Fungi Beasts","floor":11,"turns":4},{"damage":7,"enemies":"3 Louse","floor":13,"turns":5},{"damage":0,"enemies":"Large Slime","floor":14,"turns":7},{"damage":10,"enemies":"Hexaghost","floor":16,"turns":12},{"damage":5,"enemies":"Chosen","floor":18,"turns":7},{"damage":83,"enemies":"Masked Bandits","floor":19,"turns":5}],"seed_played":"-602623245217806660","potions_obtained":[{"floor":5,"key":"Regen Potion"},{"floor":8,"key":"Swift Potion"},{"floor":11,"key":"FearPotion"},{"floor":14,"key":"Ancient Potion"}],"is_trial":false,"path_per_floor":["M","?","M","T","M","E","R","E","T","R","M","T","M","M","R","B",null,"M","?"],"character_chosen":"DEFECT","items_purchased":[],"campfire_rested":1,"item_purchase_floors":[],"current_hp_per_floor":[75,68,66,66,66,13,35,35,35,35,26,26,19,19,19,34,75,70,0],"gold":416,"neow_bonus":"RANDOM_COMMON_RELIC","is_prod":false,"is_daily":false,"chose_seed":false,"campfire_upgraded":1,"win_rate":0,"timestamp":1567978201,"path_taken":["M","?","M","?","M","E","R","E","T","R","M","?","?","M","R","BOSS","M","?"],"build_version":"2019-07-17","purchased_purges":0,"victory":false,"max_hp_per_floor":[75,75,75,75,75,75,75,75,75,75,75,75,75,75,75,75,75,75,75],"card_choices":[{"not_picked":["Compile Driver","Turbo"],"picked":"Coolheaded","floor":1},{"not_picked":["Gash","Coolheaded"],"picked":"Storm","floor":3},{"not_picked":["Steam Power","Stack"],"picked":"Glacier","floor":5},{"not_picked":["Sweeping Beam","Rip and Tear"],"picked":"Creative AI","floor":6},{"not_picked":["Hologram","Consume"],"picked":"Force Field","floor":8},{"not_picked":["Stack","Steam"],"picked":"Conserve Battery","floor":11},{"not_picked":["Steam","Beam Cell"],"picked":"Genetic Algorithm","floor":13},{"not_picked":["Scrape","Sweeping Beam"],"picked":"Conserve Battery","floor":14},{"not_picked":["Multi-Cast","Reboot"],"picked":"Creative AI","floor":16},{"not_picked":["Steam","Turbo+1","Compile Driver"],"picked":"SKIP","floor":18}],"player_experience":190317,"relics_obtained":[{"floor":4,"key":"Pantograph"},{"floor":6,"key":"Peace Pipe"},{"floor":8,"key":"Gremlin Horn"},{"floor":9,"key":"Tiny Chest"}],"event_choices":[{"cards_removed":["Defend_B"],"damage_healed":0,"gold_gain":0,"player_choice":"Card Removal","damage_taken":7,"max_hp_gain":0,"max_hp_loss":0,"event_name":"Golden Wing","floor":2,"gold_loss":0},{"damage_healed":0,"gold_gain":0,"player_choice":"Fought Bandits","damage_taken":0,"max_hp_gain":0,"max_hp_loss":0,"event_name":"Masked Bandits","floor":19,"gold_loss":0}],"is_beta":false,"boss_relics":[{"not_picked":["Fusion Hammer","Sozu"],"picked":"FrozenCore"}],"items_purged_floors":[],"is_endless":false,"potions_floor_spawned":[5,8,11,14,16],"killed_by":"Masked Bandits","ascension_level":2}