{"gold_per_floor":[109,109,34,34,34,34,34,60,97,97,16,16,38,92,92,154,154,165,205,105,165,40,40,50,50],"floor_reached":25,"playtime":642,"items_purged":["Defend_G","Strike_G"],"score":574,"play_id":"21f109f1-7b15-4aaa-8216-a5946505cf7c","local_time":"20190828005726","is_ascension_mode":true,"campfire_choices":[{"data":"Neutralize","floor":6,"key":"SMITH"},{"data":"Survivor","floor":10,"key":"SMITH"},{"data":"Noxious Fumes","floor":12,"key":"SMITH"},{"data":"Envenom","floor":15,"key":"SMITH"},{"data":"Deflect","floor":23,"key":"SMITH"}],"neow_cost":"NONE","seed_source_timestamp":213215831866402,"circlet_count":0,"master_deck":["Strike_G","Strike_G","Defend_G","Defend_G","Survivor+1","Neutralize+1","AscMod:ascendersbane","Noxious Fumes+1","Backstab","Envenom+1","After Image","Cloak And Dagger+1","Deflect+1"],"relics":["Ring of the Snake","NeowsBlessing","SsserpentHead","Snake Skull","Art of War","Anchor","Empty Cage"],"potions_floor_usage":[16,24,25,25],"damage_taken":[{"damage":0,"enemies":"Small Slimes","floor":1,"turns":1},{"damage":0,"enemies":"Gremlin Nob","floor":8,"turns":1},{"damage":0,"enemies":"Lagavulin","floor":13,"turns":1},{"damage":0,"enemies":"2 Louse","floor":14,"turns":3},{"damage":11,"enemies":"Hexaghost","floor":16,"turns":7},{"damage":33,"enemies":"Chosen","floor":18,"turns":6},{"damage":18,"enemies":"2 Thieves","floor":21,"turns":5},{"damage":7,"enemies":"Shelled Parasite and Fungi","floor":24,"turns":9},{"damage":6,"enemies":"Cultist and Chosen","floor":25,"turns":3}],"seed_played":"525227683078359994","potions_obtained":[{"floor":1,"key":"Poison Potion"},{"floor":14,"key":"Ancient Potion"},{"floor":16,"key":"SteroidPotion"},{"floor":24,"key":"Strength Potion"}],"is_trial":false,"path_per_floor":["M","?","?","?","?","R","$","E","T","R","$","R","E","M","R","B",null,"M","?","$","M","$","R","M","M"],"character_chosen":"THE_SILENT","items_purchased":["Noxious Fumes"],"campfire_rested":0,"item_purchase_floors":[11],"current_hp_per_floor":[59,59,59,63,63,63,63,63,63,63,63,63,63,63,63,52,63,30,30,30,12,12,12,5,0],"gold":50,"neow_bonus":"THREE_ENEMY_KILL","is_prod":false,"is_daily":false,"chose_seed":false,"campfire_upgraded":5,"win_rate":0,"timestamp":1566928646,"path_taken":["M","?","?","?","?","R","$","E","T","R","$","R","E","?","R","BOSS","M","?","$","?","$","R","M","M"],"build_version":"2019-07-17","purchased_purges":2,"victory":false,"max_hp_per_floor":[66,66,66,71,71,71,71,71,71,71,71,71,71,71,71,71,71,71,71,71,71,71,71,71,71],"card_choices":[{"not_picked":["Distraction","Acrobatics","Finisher"],"picked":"SKIP","floor":1},{"not_picked":["Quick Slash","Riddle With Holes","All Out Attack"],"picked":"SKIP","floor":8},{"not_picked":["Quick Slash","Backflip"],"picked":"Backstab","floor":13},{"not_picked":["Acrobatics","Dagger Throw"],"picked":"Envenom","floor":14},{"not_picked":["Malaise","Venomology"],"picked":"After Image","floor":16},{"not_picked":["Dash","Dagger Throw"],"picked":"Cloak And Dagger+1","floor":18},{"not_picked":["Expertise","Reflex","PiercingWail"],"picked":"SKIP","floor":21},{"not_picked":["Prepared","Terror","Bane"],"picked":"SKIP","floor":24}],"player_experience":1099160,"relics_obtained":[{"floor":8,"key":"Snake Skull"},{"floor":9,"key":"Art of War"},{"floor":13,"key":"Anchor"}],"event_choices":[{"cards_removed":["Strike_G"],"damage_healed":0,"gold_gain":0,"player_choice":"Forget","damage_taken":0,"max_hp_gain":0,"max_hp_loss":0,"event_name":"Living Wall","floor":2,"gold_loss":0},{"cards_removed":["Defend_G"],"damage_healed":0,"gold_gain":0,"player_choice":"Card Removal","damage_taken":0,"max_hp_gain":0,"max_hp_loss":0,"event_name":"The Cleric","floor":3,"gold_loss":75},{"damage_healed":0,"gold_gain":0,"player_choice":"Donut","damage_taken":0,"max_hp_gain":5,"max_hp_loss":0,"event_name":"Big Fish","floor":4,"gold_loss":0},{"damage_healed":0,"gold_gain":0,"player_choice":"Trade","damage_taken":0,"relics_obtained":["SsserpentHead"],"max_hp_gain":0,"max_hp_loss":0,"event_name":"FaceTrader","floor":5,"gold_loss":0},{"damage_healed":0,"gold_gain":0,"player_choice":"1 cards matched","damage_taken":0,"max_hp_gain":0,"max_hp_loss":0,"event_name":"Match and Keep!","floor":19,"gold_loss":0,"cards_obtained":["Deflect"]}],"is_beta":false,"boss_relics":[{"not_picked":["TwistingMind"],"picked":"VoidEssence"},{"not_picked":["TwistingMind"],"picked":"VoidEssence"},{"not_picked":["Eternal Feather","HoveringKite"],"picked":"Empty Cage"}],"items_purged_floors":[20,22],"is_endless":false,"potions_floor_spawned":[1,14,16,24],"killed_by":"Cultist and Chosen","ascension_level":25}