{"gold_per_floor":[114,114,2,13,31,31,60,60,85,101,26,26,26,43,43,146,146,156,156,176,176,76,76,94,94,94,105,134,134,134,145,145,243,243,261,308,308,321,196,196,45,75,87,119,131,156,168,192,204,216],"floor_reached":50,"playtime":5606,"items_purged":["Strike_B","Writhe","Defend_B"],"score":663,"play_id":"a87de38a-266d-4c3d-b0dd-fb88e7767c10","local_time":"20180910152753","is_ascension_mode":true,"campfire_choices":[{"data":"Zap","floor":6,"key":"SMITH"},{"data":"Sunder","floor":13,"key":"SMITH"},{"data":"Tempest","floor":15,"key":"SMITH"},{"data":"Fission","floor":23,"key":"SMITH"},{"data":"Dualcast","floor":25,"key":"SMITH"},{"data":"Reinforced Body","floor":29,"key":"SMITH"},{"floor":32,"key":"REST"},{"floor":45,"key":"REST"},{"floor":47,"key":"REST"},{"floor":49,"key":"REST"}],"neow_cost":"NONE","seed_source_timestamp":81702210592935,"circlet_count":0,"master_deck":["Defend_B","Defend_B","Defend_B","Zap+1","Dualcast+1","Capacitor","Go for the Eyes","Electrodynamics","Sunder+1","FTL","Doom and Gloom","Tempest+1","Fission+1","Leap+1","Bite","Bite","Bite","Bite","Bite","Steam+1","Consume","Reinforced Body+1","Machine Learning","J.A.X.","Static Discharge+1","Echo Form","Redo+1","Transmutation","Turbo+1","Defragment","Glacier","Coolheaded+1","Reprogram+1","Conserve Battery+1","Defragment","Force Field+1"],"relics":["Cracked Core","Ancient Tea Set","PreservedInsect","Oddly Smooth Stone","Orichalcum","Lizard Tail","Happy Flower","Pantograph","Bird Faced Urn","Fusion Hammer","Prayer Wheel","MawBank","Torii"],"potions_floor_usage":[33,50,50],"damage_taken":[{"damage":0,"enemies":"Small Slimes","floor":1,"turns":3},{"damage":0,"enemies":"Cultist","floor":4,"turns":2},{"damage":6,"enemies":"2 Louse","floor":5,"turns":2},{"damage":20,"enemies":"3 Sentries","floor":7,"turns":5},{"damage":5,"enemies":"Gremlin Gang","floor":10,"turns":3},{"damage":0,"enemies":"Large Slime","floor":14,"turns":2},{"damage":32,"enemies":"Slime Boss","floor":16,"turns":6},{"damage":5,"enemies":"Spheric Guardian","floor":18,"turns":3},{"damage":0,"enemies":"Chosen","floor":20,"turns":4},{"damage":0,"enemies":"3 Cultists","floor":24,"turns":3},{"damage":0,"enemies":"Cultist and Chosen","floor":27,"turns":4},{"damage":40,"enemies":"Gremlin Leader","floor":28,"turns":4},{"damage":9,"enemies":"Centurion and Healer","floor":31,"turns":4},{"damage":85,"enemies":"Champ","floor":33,"turns":12},{"damage":15,"enemies":"Orb Walker","floor":35,"turns":3},{"damage":35,"enemies":"Mysterious Sphere","floor":36,"turns":5},{"damage":0,"enemies":"3 Shapes","floor":38,"turns":3},{"damage":26,"enemies":"2 Orb Walkers","floor":42,"turns":2},{"damage":18,"enemies":"3 Darklings","floor":44,"turns":3},{"damage":19,"enemies":"Spire Growth","floor":46,"turns":4},{"damage":4,"enemies":"Sphere and 2 Shapes","floor":48,"turns":3},{"damage":59,"enemies":"Time Eater","floor":50,"turns":5}],"seed_played":"-6810606418027293623","potions_obtained":[{"floor":10,"key":"GamblersBrew"},{"floor":18,"key":"FairyPotion"},{"floor":24,"key":"GamblersBrew"},{"floor":33,"key":"Ancient Potion"},{"floor":36,"key":"FearPotion"},{"floor":42,"key":"SneckoOil"},{"floor":46,"key":"Poison Potion"}],"is_trial":false,"path_per_floor":["M","?","$","M","M","R","E","?","T","M","$","?","R","M","R","B",null,"M","?","M","?","$","R","M","R","T","M","E","R","?","M","R","B",null,"M","?","?","M","$","?","$","E","T","M","R","M","R","M","R"],"character_chosen":"DEFECT","items_purchased":["Sunder","FTL","Defragment","Glacier"],"campfire_rested":4,"item_purchase_floors":[3,3,41,41],"current_hp_per_floor":[75,75,75,75,69,69,49,42,42,37,37,37,37,37,37,5,58,53,52,52,52,52,52,52,52,52,52,20,20,20,23,38,7,41,32,13,13,19,19,19,19,32,32,26,41,38,52,52,52,0],"gold":216,"neow_bonus":"RANDOM_COMMON_RELIC","is_prod":false,"is_daily":false,"chose_seed":false,"campfire_upgraded":6,"win_rate":0,"timestamp":1536611273,"path_taken":["M","?","$","M","?","R","E","?","T","M","$","?","R","M","R","BOSS","M","?","M","?","$","R","M","R","T","M","E","R","?","M","R","BOSS","M","?","?","?","$","?","$","E","T","M","R","?","R","M","R","BOSS"],"build_version":"2018-09-06","purchased_purges":3,"victory":false,"max_hp_per_floor":[75,75,75,75,75,75,75,75,75,75,75,75,75,75,75,75,75,75,52,52,52,52,52,52,52,52,52,52,52,52,52,52,52,52,52,52,52,52,52,52,52,52,52,52,52,52,52,52,52,52],"card_choices":[{"not_picked":["Beam Cell","Cold Snap"],"picked":"Capacitor","floor":1},{"not_picked":["Steam","Turbo"],"picked":"Doom and Gloom","floor":4},{"not_picked":["Barrage","Undo","Hello World"],"picked":"SKIP","floor":5},{"not_picked":["Recycle","Rip and Tear"],"picked":"Tempest","floor":7},{"not_picked":["Gash","Sweeping Beam","Steam Power"],"picked":"SKIP","floor":10},{"not_picked":["Stack","Beam Cell","Sweeping Beam"],"picked":"SKIP","floor":14},{"not_picked":["Hyperbeam","Biased Cognition"],"picked":"Fission","floor":16},{"not_picked":["Blizzard","Go for the Eyes"],"picked":"Leap+1","floor":18},{"not_picked":["Streamline+1","Ball Lightning"],"picked":"Steam+1","floor":20},{"not_picked":["Turbo","Leap+1"],"picked":"Consume","floor":24},{"not_picked":["Rebound","Turbo"],"picked":"Reinforced Body","floor":27},{"not_picked":["Steam","Gash+1"],"picked":"Machine Learning","floor":28},{"not_picked":["Ball Lightning","Beam Cell"],"picked":"Static Discharge+1","floor":31},{"not_picked":["Electrodynamics","Biased Cognition"],"picked":"Echo Form","floor":33},{"not_picked":["Rebound+1","Compile Driver+1","Barrage+1"],"picked":"SKIP","floor":35},{"not_picked":["Consume","Heatsinks"],"picked":"Redo+1","floor":36},{"not_picked":["Bandage Up","HandOfGreed"],"picked":"Transmutation","floor":37},{"not_picked":["Streamline","Consume"],"picked":"Turbo+1","floor":38},{"not_picked":["Melter+1","Beam Cell","Leap"],"picked":"SKIP","floor":38},{"not_picked":["Melter+1","Beam Cell","Leap"],"picked":"SKIP","floor":38},{"not_picked":["Hyperbeam","Streamline+1"],"picked":"Coolheaded+1","floor":42},{"not_picked":["Stack+1","Redo"],"picked":"Reprogram+1","floor":44},{"not_picked":["Turbo+1","Hello World+1","Heatsinks+1"],"picked":"SKIP","floor":44},{"not_picked":["Rebound","Lockon+1"],"picked":"Conserve Battery+1","floor":46},{"not_picked":["Rebound","Conserve Battery","Skim"],"picked":"SKIP","floor":46},{"not_picked":["Leap+1","Streamline"],"picked":"Defragment","floor":48},{"not_picked":["Rebound","Meteor Strike"],"picked":"Force Field+1","floor":48}],"player_experience":488248,"relics_obtained":[{"floor":7,"key":"PreservedInsect"},{"floor":9,"key":"Oddly Smooth Stone"},{"floor":26,"key":"Pantograph"},{"floor":28,"key":"Bird Faced Urn"},{"floor":36,"key":"Prayer Wheel"},{"floor":42,"key":"MawBank"},{"floor":43,"key":"Torii"}],"event_choices":[{"event_name":"Match and Keep!","player_choice":"2 cards matched","floor":2,"damage_taken":0},{"event_name":"Golden Wing","player_choice":"Card Removal","floor":8,"damage_taken":0},{"event_name":"WeMeetAgain","player_choice":"Potion","floor":12,"damage_taken":0},{"event_name":"Vampires","player_choice":"Became a vampire","floor":19,"damage_taken":0},{"event_name":"The Mausoleum","player_choice":"Yes","floor":21,"damage_taken":0},{"event_name":"Drug Dealer","player_choice":"Got JAX","floor":30,"damage_taken":0},{"event_name":"Mysterious Sphere","player_choice":"Fight","floor":36,"damage_taken":0},{"event_name":"SensoryStone","player_choice":"Memory 1","floor":37,"damage_taken":0},{"event_name":"The Moai Head","player_choice":"Ignored","floor":40,"damage_taken":0}],"is_beta":false,"boss_relics":[{"not_picked":["Empty Cage","Snecko Eye"],"picked":"Lizard Tail"},{"not_picked":["Calling Bell","Pandora\u0027s Box"],"picked":"Fusion Hammer"}],"items_purged_floors":[11,22,39],"is_endless":false,"potions_floor_spawned":[10,18,24,33,36,42,46],"killed_by":"Time Eater","ascension_level":5}