{"gold_per_floor":[112,129,142,162,142,174,174,184,207,218,218,234,32,65,65,65],"floor_reached":16,"playtime":1213,"items_purged":["Strike_G"],"score":211,"play_id":"0d538c39-5aea-4a74-9c2b-7326df612328","local_time":"20190729164919","is_ascension_mode":true,"campfire_choices":[{"floor":7,"key":"REST"},{"floor":11,"key":"REST"},{"floor":15,"key":"REST"}],"neow_cost":"NONE","seed_source_timestamp":452028841691740,"circlet_count":0,"master_deck":["AscendersBane","Strike_G","Strike_G","Strike_G","Strike_G","Defend_G","Defend_G","Defend_G","Defend_G","Defend_G","Survivor","Neutralize","Skewer","Dash","Crippling Poison","Blur","Poisoned Stab","Catalyst","Dash","Cloak And Dagger","Footwork","Escape Plan","Die Die Die"],"relics":["Ring of the Snake","NeowsBlessing","Singing Bowl","Ancient Tea Set","Centennial Puzzle"],"potions_floor_usage":[6,6,10,14,16],"damage_taken":[{"damage":0,"enemies":"Cultist","floor":1,"turns":1},{"damage":0,"enemies":"Small Slimes","floor":2,"turns":2},{"damage":0,"enemies":"2 Louse","floor":3,"turns":1},{"damage":1,"enemies":"Looter","floor":4,"turns":3},{"damage":36,"enemies":"Lagavulin","floor":6,"turns":7},{"damage":12,"enemies":"3 Louse","floor":8,"turns":4},{"damage":10,"enemies":"Lots of Slimes","floor":10,"turns":5},{"damage":0,"enemies":"Gremlin Gang","floor":12,"turns":4},{"damage":22,"enemies":"Gremlin Nob","floor":14,"turns":5},{"damage":36,"enemies":"Slime Boss","floor":16,"turns":8}],"seed_played":"2055754813315962249","potions_obtained":[{"floor":4,"key":"Poison Potion"},{"floor":5,"key":"Strength Potion"},{"floor":8,"key":"SteroidPotion"},{"floor":10,"key":"FearPotion"},{"floor":14,"key":"Ancient Potion"}],"is_trial":false,"path_per_floor":["M","M","M","M","?","E","R","M","T","M","R","M","$","E","R","B"],"character_chosen":"THE_SILENT","items_purchased":["Footwork","Escape Plan"],"campfire_rested":3,"item_purchase_floors":[13,13],"current_hp_per_floor":[59,59,59,58,58,22,41,29,29,19,38,38,38,16,35,0],"gold":65,"neow_bonus":"THREE_ENEMY_KILL","is_prod":false,"is_daily":false,"chose_seed":false,"campfire_upgraded":0,"win_rate":0,"timestamp":1564436959,"path_taken":["M","M","?","?","?","E","R","M","T","M","R","?","$","E","R","BOSS"],"build_version":"2019-07-17","purchased_purges":1,"victory":false,"max_hp_per_floor":[66,66,66,66,66,66,66,66,66,66,66,66,66,66,66,66],"card_choices":[{"not_picked":["Blade Dance","Sucker Punch"],"picked":"Skewer","floor":1},{"not_picked":["Heel Hook","Riddle With Holes"],"picked":"Dash","floor":2},{"not_picked":["Backflip","Cloak And Dagger"],"picked":"Crippling Poison","floor":3},{"not_picked":["Quick Slash","Prepared"],"picked":"Blur","floor":4},{"not_picked":["Flying Knee","Dagger Throw"],"picked":"Poisoned Stab","floor":6},{"not_picked":["Cloak And Dagger","Backflip"],"picked":"Catalyst","floor":8},{"not_picked":["Acrobatics","Blur"],"picked":"Dash","floor":10},{"not_picked":["Tactician","Blade Dance"],"picked":"Cloak And Dagger","floor":12},{"not_picked":["Sucker Punch","Outmaneuver"],"picked":"Die Die Die","floor":14}],"player_experience":1651842,"relics_obtained":[{"floor":6,"key":"Singing Bowl"},{"floor":9,"key":"Ancient Tea Set"},{"floor":14,"key":"Centennial Puzzle"}],"event_choices":[{"damage_healed":0,"gold_gain":0,"player_choice":"Bought 1 Potion","damage_taken":0,"max_hp_gain":0,"max_hp_loss":0,"event_name":"The Woman in Blue","floor":5,"gold_loss":0}],"is_beta":false,"boss_relics":[],"items_purged_floors":[13],"is_endless":false,"potions_floor_spawned":[4,8,10,14],"killed_by":"Slime Boss","ascension_level":17}