{"gold_per_floor":[114,129,129,144,159,189,189,219,219,219,219,219,234,264,264,364,364,379,394,408,423,423,423,453,453,528,627,426,456,456,10,10,110,110,125,1124,1169,170,170,170,200,28,78,93,123,138,138,153,153,153],"floor_reached":51,"playtime":1865,"items_purged":["Regret","Strike_G"],"score":1111,"play_id":"3c65f06a-ae09-4d08-963c-c3a46b6e7e41","local_time":"20180811145218","daily_mods":["Heirloom","Terminal","Vintage"],"is_ascension_mode":false,"campfire_choices":[{"data":"1","floor":10,"key":"LIFT"},{"data":"2","floor":15,"key":"LIFT"},{"data":"3","floor":23,"key":"LIFT"},{"data":"Burst","floor":25,"key":"SMITH"},{"data":"Blade Dance","floor":30,"key":"SMITH"},{"data":"Survivor","floor":32,"key":"SMITH"},{"data":"Defend_G","floor":40,"key":"SMITH"},{"data":"Sucker Punch","floor":49,"key":"SMITH"}],"neow_cost":"","seed_source_timestamp":0,"circlet_count":0,"master_deck":["Defend_G","Defend_G","Defend_G","Defend_G","Defend_G+1","Survivor+1","Neutralize+1","Corpse Explosion+1","Blade Dance+1","Burst+1","Crippling Poison+1","Blade Dance+1","Heel Hook+1","Sucker Punch+1","Backstab+1","Noxious Fumes+1","Backflip+1","Escape Plan+1","Blind+1","Corpse Explosion+1","Heel Hook","Backflip+1","Dagger Spray+1","Backflip+1","PiercingWail+1","Writhe","After Image+1","Backflip+1","Sucker Punch+1"],"special_seed":17754,"relics":["Ring of the Snake","Girya","Boot","Frozen Egg 2","Paper Crane","Meat on the Bone","Ornamental Fan","Oddly Smooth Stone","Juzu Bracelet","Anchor","Pen Nib","Pantograph","Torii","Astrolabe","Toxic Egg 2","Omamori","Red Mask","Vajra","Blood Vial","Mummified Hand","Whetstone","Happy Flower","TwistedFunnel","Bag of Preparation","Orrery","Pear","Tiny Chest","OrangePellets","Mercury Hourglass","Tough Bandages","Blue Candle","Centennial Puzzle","Potion Belt","Strawberry","Snake Skull","Bronze Scales"],"potions_floor_usage":[6,8,14,24,33,33,50,50,50,50,50],"damage_taken":[{"damage":0,"enemies":"Small Slimes","floor":1,"turns":3},{"damage":0,"enemies":"2 Louse","floor":2,"turns":3},{"damage":0,"enemies":"Cultist","floor":4,"turns":4},{"damage":0,"enemies":"2 Fungi Beasts","floor":5,"turns":5},{"damage":13,"enemies":"Lagavulin","floor":6,"turns":9},{"damage":0,"enemies":"3 Sentries","floor":8,"turns":2},{"damage":1,"enemies":"Red Slaver","floor":13,"turns":4},{"damage":13,"enemies":"Lagavulin","floor":14,"turns":6},{"damage":41,"enemies":"Slime Boss","floor":16,"turns":12},{"damage":6,"enemies":"Shell Parasite","floor":18,"turns":5},{"damage":0,"enemies":"3 Byrds","floor":19,"turns":2},{"damage":5,"floor":20,"turns":2},{"damage":2,"enemies":"Centurion and Healer","floor":21,"turns":2},{"damage":2,"enemies":"Gremlin Leader","floor":24,"turns":7},{"damage":0,"enemies":"Book of Stabbing","floor":29,"turns":3},{"damage":0,"enemies":"Champ","floor":33,"turns":8},{"damage":0,"enemies":"Flame Bruiser 1 Orb","floor":35,"turns":2},{"damage":0,"enemies":"3 Darklings","floor":37,"turns":1},{"damage":0,"enemies":"2 Orb Walkers","floor":41,"turns":3},{"damage":0,"enemies":"Spire Growth","floor":44,"turns":3},{"damage":0,"enemies":"Nemesis","floor":45,"turns":5},{"damage":0,"enemies":"Snecko and Mystics","floor":46,"turns":2},{"damage":0,"enemies":"Flame Bruiser 2 Orb","floor":48,"turns":3},{"damage":0,"enemies":"Awakened One","floor":50,"turns":13}],"seed_played":"7174262716422048038","potions_obtained":[{"floor":1,"key":"Fire Potion"},{"floor":2,"key":"PowerPotion"},{"floor":13,"key":"Poison Potion"},{"floor":19,"key":"Explosive Potion"},{"floor":20,"key":"GhostInAJar"},{"floor":21,"key":"SteroidPotion"},{"floor":33,"key":"Fire Potion"},{"floor":44,"key":"Explosive Potion"},{"floor":45,"key":"PowerPotion"},{"floor":46,"key":"EssenceOfSteel"}],"is_trial":false,"path_per_floor":["M","M","?","M","M","E","?","E","T","R","?","?","M","E","R","B",null,"M","M","?","M","?","R","E","R","T","?","$","E","R","$","R","B",null,"M","?","M","$","?","R","E","$","T","M","E","M","?","M","R","B"],"character_chosen":"THE_SILENT","items_purchased":["Noxious Fumes+1","Backflip+1","Happy Flower","TwistedFunnel","Blind+1","OrangePellets","PiercingWail+1","Mercury Hourglass","Tough Bandages","FearPotion","SpeedPotion","Backflip+1","Dexterity Potion","Ancient Potion"],"campfire_rested":0,"item_purchase_floors":[28,28,31,31,31,38,38,38,38,38,38,42,42,42],"current_hp_per_floor":[68,67,60,60,60,47,47,47,47,47,47,47,46,33,33,25,52,46,46,41,39,39,39,37,37,37,37,37,39,39,38,37,36,35,44,43,42,41,40,39,38,37,36,35,41,40,39,38,37,36],"gold":153,"neow_bonus":"","is_prod":false,"is_daily":true,"chose_seed":false,"campfire_upgraded":5,"win_rate":0,"timestamp":1533973938,"path_taken":["M","M","?","M","M","E","?","E","T","R","?","?","M","E","R","BOSS","M","M","?","M","?","R","E","R","T","?","$","E","R","?","R","BOSS","M","?","M","$","?","R","E","?","T","M","E","M","?","M","R","BOSS"],"build_version":"2018-08-08","purchased_purges":2,"victory":true,"max_hp_per_floor":[68,67,66,65,64,63,62,61,60,59,58,57,56,55,54,53,52,51,50,49,48,47,46,45,44,43,42,41,40,39,38,37,36,35,44,43,42,41,40,39,38,37,36,35,41,40,39,38,37,36],"card_choices":[{"not_picked":["Prepared","Acrobatics"],"picked":"Corpse Explosion","floor":6},{"not_picked":["Outmaneuver","Choke","Bouncing Flask"],"picked":"SKIP","floor":8},{"not_picked":["Bullet Time","Underhanded Strike"],"picked":"Blade Dance","floor":14},{"not_picked":["Wraith Form v2+1","Phantasmal Killer"],"picked":"Burst","floor":16},{"not_picked":["Slice","Underhanded Strike"],"picked":"Sucker Punch","floor":20},{"not_picked":["Accuracy+1","Dagger Spray"],"picked":"Backstab","floor":24},{"not_picked":["Dagger Spray","Accuracy+1"],"picked":"Escape Plan+1","floor":29},{"not_picked":["Unload","Wraith Form v2+1"],"picked":"Corpse Explosion+1","floor":33},{"not_picked":["Expertise+1","Dash"],"picked":"Heel Hook","floor":34},{"not_picked":["Outmaneuver+1","Choke+1"],"picked":"Backflip+1","floor":34},{"not_picked":["Acrobatics+1","Dagger Throw"],"picked":"Crippling Poison+1","floor":34},{"not_picked":["Finisher","Setup+1"],"picked":"Dagger Spray+1","floor":34},{"not_picked":["Dagger Spray","Terror+1"],"picked":"Backflip+1","floor":34},{"not_picked":["Flying Knee+1","Dagger Spray"],"picked":"After Image+1","floor":41},{"not_picked":["Poisoned Stab","Slice+1"],"picked":"Sucker Punch","floor":45}],"player_experience":300514,"relics_obtained":[{"floor":1,"key":"Boot"},{"floor":2,"key":"Frozen Egg 2"},{"floor":4,"key":"Paper Crane"},{"floor":5,"key":"Meat on the Bone"},{"floor":6,"key":"Ornamental Fan"},{"floor":8,"key":"Oddly Smooth Stone"},{"floor":9,"key":"Juzu Bracelet"},{"floor":13,"key":"Pen Nib"},{"floor":14,"key":"Pantograph"},{"floor":16,"key":"Torii"},{"floor":18,"key":"Toxic Egg 2"},{"floor":19,"key":"Omamori"},{"floor":20,"key":"Red Mask"},{"floor":21,"key":"Vajra"},{"floor":24,"key":"Blood Vial"},{"floor":26,"key":"Mummified Hand"},{"floor":29,"key":"Whetstone"},{"floor":33,"key":"Bag of Preparation"},{"floor":35,"key":"Pear"},{"floor":37,"key":"Tiny Chest"},{"floor":41,"key":"Blue Candle"},{"floor":43,"key":"Centennial Puzzle"},{"floor":44,"key":"Potion Belt"},{"floor":45,"key":"Strawberry"},{"floor":46,"key":"Snake Skull"},{"floor":48,"key":"Bronze Scales"}],"event_choices":[{"event_name":"Golden Wing","player_choice":"Card Removal","floor":3,"damage_taken":0},{"event_name":"Accursed Blacksmith","player_choice":"Forge","floor":7,"damage_taken":0},{"event_name":"Big Fish","player_choice":"Box","floor":11,"damage_taken":0},{"event_name":"Living Wall","player_choice":"Grow","floor":12,"damage_taken":0},{"event_name":"Masked Bandits","player_choice":"Fought Bandits","floor":20,"damage_taken":0},{"event_name":"Ghosts","player_choice":"Ignored","floor":22,"damage_taken":0},{"event_name":"Nest","player_choice":"Stole From Cult","floor":27,"damage_taken":0},{"event_name":"MindBloom","player_choice":"Gold","floor":36,"damage_taken":0},{"event_name":"Winding Halls","player_choice":"Writhe","floor":39,"damage_taken":0},{"event_name":"Falling","player_choice":"Removed Skill","floor":47,"damage_taken":0}],"is_beta":true,"boss_relics":[{"not_picked":["Empty Cage","HoveringKite"],"picked":"Astrolabe"},{"not_picked":["Eternal Feather","Pandora\u0027s Box"],"picked":"Orrery"}],"items_purged_floors":[28,38],"is_endless":false,"potions_floor_spawned":[1,2,13,19,20,21,33,41,44,45,46],"ascension_level":0}