{"gold_per_floor":[110,128,140,42,59,59,90,100,100,110,110,110,25,39,39,117,117,129,143,143,143,68,68,68],"floor_reached":24,"playtime":3468,"items_purged":["Strike_B"],"score":396,"play_id":"320acc2e-dcb7-41c6-a676-d270f0a2f2e3","local_time":"20190403225703","is_ascension_mode":true,"campfire_choices":[{"floor":6,"key":"REST"},{"data":"Zap","floor":12,"key":"SMITH"},{"data":"Loop","floor":15,"key":"SMITH"},{"floor":23,"key":"REST"}],"neow_cost":"NONE","seed_source_timestamp":521337723813403,"circlet_count":0,"master_deck":["AscendersBane","Strike_B","Strike_B","Defend_B","Defend_B","Defend_B","Defend_B","Zap+1","Dualcast","Ball Lightning","Go for the Eyes","Coolheaded","FTL","Cold Snap","Conserve Battery","Compile Driver","Glacier","Loop+1","Seek","Coolheaded","White Noise"],"relics":["Cracked Core","NeowsBlessing","Boot","Gremlin Horn","Fusion Hammer"],"potions_floor_usage":[7,16,24],"damage_taken":[{"damage":0,"enemies":"Cultist","floor":1,"turns":1},{"damage":0,"enemies":"2 Louse","floor":2,"turns":1},{"damage":0,"enemies":"Jaw Worm","floor":3,"turns":1},{"damage":35,"enemies":"Gremlin Gang","floor":5,"turns":4},{"damage":13,"enemies":"3 Sentries","floor":7,"turns":6},{"damage":21,"enemies":"Exordium Wildlife","floor":8,"turns":4},{"damage":0,"enemies":"2 Fungi Beasts","floor":10,"turns":2},{"damage":0,"enemies":"Large Slime","floor":14,"turns":4},{"damage":5,"enemies":"The Guardian","floor":16,"turns":11},{"damage":8,"enemies":"Shell Parasite","floor":18,"turns":6},{"damage":5,"enemies":"2 Thieves","floor":19,"turns":5},{"damage":56,"enemies":"Gremlin Leader","floor":24,"turns":8}],"seed_played":"-3694026437525987684","potions_obtained":[{"floor":2,"key":"Strength Potion"},{"floor":5,"key":"Explosive Potion"},{"floor":8,"key":"Ancient Potion"},{"floor":10,"key":"Weak Potion"},{"floor":19,"key":"Block Potion"}],"is_trial":false,"path_per_floor":["M","M","M","$","M","R","E","M","T","M","?","R","$","M","R","B",null,"M","M","?","?","$","R","E"],"character_chosen":"DEFECT","items_purchased":["Coolheaded","FTL","Loop"],"campfire_rested":2,"item_purchase_floors":[4,4,13],"current_hp_per_floor":[64,64,64,64,29,50,37,16,16,16,16,16,16,16,16,11,56,48,43,22,22,22,43,0],"gold":68,"neow_bonus":"THREE_ENEMY_KILL","is_prod":false,"is_daily":false,"chose_seed":false,"campfire_upgraded":2,"win_rate":0,"timestamp":1554346623,"path_taken":["M","M","?","$","M","R","E","M","T","M","?","R","?","M","R","BOSS","M","?","?","?","?","R","E"],"build_version":"2019-01-23","purchased_purges":1,"victory":false,"max_hp_per_floor":[71,71,71,71,71,71,71,71,71,71,71,71,71,71,71,71,71,71,71,71,71,71,71,71],"card_choices":[{"not_picked":["Stack","Compile Driver"],"picked":"Ball Lightning","floor":1},{"not_picked":["Streamline","Blizzard"],"picked":"Go for the Eyes","floor":2},{"not_picked":["Multi-Cast","Compile Driver","Beam Cell"],"picked":"SKIP","floor":3},{"not_picked":["Undo","Self Repair"],"picked":"Cold Snap","floor":5},{"not_picked":["Go for the Eyes","Buffer"],"picked":"Conserve Battery","floor":7},{"not_picked":["Sweeping Beam","Redo"],"picked":"Compile Driver","floor":8},{"not_picked":["Aggregate","Rip and Tear"],"picked":"Glacier","floor":10},{"not_picked":["Go for the Eyes","Gash","Stack"],"picked":"SKIP","floor":14},{"not_picked":["Creative AI","Meteor Strike"],"picked":"Seek","floor":16},{"not_picked":["Hologram","Sweeping Beam"],"picked":"Coolheaded","floor":18},{"not_picked":["Barrage","BootSequence"],"picked":"White Noise","floor":19}],"player_experience":649700,"relics_obtained":[{"floor":7,"key":"Boot"},{"floor":9,"key":"Gremlin Horn"}],"event_choices":[{"cards_removed":["Strike_B"],"damage_healed":0,"gold_gain":0,"player_choice":"Forget","damage_taken":0,"max_hp_gain":0,"max_hp_loss":0,"event_name":"Living Wall","floor":11,"gold_loss":0},{"damage_healed":0,"gold_gain":0,"player_choice":"Obtained Book","damage_taken":21,"max_hp_gain":0,"max_hp_loss":0,"event_name":"Cursed Tome","floor":20,"gold_loss":0},{"damage_healed":0,"gold_gain":0,"player_choice":"Ignored","damage_taken":0,"max_hp_gain":0,"max_hp_loss":0,"event_name":"The Mausoleum","floor":21,"gold_loss":0}],"is_beta":false,"boss_relics":[{"not_picked":["Tiny House","Philosopher\u0027s Stone"],"picked":"Fusion Hammer"}],"items_purged_floors":[22],"is_endless":false,"potions_floor_spawned":[2,5,8,10,19],"killed_by":"Gremlin Leader","ascension_level":20}