{"gold_per_floor":[144,144,144,144,193,291,340,340,365,140,140,140,189,287,287,612,710,759,674,713,762,811,811,909,834,884,982,1031,1106,556,605,605,930,930,979,1028,1028,1077,1077,1077,1175,1175,1250,1299,1397,1397,1446,1471,1471,1471],"floor_reached":51,"playtime":1877,"items_purged":["Defend_G","Writhe"],"score":1178,"play_id":"18b3d304-4b2c-4890-a799-62f65ae8e944","local_time":"20180709110716","daily_mods":["Brewmaster","Cursed Run","Midas"],"is_ascension_mode":false,"campfire_choices":[{"floor":8,"key":"REST"},{"floor":15,"key":"REST"},{"floor":23,"key":"REST"},{"floor":32,"key":"REST"},{"floor":40,"key":"REST"},{"floor":42,"key":"REST"},{"floor":49,"key":"REST"}],"neow_cost":"","seed_source_timestamp":0,"circlet_count":0,"master_deck":["Defend_G","Defend_G","Defend_G+1","Defend_G+1","Strike_G","Strike_G","Strike_G","Survivor+1","Neutralize","Venomology","Venomology","Venomology","Venomology","Venomology","Dagger Spray","Blur","Backflip","Doubt","Parasite","Terror","Storm of Steel","Skewer","Dagger Spray+1","Well Laid Plans","Backstab+1","Doubt","Riddle With Holes+1","Doubt","Blade Dance+1","Clumsy","Phantasmal Killer+1","Quick Slash+1","Prepared+1","Backflip+1","Bullet Time+1","Normality","Skewer+1","Cloak And Dagger+1","Parasite","Shame"],"special_seed":17721,"relics":["Cursed Key","Darkstone Periapt","Du-Vu Doll","White Beast Statue","Ancient Tea Set","Golden Idol","Ice Cream","Singing Bowl","Oddly Smooth Stone","Regal Pillow","Tiny House","Dream Catcher","Red Mask","Art of War","Snake Skull","War Paint","Bottled Tornado","Lee\u0027s Waffle","Toxic Egg 2","Fusion Hammer","Sundial","Bottled Flame","Unceasing Top","Strawberry"],"potions_floor_usage":[1,5,5,6,6,6,6,6,6,6,6,6,7,7,7,13,13,13,13,13,14,14,14,16,16,16,16,16,16,16,16,16,18,18,18,20,20,20,20,20,20,21,21,22,22,24,24,24,24,24,24,27,27,27,28,28,28,33,33,33,33,33,33,35,35,35,36,36,38,38,38,38,38,38,41,41,41,44,45,47,50,50,50,50,50,50,50,50,50],"damage_taken":[{"damage":5,"enemies":"Small Slimes","floor":1,"turns":6},{"damage":1,"enemies":"Jaw Worm","floor":5,"turns":3},{"damage":25,"enemies":"3 Sentries","floor":6,"turns":8},{"damage":0,"enemies":"2 Louse","floor":7,"turns":2},{"damage":0,"enemies":"Large Slime","floor":13,"turns":5},{"damage":0,"enemies":"Gremlin Nob","floor":14,"turns":3},{"damage":0,"enemies":"Hexaghost","floor":16,"turns":7},{"damage":9,"enemies":"2 Thieves","floor":18,"turns":2},{"damage":2,"floor":20,"turns":5},{"damage":36,"enemies":"Spheric Guardian","floor":21,"turns":6},{"damage":9,"enemies":"Snake Plant","floor":22,"turns":4},{"damage":11,"enemies":"Slavers","floor":24,"turns":3},{"damage":44,"enemies":"Book of Stabbing","floor":27,"turns":5},{"damage":14,"enemies":"Slaver and Parasite","floor":28,"turns":5},{"damage":0,"enemies":"Snecko","floor":31,"turns":3},{"damage":0,"enemies":"Champ","floor":33,"turns":8},{"damage":8,"enemies":"3 Darklings","floor":35,"turns":3},{"damage":7,"enemies":"Orb Walker","floor":36,"turns":2},{"damage":5,"enemies":"Transient","floor":38,"turns":5},{"damage":9,"enemies":"Nemesis","floor":41,"turns":3},{"damage":16,"enemies":"Sphere and 2 Shapes","floor":44,"turns":3},{"damage":0,"enemies":"Giant Head","floor":45,"turns":5},{"damage":8,"enemies":"3 Darklings","floor":47,"turns":3},{"damage":56,"enemies":"Awakened One","floor":50,"turns":7}],"seed_played":"2365577451791200373","potions_obtained":[{"floor":1,"key":"PowerPotion"},{"floor":5,"key":"EntropicBrew"},{"floor":6,"key":"Energy Potion"},{"floor":7,"key":"Block Potion"},{"floor":14,"key":"AttackPotion"},{"floor":16,"key":"GamblersBrew"},{"floor":17,"key":"SteroidPotion"},{"floor":18,"key":"SpeedPotion"},{"floor":20,"key":"Dexterity Potion"},{"floor":21,"key":"GamblersBrew"},{"floor":22,"key":"SteroidPotion"},{"floor":24,"key":"Energy Potion"},{"floor":28,"key":"SpeedPotion"},{"floor":33,"key":"Fire Potion"},{"floor":35,"key":"Strength Potion"},{"floor":36,"key":"Swift Potion"},{"floor":38,"key":"SpeedPotion"}],"is_trial":false,"path_per_floor":["M","?","?","?","M","E","M","R","T","$","?","?","M","E","R","B",null,"M","?","?","M","M","R","E","?","T","E","M","T","$","M","R","B",null,"M","M","?","M","?","R","E","R","T","M","E","?","M","T","R","B"],"character_chosen":"THE_SILENT","items_purchased":["Oddly Smooth Stone","Lee\u0027s Waffle","Toxic Egg 2"],"campfire_rested":7,"item_purchase_floors":[10,30,30],"current_hp_per_floor":[65,71,52,45,53,42,42,64,70,70,88,88,88,90,90,96,103,96,96,94,60,51,98,87,87,93,49,37,43,128,128,128,134,134,128,121,121,128,119,119,112,121,127,111,113,113,105,118,144,94],"gold":1471,"neow_bonus":"","is_prod":false,"is_daily":true,"chose_seed":false,"campfire_upgraded":0,"win_rate":0,"timestamp":1531111036,"path_taken":["M","?","?","?","?","E","?","R","T","$","?","?","M","E","R","BOSS","M","?","?","M","?","R","E","?","T","E","M","?","$","?","R","BOSS","M","M","?","?","?","R","E","R","T","M","E","?","M","?","R","BOSS"],"build_version":"2018-07-05","purchased_purges":2,"victory":true,"max_hp_per_floor":[70,76,76,76,76,76,76,76,82,82,88,88,88,90,90,96,103,105,105,105,107,107,107,107,107,113,113,115,121,128,128,128,134,134,136,136,136,136,119,119,121,121,127,127,129,129,129,142,144,150],"card_choices":[{"not_picked":["Leg Sweep","Flying Knee"],"picked":"Dagger Spray","floor":1},{"not_picked":["Flechettes","Dagger Spray","Underhanded Strike"],"picked":"SKIP","floor":5},{"not_picked":["Concentrate","Deflect"],"picked":"Blur","floor":6},{"not_picked":["Flying Knee","Bane"],"picked":"Backflip","floor":7},{"not_picked":["Dodge and Roll","Slice"],"picked":"Terror","floor":13},{"not_picked":["Riddle With Holes","Backflip","Envenom"],"picked":"Singing Bowl","floor":14},{"not_picked":["Phantasmal Killer","Corpse Explosion"],"picked":"Storm of Steel","floor":16},{"not_picked":["Slice","Infinite Blades","All Out Attack"],"picked":"Singing Bowl","floor":17},{"not_picked":["Distraction","Dagger Throw","Acrobatics"],"picked":"Singing Bowl","floor":18},{"not_picked":["Malaise","Infinite Blades"],"picked":"Skewer","floor":20},{"not_picked":["Flying Knee+1","PiercingWail","Deflect"],"picked":"Singing Bowl","floor":21},{"not_picked":["Outmaneuver","Leg Sweep"],"picked":"Dagger Spray+1","floor":22},{"not_picked":["Slice","Underhanded Strike"],"picked":"Well Laid Plans","floor":23},{"not_picked":["Acrobatics","Distraction"],"picked":"Backstab+1","floor":24},{"not_picked":["Dagger Spray","Terror"],"picked":"Riddle With Holes+1","floor":27},{"not_picked":["Quick Slash","Flying Knee","Riddle With Holes"],"picked":"Singing Bowl","floor":28},{"not_picked":["Heel Hook+1","Deflect+1"],"picked":"Blade Dance+1","floor":31},{"not_picked":["Envenom","Corpse Explosion+1"],"picked":"Phantasmal Killer+1","floor":33},{"not_picked":["Well Laid Plans+1","Backflip+1","Predator"],"picked":"Singing Bowl","floor":35},{"not_picked":["Outmaneuver+1","Slice"],"picked":"Quick Slash+1","floor":36},{"not_picked":["Heel Hook+1","Setup+1"],"picked":"Prepared+1","floor":38},{"not_picked":["Concentrate+1","Deflect+1"],"picked":"Backflip+1","floor":40},{"not_picked":["Flying Knee+1","Riddle With Holes+1","Accuracy"],"picked":"Singing Bowl","floor":41},{"not_picked":["Backflip+1","Quick Slash"],"picked":"Bullet Time+1","floor":42},{"not_picked":["Poisoned Stab+1","Reflex+1"],"picked":"Skewer+1","floor":44},{"not_picked":["Heel Hook","Footwork","Noxious Fumes+1"],"picked":"Singing Bowl","floor":45},{"not_picked":["Outmaneuver+1","Predator"],"picked":"Cloak And Dagger+1","floor":47},{"not_picked":["Dodge and Roll+1","Caltrops","Outmaneuver+1"],"picked":"Singing Bowl","floor":49}],"player_experience":160988,"relics_obtained":[{"floor":6,"key":"Ice Cream"},{"floor":9,"key":"Singing Bowl"},{"floor":14,"key":"Regal Pillow"},{"floor":20,"key":"Red Mask"},{"floor":24,"key":"Art of War"},{"floor":26,"key":"Snake Skull"},{"floor":27,"key":"War Paint"},{"floor":29,"key":"Bottled Tornado"},{"floor":41,"key":"Sundial"},{"floor":43,"key":"Bottled Flame"},{"floor":45,"key":"Unceasing Top"},{"floor":48,"key":"Strawberry"}],"event_choices":[{"event_name":"Big Fish","player_choice":"Box","floor":2,"damage_taken":0},{"event_name":"Golden Idol","player_choice":"Take Damage","floor":3,"damage_taken":0},{"event_name":"Golden Wing","player_choice":"Card Removal","floor":4,"damage_taken":0},{"event_name":"Mushrooms","player_choice":"Healed and dodged fight","floor":11,"damage_taken":0},{"event_name":"The Woman in Blue","player_choice":"Bought 0 Potions","floor":12,"damage_taken":0},{"event_name":"Addict","player_choice":"Obtained Relic","floor":19,"damage_taken":0},{"event_name":"Masked Bandits","player_choice":"Fought over 674 gold","floor":20,"damage_taken":0},{"event_name":"Beggar","player_choice":"Gave Gold","floor":25,"damage_taken":0},{"event_name":"Purifier","player_choice":"One Purge","floor":37,"damage_taken":0},{"event_name":"The Moai Head","player_choice":"Heal","floor":39,"damage_taken":0},{"event_name":"Fountain of Cleansing","player_choice":"Ignored","floor":46,"damage_taken":0}],"boss_relics":[{"not_picked":["Runic Pyramid","Eternal Feather"],"picked":"Tiny House"},{"not_picked":["Lizard Tail","Snecko Eye"],"picked":"Fusion Hammer"}],"items_purged_floors":[10,30],"is_endless":false,"potions_floor_spawned":[1,5,6,7,13,14,16,18,20,21,22,24,27,28,31,33,35,36,38,41,44,45,47],"ascension_level":0}