{"gold_per_floor":[114,114,44,59,71,97,22,57,82,82,82,82,82,97,97,192,192,204,222,233,233,133,167,16,16,16,316,316,67,82,117,117,213,213,233,83,99,99,99,109,121,121,121,131,131,156,156,176,176,176],"floor_reached":51,"playtime":1294,"items_purged":["Defend_R","Strike_R","Perfected Strike"],"score":748,"play_id":"d40895a9-91d5-4525-8728-0b38b89074e1","local_time":"20190731185308","is_ascension_mode":false,"campfire_choices":[{"data":"Bash","floor":11,"key":"SMITH"},{"data":"Inflame","floor":13,"key":"SMITH"},{"data":"Perfected Strike","floor":15,"key":"SMITH"},{"floor":28,"key":"REST"},{"data":"True Grit","floor":32,"key":"SMITH"},{"data":"Demon Form","floor":42,"key":"SMITH"},{"data":"Disarm","floor":49,"key":"SMITH"}],"neow_cost":"","seed_source_timestamp":452605486341338,"circlet_count":0,"master_deck":["Strike_R+1","Strike_R","Defend_R+1","Bash+1","Pommel Strike+1","Shockwave+1","Shrug It Off","Inflame+1","Impervious","Sword Boomerang+1","Clothesline+1","Uppercut+1","Disarm+1","Shrug It Off","True Grit+1","Flame Barrier","Berserk","Impervious","Disarm+1","Battle Trance+1","Demon Form+1","Shrug It Off+1","Iron Wave"],"relics":["Burning Blood","Ancient Tea Set","Vajra","War Paint","Lantern","Astrolabe","Pen Nib","Bottled Flame","Old Coin","Meat on the Bone","Whetstone","Coffee Dripper","Bag of Preparation","Ginger","Mango"],"potions_floor_usage":[19,23,35,46,50,50,50],"damage_taken":[{"damage":0,"enemies":"2 Louse","floor":1,"turns":3},{"damage":0,"enemies":"Cultist","floor":4,"turns":2},{"damage":6,"enemies":"Jaw Worm","floor":5,"turns":2},{"damage":28,"enemies":"Gremlin Nob","floor":6,"turns":4},{"damage":21,"enemies":"Lagavulin","floor":8,"turns":6},{"damage":7,"enemies":"Blue Slaver","floor":14,"turns":3},{"damage":34,"enemies":"The Guardian","floor":16,"turns":7},{"damage":2,"enemies":"Spheric Guardian","floor":18,"turns":3},{"damage":15,"enemies":"2 Thieves","floor":19,"turns":4},{"damage":8,"enemies":"Centurion and Healer","floor":20,"turns":5},{"damage":53,"enemies":"Slavers","floor":23,"turns":5},{"damage":27,"enemies":"Sentry and Sphere","floor":30,"turns":6},{"damage":1,"enemies":"Book of Stabbing","floor":31,"turns":4},{"damage":15,"enemies":"Champ","floor":33,"turns":13},{"damage":4,"enemies":"3 Darklings","floor":35,"turns":5},{"damage":9,"enemies":"Orb Walker","floor":37,"turns":3},{"damage":14,"enemies":"Writhing Mass","floor":40,"turns":5},{"damage":21,"enemies":"Sphere and 2 Shapes","floor":41,"turns":6},{"damage":6,"enemies":"3 Darklings","floor":44,"turns":7},{"damage":48,"enemies":"Reptomancer","floor":46,"turns":8},{"damage":1,"enemies":"Transient","floor":48,"turns":5},{"damage":15,"enemies":"Awakened One","floor":50,"turns":10}],"seed_played":"1102520989299550399","potions_obtained":[{"floor":4,"key":"EssenceOfSteel"},{"floor":6,"key":"Explosive Potion"},{"floor":14,"key":"FairyPotion"},{"floor":16,"key":"Fruit Juice"},{"floor":30,"key":"Explosive Potion"},{"floor":31,"key":"SteroidPotion"},{"floor":35,"key":"SpeedPotion"},{"floor":46,"key":"Strength Potion"},{"floor":48,"key":"Fire Potion"}],"is_trial":false,"path_per_floor":["M","?","?","M","M","E","$","E","T","$","R","?","R","M","R","B",null,"M","M","M","?","$","E","$","?","T","T","R","$","M","E","R","B",null,"M","$","M","$","?","M","M","R","T","M","?","E","?","M","R","B",null],"character_chosen":"IRONCLAD","items_purchased":["True Grit","Meat on the Bone","Bag of Preparation"],"campfire_rested":1,"item_purchase_floors":[24,29,36],"current_hp_per_floor":[80,85,85,85,85,63,63,48,48,48,48,48,48,47,47,19,85,85,81,79,79,79,32,32,14,14,14,42,42,33,50,50,53,95,95,95,92,92,92,84,69,69,69,69,69,53,53,70,70,61],"gold":176,"neow_bonus":"","is_prod":false,"is_daily":false,"chose_seed":false,"campfire_upgraded":6,"win_rate":0.0,"timestamp":1564573988,"path_taken":["M","?","?","?","M","E","$","E","T","$","R","?","R","M","R","BOSS","M","?","M","?","$","E","$","?","T","?","R","?","M","E","R","BOSS","M","?","M","?","?","M","M","R","T","M","?","E","?","M","R","BOSS"],"build_version":"2019-07-18","purchased_purges":3,"victory":true,"max_hp_per_floor":[80,85,85,85,85,85,85,85,85,85,85,85,85,85,85,85,85,85,90,90,90,90,90,90,95,95,95,95,95,95,95,95,95,95,95,95,95,95,95,95,95,95,95,95,95,109,106,106,106,106],"card_choices":[{"not_picked":["Armaments","Pommel Strike"],"picked":"Perfected Strike","floor":1},{"not_picked":["Flame Barrier","Armaments"],"picked":"Corruption","floor":4},{"not_picked":["Headbutt","Armaments"],"picked":"Pommel Strike","floor":5},{"not_picked":["Infernal Blade","Flex"],"picked":"Shockwave","floor":6},{"not_picked":["Combust","Barricade"],"picked":"Shrug It Off","floor":8},{"not_picked":["Armaments","Flex"],"picked":"Perfected Strike","floor":14},{"not_picked":["Brutality","Barricade"],"picked":"Impervious","floor":16},{"not_picked":["Blood for Blood","Rage","Headbutt"],"picked":"SKIP","floor":18},{"not_picked":["Rampage","Seeing Red"],"picked":"Disarm+1","floor":19},{"not_picked":["True Grit","Seeing Red"],"picked":"Shrug It Off","floor":20},{"not_picked":["Warcry+1","Carnage","Brutality"],"picked":"SKIP","floor":23},{"not_picked":["Anger","Flex"],"picked":"Flame Barrier","floor":30},{"not_picked":["Twin Strike","Bludgeon"],"picked":"Berserk","floor":31},{"not_picked":["Double Tap","Fiend Fire"],"picked":"Impervious","floor":33},{"not_picked":["Iron Wave","Metallicize"],"picked":"Disarm","floor":35},{"not_picked":["Perfected Strike","Clash"],"picked":"Battle Trance+1","floor":37},{"not_picked":["Thunderclap+1","Clash"],"picked":"Demon Form","floor":40},{"not_picked":["Sword Boomerang","Inflame+1"],"picked":"Shrug It Off+1","floor":41},{"not_picked":["Flex","Iron Wave","Rupture+1"],"picked":"SKIP","floor":44},{"not_picked":["Dark Embrace","Headbutt","Rupture+1"],"picked":"SKIP","floor":46},{"not_picked":["Thunderclap+1","Clothesline","Burning Pact"],"picked":"SKIP","floor":48}],"player_experience":0,"relics_obtained":[{"floor":6,"key":"Vajra"},{"floor":8,"key":"War Paint"},{"floor":9,"key":"Lantern"},{"floor":23,"key":"Pen Nib"},{"floor":26,"key":"Bottled Flame"},{"floor":27,"key":"Old Coin"},{"floor":31,"key":"Whetstone"},{"floor":43,"key":"Ginger"},{"floor":46,"key":"Mango"}],"event_choices":[{"damage_healed":0,"gold_gain":0,"player_choice":"Donut","damage_taken":0,"max_hp_gain":5,"max_hp_loss":0,"event_name":"Big Fish","floor":2,"gold_loss":0},{"damage_healed":0,"gold_gain":0,"player_choice":"Paid Gold","damage_taken":0,"relics_obtained":["Ancient Tea Set"],"max_hp_gain":0,"max_hp_loss":0,"event_name":"WeMeetAgain","floor":3,"gold_loss":70},{"damage_healed":0,"gold_gain":0,"cards_transformed":["Defend_R"],"player_choice":"Transformed","damage_taken":0,"max_hp_gain":0,"max_hp_loss":0,"event_name":"Transmorgrifier","floor":12,"gold_loss":0,"cards_obtained":["Inflame"]},{"cards_removed":["Strike_R"],"damage_healed":0,"gold_gain":0,"player_choice":"Elegance","damage_taken":0,"max_hp_gain":0,"max_hp_loss":0,"event_name":"Back to Basics","floor":21,"gold_loss":0},{"damage_healed":0,"gold_gain":0,"player_choice":"Shed Blood","damage_taken":23,"max_hp_gain":5,"max_hp_loss":0,"event_name":"Forgotten Altar","floor":25,"gold_loss":0},{"cards_removed":["Perfected Strike"],"damage_healed":0,"gold_gain":0,"player_choice":"Removed Attack","damage_taken":0,"max_hp_gain":0,"max_hp_loss":0,"event_name":"Falling","floor":39,"gold_loss":0},{"damage_healed":0,"gold_gain":0,"player_choice":"Memory 1","damage_taken":0,"max_hp_gain":0,"max_hp_loss":0,"event_name":"SensoryStone","floor":45,"gold_loss":0},{"cards_removed":["Parasite"],"damage_healed":0,"gold_gain":0,"player_choice":"Took Card","damage_taken":0,"max_hp_gain":0,"max_hp_loss":0,"event_name":"NoteForYourself","floor":47,"gold_loss":0,"cards_obtained":["Iron Wave"]}],"is_beta":true,"boss_relics":[{"not_picked":["Mark of Pain","Calling Bell"],"picked":"Astrolabe"},{"not_picked":["Black Blood","Runic Dome"],"picked":"Coffee Dripper"}],"items_purged_floors":[7,22,24],"is_endless":false,"potions_floor_spawned":[4,6,14,16,30,31,33,35,46,48],"ascension_level":0}