{"gold_per_floor":[117,117,292,304,317,347,407,407,407,435,451,475,485,504,504,600,600,614,614,614,633,548,548,581,581,605,605,631,648,667,285,285,389,389,402,413,513,513,561,561,580,580,580,595,595,595,112,125,125,125],"floor_reached":51,"playtime":4845,"items_purged":["Writhe"],"score":950,"play_id":"b98b147f-a06b-409b-87a0-cdaeeabcf4ae","local_time":"20190424183607","daily_mods":["Insanity","Chimera","Vintage","ControlledChaos","Heirloom"],"is_ascension_mode":false,"campfire_choices":[{"data":"Demon Form","floor":8,"key":"SMITH"},{"data":"Iron Wave","floor":15,"key":"SMITH"},{"data":"Armaments","floor":23,"key":"SMITH"},{"data":"Armaments","floor":25,"key":"SMITH"},{"data":"Wraith Form v2","floor":27,"key":"SMITH"},{"data":"Heavy Blade","floor":32,"key":"SMITH"},{"floor":40,"key":"DIG"},{"floor":42,"key":"DIG"},{"data":"1","floor":49,"key":"LIFT"}],"neow_cost":"","seed_source_timestamp":0,"circlet_count":0,"master_deck":["Demon Form+1","Wraith Form v2+1","Echo Form","Bash","Survivor","Zap","Strike_R","Strike_G","Strike_B","Defend_R","Defend_G","Defend_B","Sentinel","Thunderclap","Heavy Blade+1","Warcry","True Grit","Heavy Blade","Cleave","Thunderclap+1","Headbutt","Clothesline","Infernal Blade","Thunderclap","Armaments","Armaments","Inflame","Flex","Sword Boomerang","Twin Strike","True Grit","Clothesline","Havoc","Ghostly Armor","Twin Strike","Armaments+1","Iron Wave","Iron Wave","Armaments","Shrug It Off","Thunderclap","Body Slam+1","Armaments+1","Bloodletting","Warcry","Iron Wave+1","Body Slam","Havoc","Shrug It Off","Thunderclap","Wild Strike","Iron Wave","Shrug It Off","True Grit","Rage","Fire Breathing","Body Slam","Perfected Strike","Intimidate","Armaments","Inflame","Wild Strike","Carnage","Thunderclap","Flame Barrier","Dropkick","Fiend Fire","Shrug It Off","Discovery","Whirlwind","Armaments","Double Tap","Dual Wield+1","Spot Weakness","Violence+1","Flex+1","Whirlwind","Pummel","Havoc+1","Feel No Pain"],"special_seed":0,"relics":["Burning Blood","Frozen Eye","Incense Burner","PreservedInsect","Juzu Bracelet","Bird Faced Urn","Meat on the Bone","Whetstone","Blood Vial","Pear","Kunai","Boot","Odd Mushroom","Bag of Preparation","Ancient Tea Set","Eternal Feather","Ornamental Fan","Anchor","Lantern","Turnip","Paper Frog","Strawberry","Oddly Smooth Stone","Smiling Mask","Happy Flower","Orichalcum","Black Star","Potion Belt","Shovel","Girya","Du-Vu Doll","Ice Cream","Charon\u0027s Ashes","Champion Belt","Thread and Needle","Toxic Egg 2","FaceOfCleric","Darkstone Periapt"],"potions_floor_usage":[30,33,44,50,50,50,50],"damage_taken":[{"damage":0.0,"enemies":"2 Louse","floor":1.0,"turns":2.0},{"damage":0.0,"enemies":"Jaw Worm","floor":4.0,"turns":3.0},{"damage":7.0,"enemies":"Small Slimes","floor":5.0,"turns":3.0},{"damage":9,"enemies":"3 Sentries","floor":6,"turns":5},{"damage":20,"enemies":"Lagavulin Event","floor":7,"turns":6},{"damage":11,"enemies":"Gremlin Nob","floor":10,"turns":3},{"damage":2,"enemies":"Looter","floor":11,"turns":4},{"damage":27,"enemies":"The Mushroom Lair","floor":12,"turns":4},{"damage":11,"enemies":"Large Slime","floor":13,"turns":4},{"damage":2,"enemies":"3 Louse","floor":14,"turns":4},{"damage":15,"enemies":"Slime Boss","floor":16,"turns":9},{"damage":30,"enemies":"Spheric Guardian","floor":18,"turns":4},{"damage":5,"enemies":"Chosen","floor":21,"turns":5},{"damage":0,"enemies":"Gremlin Leader","floor":24,"turns":6},{"damage":0,"enemies":"Snake Plant","floor":29,"turns":1},{"damage":0,"enemies":"Chosen and Byrds","floor":30,"turns":4},{"damage":0,"enemies":"Champ","floor":33,"turns":9},{"damage":0,"enemies":"3 Darklings","floor":35,"turns":4},{"damage":13,"enemies":"Orb Walker","floor":36,"turns":4},{"damage":33,"enemies":"Mind Bloom Boss Battle","floor":37,"turns":9},{"damage":37,"enemies":"2 Orb Walkers","floor":39,"turns":6},{"damage":24,"enemies":"Writhing Mass","floor":41,"turns":6},{"damage":0,"enemies":"Jaw Worm Horde","floor":44,"turns":2},{"damage":22,"enemies":"Maw","floor":48,"turns":8},{"damage":16,"enemies":"Donu and Deca","floor":50,"turns":9}],"seed_played":"4937972286586910380","potions_obtained":[{"floor":1.0,"key":"EssenceOfSteel"},{"floor":5,"key":"FearPotion"},{"floor":7,"key":"SteroidPotion"},{"floor":13,"key":"Strength Potion"},{"floor":29,"key":"AttackPotion"},{"floor":30,"key":"Fruit Juice"},{"floor":33,"key":"Regen Potion"},{"floor":36,"key":"Explosive Potion"},{"floor":41,"key":"LiquidBronze"}],"is_trial":true,"path_per_floor":["M","?","?","M","M","E","?","R","T","E","M","?","M","M","R","B",null,"M","?","?","M","?","R","E","R","T","R","T","M","M","$","R","B",null,"M","M","?","?","?","R","M","R","T","M","?","?","$","M","R","B",null],"character_chosen":"IRONCLAD","items_purchased":["Discovery","Orichalcum","Whirlwind","Armaments","Violence+1","Flex+1","Whirlwind","Pummel","Havoc+1","Feel No Pain"],"campfire_rested":0,"item_purchase_floors":[31,31,31,31,47,47,47,47,47,47],"current_hp_per_floor":[80,68,68,74,75,78,68,68,78,75,81,66,65,75,75,82,90,70,52,52,59,59,95,95,95,102,102,102,102,102,102,102,107,107,107,102,87,87,60,102,88,107,107,107,107,104,104,95,105,106],"gold":125,"neow_bonus":"","is_prod":false,"is_daily":false,"chose_seed":false,"campfire_upgraded":6,"win_rate":0,"timestamp":1556148967,"path_taken":["M","?","?","M","M","E","?","R","T","E","M","?","M","M","R","BOSS","M","?","?","M","?","R","E","R","T","R","?","M","M","$","R","BOSS","M","M","?","?","?","R","M","R","T","M","?","?","?","M","R","BOSS"],"build_version":"2019-01-23","purchased_purges":1,"victory":true,"max_hp_per_floor":[80,80,80,80,80,80,80,80,90,90,90,90,90,90,90,90,90,90,95,95,95,95,95,95,95,102,102,102,102,102,102,102,107,107,107,107,107,107,107,107,107,107,107,107,107,104,104,105,105,106],"card_choices":[{"not_picked":["Sword Boomerang","Inflame"],"picked":"Carnage","floor":6},{"not_picked":["Heavy Blade","Sword Boomerang"],"picked":"Thunderclap","floor":7},{"not_picked":["Second Wind","Thunderclap"],"picked":"Flame Barrier","floor":10},{"not_picked":["Heavy Blade","Thunderclap"],"picked":"Dropkick","floor":12},{"not_picked":["Dark Embrace","Juggernaut"],"picked":"Fiend Fire","floor":16},{"not_picked":["Battle Trance","Warcry"],"picked":"Shrug It Off","floor":24},{"not_picked":["Offering","Impervious"],"picked":"Double Tap","floor":33},{"not_picked":["Entrench","Fire Breathing+1"],"picked":"Dual Wield+1","floor":37},{"not_picked":["Clothesline","Burning Pact"],"picked":"Spot Weakness","floor":39}],"player_experience":50930,"relics_obtained":[{"floor":1.0,"key":"PreservedInsect"},{"floor":4.0,"key":"Bird Faced Urn"},{"floor":5,"key":"Meat on the Bone"},{"floor":6,"key":"Whetstone"},{"floor":9,"key":"Pear"},{"floor":10,"key":"Kunai"},{"floor":11,"key":"Boot"},{"floor":12,"key":"Odd Mushroom"},{"floor":13,"key":"Bag of Preparation"},{"floor":14,"key":"Ancient Tea Set"},{"floor":18,"key":"Ornamental Fan"},{"floor":21,"key":"Lantern"},{"floor":24,"key":"Paper Frog"},{"floor":26,"key":"Strawberry"},{"floor":28,"key":"Oddly Smooth Stone"},{"floor":29,"key":"Smiling Mask"},{"floor":30,"key":"Happy Flower"},{"floor":35,"key":"Potion Belt"},{"floor":36,"key":"Shovel"},{"floor":37,"key":"Girya"},{"floor":39,"key":"Du-Vu Doll"},{"floor":40,"key":"Ice Cream"},{"floor":41,"key":"Charon\u0027s Ashes"},{"floor":42,"key":"Champion Belt"},{"floor":43,"key":"Thread and Needle"},{"floor":44,"key":"Toxic Egg 2"},{"floor":48,"key":"Darkstone Periapt"}],"event_choices":[{"damage_healed":0.0,"max_hp_gain":0.0,"max_hp_loss":0.0,"gold_gain":0.0,"event_name":"Scrap Ooze","player_choice":"Success","floor":2.0,"gold_loss":0.0,"damage_taken":12.0,"relics_obtained":["Juzu Bracelet"]},{"damage_healed":0.0,"max_hp_gain":0.0,"max_hp_loss":0.0,"gold_gain":175.0,"event_name":"Liars Game","player_choice":"AGREE","floor":3.0,"gold_loss":0.0,"damage_taken":0.0,"cards_obtained":["Doubt"]},{"damage_healed":0,"gold_gain":0,"player_choice":"Searched \u00273\u0027 times","damage_taken":0,"relics_obtained":["Blood Vial"],"max_hp_gain":0,"max_hp_loss":0,"event_name":"Dead Adventurer","floor":7,"gold_loss":0},{"damage_healed":0,"gold_gain":0,"player_choice":"Fought Mushrooms","damage_taken":0,"max_hp_gain":0,"max_hp_loss":0,"event_name":"Mushrooms","floor":12,"gold_loss":0},{"damage_healed":0,"gold_gain":0,"player_choice":"Shed Blood","damage_taken":23,"max_hp_gain":5,"max_hp_loss":0,"event_name":"Forgotten Altar","floor":19,"gold_loss":0},{"damage_healed":0,"gold_gain":0,"player_choice":"Opened","damage_taken":0,"relics_obtained":["Anchor"],"max_hp_gain":0,"max_hp_loss":0,"event_name":"The Mausoleum","floor":20,"gold_loss":0,"cards_obtained":["Writhe"]},{"damage_healed":0,"gold_gain":0,"player_choice":"Obtained Relic","damage_taken":0,"relics_obtained":["Turnip"],"max_hp_gain":0,"max_hp_loss":0,"event_name":"Addict","floor":22,"gold_loss":85},{"damage_healed":0,"gold_gain":0,"player_choice":"Fight","damage_taken":0,"max_hp_gain":0,"max_hp_loss":0,"event_name":"MindBloom","floor":37,"gold_loss":0},{"cards_removed":["Doubt"],"damage_healed":0,"gold_gain":0,"player_choice":"Removed Curses","damage_taken":0,"max_hp_gain":0,"max_hp_loss":0,"event_name":"Fountain of Cleansing","floor":38,"gold_loss":0},{"damage_healed":0,"gold_gain":0,"player_choice":"Fight","damage_taken":0,"max_hp_gain":0,"max_hp_loss":0,"event_name":"Mysterious Sphere","floor":39,"gold_loss":0},{"damage_healed":0,"gold_gain":0,"player_choice":"Trade","damage_taken":0,"relics_obtained":["FaceOfCleric"],"max_hp_gain":0,"max_hp_loss":0,"event_name":"FaceTrader","floor":45,"gold_loss":0},{"cards_removed":["Parasite"],"damage_healed":0,"gold_gain":0,"player_choice":"Purged","damage_taken":0,"max_hp_gain":0,"max_hp_loss":0,"event_name":"Purifier","floor":46,"gold_loss":0}],"is_beta":false,"boss_relics":[{"not_picked":["Snecko Eye","Sozu"],"picked":"Eternal Feather"},{"not_picked":["Runic Dome","Lizard Tail"],"picked":"Black Star"}],"items_purged_floors":[31],"is_endless":false,"potions_floor_spawned":[1,5,7,13,29,30,33,36,41],"ascension_level":0}