{"gold_per_floor":[117,136,148,168,181,181,216,216,240,240,254,254,288,308,308,385,385,285,285,154,154,154,154,154,154,154,154,154,154,154,154,154,154,154,154,154,154,154,154,154,154,154,154,104,104,104,104,104,104,104,104],"floor_reached":51,"playtime":3179,"items_purged":["Strike_B","Strike_B"],"score":1428,"play_id":"9ba3ec76-c224-43fb-8186-4ab427da6ae4","local_time":"20190430215355","is_ascension_mode":true,"campfire_choices":[{"data":"Doom and Gloom","floor":6.0,"key":"SMITH"},{"data":"Dualcast","floor":8.0,"key":"SMITH"},{"data":"Genetic Algorithm","floor":10.0,"key":"SMITH"},{"data":"Undo","floor":12.0,"key":"SMITH"},{"data":"Steam","floor":15.0,"key":"SMITH"},{"floor":23.0,"key":"REST"},{"data":"Electrodynamics","floor":25.0,"key":"SMITH"},{"data":"Coolheaded","floor":29.0,"key":"SMITH"},{"data":"Seek","floor":32.0,"key":"SMITH"},{"floor":40.0,"key":"REST"},{"data":"Loop","floor":42.0,"key":"SMITH"},{"floor":49.0,"key":"RECALL"}],"neow_cost":"NONE","seed_source_timestamp":0,"circlet_count":0,"master_deck":["AscendersBane","Defend_B","Defend_B","Defend_B","Defend_B","Zap+1","Dualcast+1","Compile Driver","Genetic Algorithm+1","FTL","Cold Snap","Doom and Gloom+1","Undo+1","Conserve Battery","Steam+1","Compile Driver","Seek+1","Ball Lightning","Double Energy","Electrodynamics+1","Skim+1","Coolheaded+1","Seek+1","Sunder","Hologram","Core Surge","Genetic Algorithm+1","Hologram","Fusion","Loop+1","Darkness+1","Coolheaded+1"],"special_seed":0,"relics":["Cracked Core","Strawberry","Art of War","Smiling Mask","Ectoplasm","Dead Branch","Symbiotic Virus","Pen Nib","Pear","Snecko Eye","Centennial Puzzle","Letter Opener","Dream Catcher"],"potions_floor_usage":[50],"damage_taken":[{"damage":2.0,"enemies":"Cultist","floor":1.0,"turns":4.0},{"damage":7.0,"enemies":"Jaw Worm","floor":2.0,"turns":3.0},{"damage":0.0,"enemies":"2 Louse","floor":3.0,"turns":2.0},{"damage":8.0,"enemies":"Red Slaver","floor":4.0,"turns":3.0},{"damage":3.0,"enemies":"Blue Slaver","floor":5.0,"turns":2.0},{"damage":16.0,"enemies":"Lagavulin","floor":7.0,"turns":5.0},{"damage":6.0,"enemies":"Large Slime","floor":11.0,"turns":4.0},{"damage":6.0,"enemies":"Gremlin Nob","floor":13.0,"turns":3.0},{"damage":2.0,"enemies":"Exordium Thugs","floor":14.0,"turns":6.0},{"damage":21.0,"enemies":"Hexaghost","floor":16.0,"turns":10.0},{"damage":2.0,"enemies":"2 Thieves","floor":18.0,"turns":4.0},{"damage":13.0,"enemies":"Colosseum Slavers","floor":19.0,"turns":4.0},{"damage":24.0,"enemies":"Colosseum Nobs","floor":19.0,"turns":5.0},{"damage":4.0,"enemies":"3 Byrds","floor":22.0,"turns":3.0},{"damage":21.0,"enemies":"Slavers","floor":24.0,"turns":5.0},{"damage":0.0,"enemies":"Centurion and Healer","floor":27.0,"turns":7.0},{"damage":0.0,"enemies":"Sentry and Sphere","floor":28.0,"turns":2.0},{"damage":0.0,"enemies":"Snake Plant","floor":31.0,"turns":4.0},{"damage":18.0,"enemies":"Automaton","floor":33.0,"turns":9.0},{"damage":0.0,"enemies":"3 Shapes","floor":35.0,"turns":2.0},{"damage":11.0,"enemies":"3 Darklings","floor":37.0,"turns":4.0},{"damage":24.0,"enemies":"Transient","floor":38.0,"turns":6.0},{"damage":0.0,"enemies":"Reptomancer","floor":41.0,"turns":6.0},{"damage":0.0,"enemies":"Jaw Worm Horde","floor":46.0,"turns":3.0},{"damage":24.0,"enemies":"Nemesis","floor":47.0,"turns":5.0},{"damage":7.0,"enemies":"Writhing Mass","floor":48.0,"turns":5.0},{"damage":34,"enemies":"Donu and Deca","floor":50,"turns":11},{"damage":0,"enemies":"Time Eater","floor":51,"turns":3}],"seed_played":"-2216420697522660312","potions_obtained":[{"floor":2.0,"key":"Regen Potion"},{"floor":4.0,"key":"PowerPotion"},{"floor":7.0,"key":"Fruit Juice"},{"floor":13.0,"key":"Explosive Potion"},{"floor":22.0,"key":"SpeedPotion"},{"floor":24.0,"key":"Regen Potion"},{"floor":28.0,"key":"FearPotion"},{"floor":31.0,"key":"FocusPotion"},{"floor":37.0,"key":"Energy Potion"},{"floor":46.0,"key":"Strength Potion"}],"is_trial":false,"path_per_floor":["M","M","M","M","M","R","E","R","T","R","M","R","E","M","R","B",null,"M","?","$","?","M","R","E","R","T","M","M","R","?","M","R","B",null,"M","?","M","M","T","R","E","R","T","$","?","M","E","M","R","B","B"],"character_chosen":"DEFECT","items_purchased":["Electrodynamics"],"campfire_rested":2,"item_purchase_floors":[20],"current_hp_per_floor":[62,55,55,47,44,44,35,35,35,35,29,29,32,30,30,9,61,59,22,22,22,18,41,25,25,35,50,50,50,50,50,50,32,78,78,78,67,43,43,70,70,70,70,70,70,70,46,39,39,5,5],"gold":104,"neow_bonus":"UPGRADE_CARD","is_prod":false,"is_daily":false,"chose_seed":false,"campfire_upgraded":9,"win_rate":0,"timestamp":1556675635,"path_taken":["M","M","?","M","M","R","E","R","T","R","M","R","E","M","R","BOSS","M","?","$","?","?","R","E","R","T","M","M","R","?","M","R","BOSS","M","?","M","M","?","R","E","R","T","$","?","M","E","M","R","BOSS","BOSS"],"build_version":"2019-01-23","purchased_purges":2,"victory":false,"max_hp_per_floor":[71,71,71,71,71,71,78,78,78,78,78,78,78,78,78,78,78,78,78,78,78,78,78,83,83,93,93,93,93,93,93,93,93,93,93,93,93,93,93,93,93,93,93,93,88,88,88,88,88,88,88],"card_choices":[{"not_picked":["Hologram","Leap"],"picked":"Compile Driver","floor":1.0},{"not_picked":["Compile Driver","Beam Cell"],"picked":"Genetic Algorithm","floor":2.0},{"not_picked":["Barrage","Beam Cell"],"picked":"FTL","floor":3.0},{"not_picked":["Coolheaded","Double Energy"],"picked":"Cold Snap","floor":4.0},{"not_picked":["Force Field","Conserve Battery"],"picked":"Doom and Gloom","floor":5.0},{"not_picked":["Static Discharge","Steam Power"],"picked":"Undo","floor":7.0},{"not_picked":["Streamline","Hologram"],"picked":"Conserve Battery","floor":11.0},{"not_picked":["Streamline","Recycle"],"picked":"Steam","floor":13.0},{"not_picked":["Auto Shields","Hologram"],"picked":"Compile Driver","floor":14.0},{"not_picked":["Core Surge","Meteor Strike"],"picked":"Seek","floor":16.0},{"not_picked":["Compile Driver","Streamline"],"picked":"Ball Lightning","floor":18.0},{"not_picked":["Stack","Rip and Tear"],"picked":"Double Energy","floor":19.0},{"not_picked":["Rebound","Turbo","Blizzard"],"picked":"SKIP","floor":22.0},{"not_picked":["Fission","Barrage"],"picked":"Skim+1","floor":24.0},{"not_picked":["Compile Driver","Turbo"],"picked":"Hologram+1","floor":27.0},{"not_picked":["Conserve Battery","Gash"],"picked":"Coolheaded","floor":28.0},{"not_picked":["Cold Snap","Barrage"],"picked":"Hologram","floor":31.0},{"not_picked":["Rainbow","Electrodynamics"],"picked":"Core Surge","floor":33.0},{"not_picked":["Sweeping Beam+1","Steam+1"],"picked":"Genetic Algorithm+1","floor":35.0},{"not_picked":["Turbo","FTL"],"picked":"Hologram","floor":37.0},{"not_picked":["Hologram","Static Discharge"],"picked":"Fusion","floor":38.0},{"not_picked":["Streamline","Beam Cell+1"],"picked":"Loop","floor":41.0},{"not_picked":["Stack+1","Rainbow"],"picked":"Darkness+1","floor":46.0},{"not_picked":["Turbo","Scrape","FTL+1"],"picked":"SKIP","floor":47.0},{"not_picked":["Undo","Steam+1"],"picked":"Coolheaded+1","floor":48.0}],"player_experience":809815,"relics_obtained":[{"floor":7.0,"key":"Strawberry"},{"floor":9.0,"key":"Art of War"},{"floor":13.0,"key":"Smiling Mask"},{"floor":19.0,"key":"Dead Branch"},{"floor":19.0,"key":"Symbiotic Virus"},{"floor":24.0,"key":"Pen Nib"},{"floor":26.0,"key":"Pear"},{"floor":41.0,"key":"Centennial Puzzle"},{"floor":43.0,"key":"Letter Opener"},{"floor":47.0,"key":"Dream Catcher"}],"event_choices":[{"damage_healed":0.0,"max_hp_gain":0.0,"max_hp_loss":0.0,"gold_gain":0.0,"event_name":"Colosseum","player_choice":"Fight","floor":19.0,"gold_loss":0.0,"damage_taken":0.0},{"damage_healed":0.0,"max_hp_gain":0.0,"max_hp_loss":0.0,"gold_gain":0.0,"event_name":"Colosseum","player_choice":"Fought Nobs","floor":19.0,"gold_loss":0.0,"damage_taken":0.0},{"damage_healed":0.0,"max_hp_gain":0.0,"max_hp_loss":0.0,"gold_gain":0.0,"event_name":"Accursed Blacksmith","player_choice":"Forge","floor":21.0,"gold_loss":0.0,"damage_taken":0.0,"cards_upgraded":["Seek"]},{"damage_healed":0.0,"max_hp_gain":0.0,"max_hp_loss":0.0,"gold_gain":0.0,"cards_transformed":["Strike_B","Strike_B"],"event_name":"Drug Dealer","player_choice":"Became Test Subject","floor":30.0,"gold_loss":0.0,"damage_taken":0.0,"cards_obtained":["Seek","Sunder"]},{"cards_removed":["Hologram"],"damage_healed":0.0,"max_hp_gain":0.0,"max_hp_loss":0.0,"gold_gain":0.0,"event_name":"Falling","player_choice":"Removed Skill","floor":36.0,"gold_loss":0.0,"damage_taken":0.0},{"damage_healed":0.0,"max_hp_gain":0.0,"max_hp_loss":5.0,"gold_gain":0.0,"event_name":"Winding Halls","player_choice":"Max HP","floor":45.0,"gold_loss":0.0,"damage_taken":0.0}],"is_beta":false,"boss_relics":[{"not_picked":["Calling Bell","Runic Dome"],"picked":"Ectoplasm"},{"not_picked":["Coffee Dripper","Tiny House"],"picked":"Snecko Eye"}],"items_purged_floors":[20,44],"is_endless":false,"potions_floor_spawned":[2,4,7,13,22,24,28,31,35,37,46,47],"killed_by":"Time Eater","ascension_level":20}