{"gold_per_floor":[114,114,129,54,54,88,88,119,131,160,172,198,210,235,247,332,344,375,115,115,130,142,169,169,180,180,212,212,230,244,269,269,345,345,358,374,374,384,33,33,58,58,58,87,102,113,113,148,148,148],"floor_reached":50,"playtime":1207,"items_purged":["Strike_R","Strike_R","Strike_R"],"score":1364,"play_id":"1826ac36-c433-4141-8f17-69eabdc214c0","local_time":"20190907175351","is_ascension_mode":true,"campfire_choices":[{"data":"Uppercut","floor":7.0,"key":"SMITH"},{"data":"Whirlwind","floor":11.0,"key":"SMITH"},{"data":"Spot Weakness","floor":15.0,"key":"SMITH"},{"data":"Battle Trance","floor":24.0,"key":"SMITH"},{"data":"Bash","floor":28.0,"key":"SMITH"},{"data":"Offering","floor":32.0,"key":"SMITH"},{"data":"Defend_R","floor":40.0,"key":"SMITH"},{"floor":47.0,"key":"RECALL"},{"data":"Defend_R","floor":49.0,"key":"SMITH"}],"neow_cost":"NONE","seed_source_timestamp":106177691125455,"circlet_count":0,"master_deck":["AscendersBane","Defend_R","Defend_R","Defend_R+1","Defend_R+1","Bash+1","Spot Weakness+1","Battle Trance+1","Uppercut+1","Whirlwind+1","Offering+1"],"special_seed":0,"relics":["Burning Blood","NeowsBlessing","Singing Bowl","Centennial Puzzle","MawBank","Mummified Hand","Philosopher\u0027s Stone","Bag of Marbles","Red Skull","Gremlin Horn","Letter Opener","Red Mask","Runic Pyramid","Brimstone","Champion Belt","Ornamental Fan","Potion Belt","Pocketwatch"],"potions_floor_usage":[],"damage_taken":[{"damage":0.0,"enemies":"Jaw Worm","floor":1.0,"turns":1.0},{"damage":0.0,"enemies":"Small Slimes","floor":3.0,"turns":1.0},{"damage":0.0,"enemies":"3 Sentries","floor":6.0,"turns":2.0},{"damage":32.0,"enemies":"Gremlin Nob","floor":8.0,"turns":4.0},{"damage":4.0,"enemies":"2 Louse","floor":10.0,"turns":2.0},{"damage":0.0,"enemies":"Large Slime","floor":12.0,"turns":4.0},{"damage":0.0,"enemies":"3 Louse","floor":14.0,"turns":2.0},{"damage":44.0,"enemies":"Hexaghost","floor":16.0,"turns":6.0},{"damage":6.0,"enemies":"Chosen","floor":18.0,"turns":2.0},{"damage":7.0,"enemies":"Spheric Guardian","floor":21.0,"turns":3.0},{"damage":9.0,"enemies":"Snake Plant","floor":22.0,"turns":3.0},{"damage":27.0,"enemies":"Gremlin Leader","floor":23.0,"turns":6.0},{"damage":6.0,"enemies":"Shelled Parasite and Fungi","floor":25.0,"turns":1.0},{"damage":29.0,"enemies":"Book of Stabbing","floor":27.0,"turns":4.0},{"damage":0.0,"enemies":"3 Cultists","floor":29.0,"turns":1.0},{"damage":0.0,"enemies":"Cultist and Chosen","floor":30.0,"turns":2.0},{"damage":0.0,"enemies":"Masked Bandits","floor":31.0,"turns":1.0},{"damage":44.0,"enemies":"Champ","floor":33.0,"turns":9.0},{"damage":0.0,"enemies":"3 Darklings","floor":35.0,"turns":2.0},{"damage":6.0,"enemies":"Orb Walker","floor":36.0,"turns":2.0},{"damage":47.0,"enemies":"Transient","floor":38.0,"turns":6.0},{"damage":0.0,"enemies":"Reptomancer","floor":41.0,"turns":2.0},{"damage":25.0,"enemies":"Nemesis","floor":44.0,"turns":5.0},{"damage":6.0,"enemies":"4 Shapes","floor":45.0,"turns":5.0},{"damage":6.0,"enemies":"Spire Growth","floor":46.0,"turns":2.0},{"damage":0.0,"enemies":"Reptomancer","floor":48.0,"turns":2.0},{"damage":61,"enemies":"Awakened One","floor":50,"turns":4}],"seed_played":"3991624977219994744","potions_obtained":[{"floor":1.0,"key":"Swift Potion"},{"floor":3.0,"key":"Swift Potion"},{"floor":10.0,"key":"LiquidBronze"},{"floor":12.0,"key":"Strength Potion"},{"floor":16.0,"key":"Ancient Potion"},{"floor":21.0,"key":"LiquidBronze"},{"floor":27.0,"key":"Poison Potion"},{"floor":29.0,"key":"GamblersBrew"},{"floor":31.0,"key":"Weak Potion"},{"floor":33.0,"key":"Block Potion"},{"floor":44.0,"key":"EssenceOfSteel"},{"floor":45.0,"key":"Dexterity Potion"}],"is_trial":false,"path_per_floor":["M","?","M","$","?","E","R","E","T","M","R","M","?","M","R","B",null,"M","$","?","M","M","E","R","M","T","E","R","M","M","?","R","B",null,"M","M","?","M","$","R","E","?","T","E","M","M","R","E","R","B"],"character_chosen":"IRONCLAD","items_purchased":["Bag of Marbles","Brimstone"],"campfire_rested":0,"item_purchase_floors":[19,39],"current_hp_per_floor":[74,74,75,75,70,75,75,49,49,53,53,61,66,74,74,36,74,76,76,76,77,76,57,57,59,59,38,38,46,54,62,62,26,86,94,96,96,57,57,57,65,65,65,48,50,52,52,60,60,0],"gold":148,"neow_bonus":"THREE_ENEMY_KILL","is_prod":false,"is_daily":false,"chose_seed":false,"campfire_upgraded":8,"win_rate":0,"timestamp":1567853631,"path_taken":["M","?","M","$","?","E","R","E","T","?","R","M","?","M","R","BOSS","M","$","?","M","M","E","R","M","T","E","R","M","M","?","R","BOSS","M","M","?","M","$","R","E","?","T","E","M","?","R","E","R","BOSS"],"build_version":"2019-07-17","purchased_purges":3,"victory":false,"max_hp_per_floor":[75,75,75,75,75,75,75,75,75,77,77,79,84,86,86,86,86,88,88,88,90,92,94,94,96,96,98,98,100,102,104,104,106,106,108,110,110,112,112,112,114,114,114,116,118,120,120,122,122,122],"card_choices":[{"not_picked":["Warcry","Havoc"],"picked":"Spot Weakness","floor":1.0},{"not_picked":["Iron Wave","Perfected Strike"],"picked":"Battle Trance","floor":3.0},{"not_picked":["Thunderclap","Iron Wave"],"picked":"Uppercut","floor":6.0},{"not_picked":["Iron Wave","Fire Breathing"],"picked":"Whirlwind","floor":8.0},{"not_picked":["Sever Soul","Perfected Strike","Sentinel"],"picked":"Singing Bowl","floor":10.0},{"not_picked":["Bloodletting","Dual Wield","Dark Embrace"],"picked":"Singing Bowl","floor":12.0},{"not_picked":["Evolve","Feel No Pain","Flex"],"picked":"Singing Bowl","floor":14.0},{"not_picked":["Barricade","Demon Form"],"picked":"Offering","floor":16.0},{"not_picked":["Flame Barrier","Flex","Whirlwind"],"picked":"Singing Bowl","floor":18.0},{"not_picked":["Corruption","Infernal Blade","Wild Strike"],"picked":"Singing Bowl","floor":21.0},{"not_picked":["Anger","Combust","Rupture"],"picked":"Singing Bowl","floor":22.0},{"not_picked":["Sentinel","Clash","Headbutt"],"picked":"Singing Bowl","floor":23.0},{"not_picked":["Clothesline","Ghostly Armor","Warcry"],"picked":"Singing Bowl","floor":25.0},{"not_picked":["Sword Boomerang","Iron Wave","Impervious"],"picked":"Singing Bowl","floor":27.0},{"not_picked":["Flex","Inflame","Anger"],"picked":"Singing Bowl","floor":29.0},{"not_picked":["Fire Breathing","Blood for Blood+1","Inflame"],"picked":"Singing Bowl","floor":30.0},{"not_picked":["Warcry","Flex","Infernal Blade"],"picked":"Singing Bowl","floor":31.0},{"not_picked":["Juggernaut","Berserk","Dark Embrace"],"picked":"Singing Bowl","floor":33.0},{"not_picked":["Rupture","Entrench+1","Clothesline+1"],"picked":"Singing Bowl","floor":35.0},{"not_picked":["Headbutt","Pummel","Cleave"],"picked":"Singing Bowl","floor":36.0},{"not_picked":["Intimidate","Iron Wave","Battle Trance"],"picked":"Singing Bowl","floor":38.0},{"not_picked":["Juggernaut","Clothesline","Blood for Blood"],"picked":"Singing Bowl","floor":41.0},{"not_picked":["Havoc","Carnage","Wild Strike"],"picked":"Singing Bowl","floor":44.0},{"not_picked":["Wild Strike+1","Body Slam","Rage+1"],"picked":"Singing Bowl","floor":45.0},{"not_picked":["Sword Boomerang","Combust","Rage"],"picked":"Singing Bowl","floor":46.0},{"not_picked":["Power Through","Dropkick","Flex"],"picked":"Singing Bowl","floor":48.0}],"player_experience":1154984,"relics_obtained":[{"floor":6.0,"key":"Centennial Puzzle"},{"floor":8.0,"key":"MawBank"},{"floor":9.0,"key":"Mummified Hand"},{"floor":23.0,"key":"Red Skull"},{"floor":26.0,"key":"Gremlin Horn"},{"floor":27.0,"key":"Letter Opener"},{"floor":31.0,"key":"Red Mask"},{"floor":41.0,"key":"Champion Belt"},{"floor":43.0,"key":"Ornamental Fan"},{"floor":44.0,"key":"Potion Belt"},{"floor":48.0,"key":"Pocketwatch"}],"event_choices":[{"cards_removed":["Strike_R"],"damage_healed":0.0,"max_hp_gain":0.0,"max_hp_loss":0.0,"gold_gain":0.0,"event_name":"Living Wall","player_choice":"Forget","floor":2.0,"gold_loss":0.0,"damage_taken":0.0},{"damage_healed":0.0,"max_hp_gain":0.0,"max_hp_loss":0.0,"gold_gain":0.0,"event_name":"Scrap Ooze","player_choice":"Success","floor":5.0,"gold_loss":0.0,"damage_taken":5.0,"relics_obtained":["Singing Bowl"]},{"damage_healed":0.0,"max_hp_gain":5.0,"max_hp_loss":0.0,"gold_gain":0.0,"event_name":"Big Fish","player_choice":"Donut","floor":13.0,"gold_loss":0.0,"damage_taken":0.0},{"damage_healed":0.0,"max_hp_gain":0.0,"max_hp_loss":0.0,"gold_gain":0.0,"event_name":"Vampires","player_choice":"Ignored","floor":20.0,"gold_loss":0.0,"damage_taken":0.0},{"damage_healed":0.0,"max_hp_gain":0.0,"max_hp_loss":0.0,"gold_gain":0.0,"event_name":"Masked Bandits","player_choice":"Fought Bandits","floor":31.0,"gold_loss":0.0,"damage_taken":0.0},{"cards_removed":["Strike_R"],"damage_healed":0.0,"max_hp_gain":0.0,"max_hp_loss":0.0,"gold_gain":0.0,"event_name":"Falling","player_choice":"Removed Attack","floor":37.0,"gold_loss":0.0,"damage_taken":0.0},{"damage_healed":0.0,"max_hp_gain":0.0,"max_hp_loss":0.0,"gold_gain":0.0,"event_name":"Match and Keep!","player_choice":"0 cards matched","floor":42.0,"gold_loss":0.0,"damage_taken":0.0,"cards_obtained":[]}],"is_beta":false,"boss_relics":[{"not_picked":["Astrolabe","Cursed Key"],"picked":"Philosopher\u0027s Stone"},{"not_picked":["Black Star","Lizard Tail"],"picked":"Runic Pyramid"}],"items_purged_floors":[4,19,39],"is_endless":false,"potions_floor_spawned":[1,3,10,12,16,21,22,27,29,31,33,36,38,44,45],"killed_by":"Awakened One","ascension_level":20}