{"gold_per_floor":[16,36,56,67,121,147,147,176,250,342,356,119,119,130,130,205,205,223,51,65,65,75,109,109,144,144,234,261,276,306,317,317,317],"floor_reached":33,"playtime":1680,"items_purged":["Strike_B"],"score":749,"play_id":"ecf59285-5939-4a40-9246-37f77df6e288","local_time":"20190630135020","is_ascension_mode":true,"campfire_choices":[{"data":"Doom and Gloom","floor":7.0,"key":"SMITH"},{"data":"Electrodynamics","floor":15.0,"key":"SMITH"},{"floor":24.0,"key":"REST"},{"floor":32,"key":"REST"}],"neow_cost":"NO_GOLD","seed_source_timestamp":923508414873733,"circlet_count":0,"master_deck":["AscendersBane","Strike_B","Strike_B","Strike_B","Defend_B+1","Defend_B","Defend_B+1","Defend_B","Zap","Dualcast","Electrodynamics+1","Ball Lightning","Undo","Ball Lightning","Doom and Gloom+1","Cold Snap","Cold Snap","Self Repair","Seek","Buffer","Glacier","Glacier","Echo Form","Coolheaded"],"special_seed":0,"relics":["Cracked Core","Singing Bowl","Nunchaku","Bottled Tornado","Tiny Chest","Sundial","Fusion Hammer","Lantern","Peace Pipe","War Paint","Bronze Scales","Calipers","Ornamental Fan"],"potions_floor_usage":[30,33],"damage_taken":[{"damage":0.0,"enemies":"2 Louse","floor":1.0,"turns":4.0},{"damage":2.0,"enemies":"Jaw Worm","floor":2.0,"turns":3.0},{"damage":0.0,"enemies":"Small Slimes","floor":3.0,"turns":3.0},{"damage":13.0,"enemies":"Blue Slaver","floor":4.0,"turns":3.0},{"damage":23.0,"enemies":"Gremlin Nob","floor":6.0,"turns":4.0},{"damage":11.0,"enemies":"3 Sentries","floor":8.0,"turns":4.0},{"damage":10.0,"enemies":"3 Sentries","floor":10.0,"turns":2.0},{"damage":0.0,"enemies":"Gremlin Gang","floor":11.0,"turns":1.0},{"damage":12.0,"enemies":"3 Louse","floor":14.0,"turns":3.0},{"damage":11.0,"enemies":"The Guardian","floor":16.0,"turns":10.0},{"damage":0.0,"enemies":"Chosen","floor":18.0,"turns":3.0},{"damage":0.0,"enemies":"2 Thieves","floor":20.0,"turns":1.0},{"damage":7.0,"enemies":"Cultist and Chosen","floor":22.0,"turns":3.0},{"damage":0.0,"enemies":"Gremlin Leader","floor":23.0,"turns":5.0},{"damage":37.0,"enemies":"Book of Stabbing","floor":25.0,"turns":5.0},{"damage":17.0,"enemies":"Slavers","floor":28.0,"turns":3.0},{"damage":0.0,"enemies":"Shelled Parasite and Fungi","floor":29.0,"turns":5.0},{"damage":22,"enemies":"Book of Stabbing","floor":30,"turns":5},{"damage":2,"enemies":"3 Cultists","floor":31,"turns":3},{"damage":60,"enemies":"Champ","floor":33,"turns":16}],"seed_played":"4358484289922573563","potions_obtained":[{"floor":2.0,"key":"Strength Potion"},{"floor":4.0,"key":"Regen Potion"},{"floor":6.0,"key":"Poison Potion"},{"floor":10.0,"key":"Block Potion"},{"floor":18.0,"key":"AttackPotion"},{"floor":25.0,"key":"Dexterity Potion"},{"floor":30,"key":"Block Potion"}],"is_trial":false,"path_per_floor":["M","M","M","M","?","E","R","E","T","?","M","$","T","M","R","B",null,"M","$","M","?","M","E","R","E","T","?","E","M","E","M","R","B"],"character_chosen":"DEFECT","items_purchased":["Seek","Lantern"],"campfire_rested":2,"item_purchase_floors":[12,19],"current_hp_per_floor":[64,62,62,49,49,38,38,27,27,17,19,19,19,16,16,12,59,68,68,70,47,49,56,81,51,51,35,18,25,12,26,53,0],"gold":317,"neow_bonus":"THREE_RARE_CARDS","is_prod":false,"is_daily":false,"chose_seed":false,"campfire_upgraded":2,"win_rate":0,"timestamp":1561917020,"path_taken":["M","M","M","M","?","E","R","E","T","?","M","$","?","M","R","BOSS","M","$","M","?","M","E","R","E","T","?","E","M","E","M","R","BOSS"],"build_version":"2019-01-23","purchased_purges":1,"victory":false,"max_hp_per_floor":[71,71,71,71,71,71,71,71,71,71,73,73,73,75,75,75,75,77,77,79,84,86,86,86,86,86,86,86,86,88,90,90,90],"card_choices":[{"not_picked":["Thunder Strike","Amplify"],"picked":"Electrodynamics","floor":0.0},{"not_picked":["Streamline","Lockon"],"picked":"Ball Lightning","floor":1.0},{"not_picked":["Stack","Ball Lightning"],"picked":"Undo","floor":2.0},{"not_picked":["Multi-Cast","Beam Cell"],"picked":"Ball Lightning","floor":3.0},{"not_picked":["Gash","Force Field"],"picked":"Doom and Gloom","floor":4.0},{"not_picked":["Stack","Rip and Tear"],"picked":"Cold Snap","floor":6.0},{"not_picked":["Static Discharge","Leap"],"picked":"Cold Snap","floor":8.0},{"not_picked":["Stack","Static Discharge"],"picked":"Self Repair","floor":10.0},{"not_picked":["Streamline","FTL","Sweeping Beam"],"picked":"Singing Bowl","floor":11.0},{"not_picked":["Streamline","Sweeping Beam","Turbo"],"picked":"Singing Bowl","floor":14.0},{"not_picked":["Machine Learning","Hyperbeam"],"picked":"Buffer","floor":16.0},{"not_picked":["Streamline+1","Static Discharge","Hello World"],"picked":"Singing Bowl","floor":18.0},{"not_picked":["Streamline","Go for the Eyes","Stack+1"],"picked":"Singing Bowl","floor":20.0},{"not_picked":["Scrape+1","Lockon","Blizzard+1"],"picked":"Singing Bowl","floor":22.0},{"not_picked":["Beam Cell","Self Repair"],"picked":"Glacier","floor":23.0},{"not_picked":["Storm+1","Barrage"],"picked":"Glacier","floor":25.0},{"not_picked":["Ball Lightning","Barrage+1"],"picked":"Echo Form","floor":28.0},{"not_picked":["Static Discharge","Aggregate+1"],"picked":"Coolheaded","floor":29.0},{"not_picked":["Streamline","Sunder","Aggregate"],"picked":"Singing Bowl","floor":30},{"not_picked":["Ball Lightning","Rebound","Stack"],"picked":"Singing Bowl","floor":31}],"player_experience":953239,"relics_obtained":[{"floor":6.0,"key":"Singing Bowl"},{"floor":8.0,"key":"Nunchaku"},{"floor":9.0,"key":"Bottled Tornado"},{"floor":10.0,"key":"Tiny Chest"},{"floor":13.0,"key":"Sundial"},{"floor":23.0,"key":"Peace Pipe"},{"floor":25.0,"key":"War Paint"},{"floor":26.0,"key":"Bronze Scales"},{"floor":28.0,"key":"Calipers"},{"floor":30,"key":"Ornamental Fan"}],"event_choices":[{"damage_healed":0.0,"max_hp_gain":0.0,"max_hp_loss":0.0,"gold_gain":54.0,"event_name":"Golden Wing","player_choice":"Gained Gold","floor":5.0,"gold_loss":0.0,"damage_taken":0.0},{"damage_healed":0.0,"max_hp_gain":0.0,"max_hp_loss":0.0,"gold_gain":0.0,"event_name":"Dead Adventurer","player_choice":"Searched \u00271\u0027 times","floor":10.0,"gold_loss":0.0,"damage_taken":0.0},{"damage_healed":0.0,"max_hp_gain":5.0,"max_hp_loss":0.0,"gold_gain":0.0,"event_name":"Forgotten Altar","player_choice":"Shed Blood","floor":21.0,"gold_loss":0.0,"damage_taken":28.0},{"damage_healed":0.0,"max_hp_gain":0.0,"max_hp_loss":0.0,"gold_gain":90.0,"event_name":"Knowing Skull","player_choice":"GOLD ","floor":27.0,"potions_obtained":[],"gold_loss":0.0,"damage_taken":16.0,"cards_obtained":[]}],"is_beta":false,"boss_relics":[{"not_picked":["Black Star","Empty Cage"],"picked":"Fusion Hammer"}],"items_purged_floors":[12],"is_endless":false,"potions_floor_spawned":[2,4,6,10,14,18,23,25,30],"killed_by":"Champ","ascension_level":20}