{"gold_per_floor":[113,74,84,100,100,128,128,190,190,190,190,211,242,260,260,339,339,359,359,205,225,58,93,93,111,161,161,11,11,37,52,52,131,131,145,196,209,84,184,184,217,228,307,326,359,459,459,477,477,477],"floor_reached":51,"playtime":7294,"items_purged":["Pain","Strike_G","Strike_G"],"score":1360,"play_id":"04e1edee-f677-4a93-8a10-19dbb235e96e","local_time":"20190512153204","is_ascension_mode":true,"campfire_choices":[{"floor":7.0,"key":"REST"},{"floor":10.0,"key":"REST"},{"floor":15.0,"key":"REST"},{"floor":24.0,"key":"REST"},{"floor":27.0,"key":"REST"},{"floor":32.0,"key":"REST"},{"floor":40.0,"key":"REST"},{"floor":47,"key":"REST"},{"floor":49,"key":"REST"}],"neow_cost":"NONE","seed_source_timestamp":0,"circlet_count":0,"master_deck":["AscendersBane","Defend_G","Defend_G","Defend_G","Defend_G","Defend_G","Strike_G","Strike_G","Strike_G","Survivor","Neutralize","Die Die Die","Dagger Spray","Noxious Fumes","Poisoned Stab","Deadly Poison","Corpse Explosion","Noxious Fumes","Glass Knife","Cloak And Dagger","Corpse Explosion","Footwork+1","Infinite Blades+1","Dash","Bouncing Flask","Bane+1","Tools of the Trade+1","Backflip+1","Glass Knife","Leg Sweep"],"special_seed":0,"relics":["Ring of the Serpent","Singing Bowl","Pocketwatch","Unceasing Top","Blue Candle","Odd Mushroom","Frozen Egg 2","Fusion Hammer","WarpedTongs","Paper Crane","Regal Pillow","Snake Skull","Red Mask","Dead Branch","Ornamental Fan","Gremlin Horn","Smiling Mask","The Specimen"],"potions_floor_usage":[50,50],"damage_taken":[{"damage":0.0,"enemies":"Cultist","floor":1.0,"turns":4.0},{"damage":0.0,"enemies":"Jaw Worm","floor":3.0,"turns":3.0},{"damage":0.0,"enemies":"Small Slimes","floor":4.0,"turns":3.0},{"damage":25.0,"enemies":"Gremlin Nob","floor":6.0,"turns":4.0},{"damage":26.0,"enemies":"Gremlin Nob","floor":8.0,"turns":4.0},{"damage":10.0,"enemies":"The Mushroom Lair","floor":12.0,"turns":2.0},{"damage":17.0,"enemies":"3 Sentries","floor":13.0,"turns":3.0},{"damage":4.0,"enemies":"2 Fungi Beasts","floor":14.0,"turns":2.0},{"damage":0.0,"enemies":"Slime Boss","floor":16.0,"turns":7.0},{"damage":2.0,"enemies":"Chosen","floor":18.0,"turns":4.0},{"damage":19.0,"enemies":"Spheric Guardian","floor":21.0,"turns":4.0},{"damage":34.0,"enemies":"Slavers","floor":23.0,"turns":2.0},{"damage":6.0,"enemies":"Shelled Parasite and Fungi","floor":25.0,"turns":5.0},{"damage":0.0,"enemies":"Masked Bandits","floor":30.0,"turns":2.0},{"damage":0.0,"enemies":"Cultist and Chosen","floor":31.0,"turns":4.0},{"damage":48.0,"enemies":"Champ","floor":33.0,"turns":11.0},{"damage":1.0,"enemies":"Orb Walker","floor":35.0,"turns":3.0},{"damage":21.0,"enemies":"2 Orb Walkers","floor":36.0,"turns":4.0},{"damage":29.0,"enemies":"3 Darklings","floor":37.0,"turns":3.0},{"damage":9.0,"enemies":"Reptomancer","floor":41.0,"turns":5.0},{"damage":7.0,"enemies":"4 Shapes","floor":42.0,"turns":5.0},{"damage":12.0,"enemies":"Maw","floor":44.0,"turns":7.0},{"damage":29.0,"enemies":"Giant Head","floor":45.0,"turns":8.0},{"damage":0,"enemies":"Mind Bloom Boss Battle","floor":46,"turns":5},{"damage":11,"enemies":"Sphere and 2 Shapes","floor":48,"turns":4},{"damage":86,"enemies":"Time Eater","floor":50,"turns":14}],"seed_played":"-7887068232354918865","potions_obtained":[{"floor":1.0,"key":"PowerPotion"},{"floor":4.0,"key":"Ancient Potion"},{"floor":6.0,"key":"SkillPotion"},{"floor":12.0,"key":"GhostInAJar"},{"floor":16.0,"key":"PowerPotion"},{"floor":18.0,"key":"SkillPotion"},{"floor":21.0,"key":"Energy Potion"},{"floor":30.0,"key":"Fire Potion"},{"floor":31.0,"key":"Energy Potion"},{"floor":33.0,"key":"SkillPotion"},{"floor":35.0,"key":"LiquidBronze"},{"floor":41.0,"key":"FearPotion"},{"floor":44.0,"key":"Block Potion"},{"floor":45.0,"key":"FearPotion"},{"floor":46,"key":"FearPotion"}],"is_trial":false,"path_per_floor":["M","$","M","M","?","E","R","?","T","R","?","?","E","M","R","B",null,"M","?","$","M","$","E","R","M","T","R","$","?","?","M","R","B",null,"M","?","M","$","?","R","E","M","T","M","E","?","R","M","R","B",null],"character_chosen":"THE_SILENT","items_purchased":["Noxious Fumes","Footwork+1","Infinite Blades+1","Snake Skull"],"campfire_rested":9,"item_purchase_floors":[2,20,22,28],"current_hp_per_floor":[59,59,59,59,47,22,41,17,17,37,42,32,15,11,32,32,63,63,63,63,46,46,12,35,29,29,67,67,53,53,55,84,36,72,73,54,25,25,25,66,59,54,54,42,13,15,58,49,92,6],"gold":477,"neow_bonus":"ONE_RANDOM_RARE_CARD","is_prod":false,"is_daily":false,"chose_seed":false,"campfire_upgraded":0,"win_rate":0,"timestamp":1557693124,"path_taken":["M","$","M","?","?","E","R","?","T","R","?","?","E","?","R","BOSS","M","?","$","M","?","E","R","M","T","R","$","?","?","?","R","BOSS","M","?","M","$","?","R","E","M","T","?","E","?","R","M","R","BOSS"],"build_version":"2019-01-23","purchased_purges":3,"victory":true,"max_hp_per_floor":[66,66,66,66,66,66,66,68,68,68,73,73,73,73,73,73,73,75,75,75,77,77,77,77,77,77,77,77,82,82,84,84,84,84,86,88,88,88,88,88,90,92,92,92,92,94,94,96,96,96],"card_choices":[{"not_picked":["Dagger Throw","Prepared"],"picked":"Dagger Spray","floor":1.0},{"not_picked":["Sucker Punch","Blade Dance"],"picked":"Poisoned Stab","floor":3.0},{"not_picked":["Dagger Throw","Reflex"],"picked":"Deadly Poison","floor":4.0},{"not_picked":["Underhanded Strike","Slice"],"picked":"Corpse Explosion","floor":6.0},{"not_picked":["Dagger Spray","Outmaneuver","PiercingWail"],"picked":"Singing Bowl","floor":8.0},{"not_picked":["Slice","Flechettes"],"picked":"Noxious Fumes","floor":12.0},{"not_picked":["Deflect","Eviscerate"],"picked":"Glass Knife","floor":13.0},{"not_picked":["Dagger Spray","Flying Knee"],"picked":"Cloak And Dagger","floor":14.0},{"not_picked":["Tools of the Trade+1","Envenom+1"],"picked":"Corpse Explosion","floor":16.0},{"not_picked":["PiercingWail","Prepared","Outmaneuver"],"picked":"Singing Bowl","floor":18.0},{"not_picked":["Cloak And Dagger","PiercingWail","Prepared"],"picked":"Singing Bowl","floor":21.0},{"not_picked":["Outmaneuver","Acrobatics"],"picked":"Dash","floor":23.0},{"not_picked":["Poisoned Stab","Blade Dance"],"picked":"Bouncing Flask","floor":25.0},{"not_picked":["Expertise","Quick Slash"],"picked":"Bane+1","floor":30.0},{"not_picked":["Accuracy+1","Dagger Throw","Acrobatics"],"picked":"Singing Bowl","floor":31.0},{"not_picked":["Corpse Explosion","Night Terror"],"picked":"Tools of the Trade+1","floor":33.0},{"not_picked":["Endless Agony","Dash","Terror"],"picked":"Singing Bowl","floor":35.0},{"not_picked":["Outmaneuver","Underhanded Strike","Skewer"],"picked":"Singing Bowl","floor":36.0},{"not_picked":["Prepared","Outmaneuver"],"picked":"Backflip+1","floor":37.0},{"not_picked":["Backflip","Eviscerate","Bane"],"picked":"Singing Bowl","floor":41.0},{"not_picked":["Dagger Spray","Bane","Acrobatics"],"picked":"Singing Bowl","floor":42.0},{"not_picked":["Backflip","Acrobatics"],"picked":"Glass Knife","floor":44.0},{"not_picked":["Deadly Poison","Cloak And Dagger"],"picked":"Leg Sweep","floor":45.0},{"not_picked":["Eviscerate","Deadly Poison","Calculated Gamble"],"picked":"Singing Bowl","floor":46},{"not_picked":["Acrobatics","Deadly Poison","Expertise"],"picked":"Singing Bowl","floor":48}],"player_experience":1206918,"relics_obtained":[{"floor":6.0,"key":"Pocketwatch"},{"floor":9.0,"key":"Blue Candle"},{"floor":12.0,"key":"Odd Mushroom"},{"floor":13.0,"key":"Frozen Egg 2"},{"floor":23.0,"key":"Paper Crane"},{"floor":26.0,"key":"Regal Pillow"},{"floor":30.0,"key":"Red Mask"},{"floor":36.0,"key":"Dead Branch"},{"floor":41.0,"key":"Ornamental Fan"},{"floor":43.0,"key":"Gremlin Horn"},{"floor":45.0,"key":"Smiling Mask"},{"floor":46,"key":"The Specimen"}],"event_choices":[{"damage_healed":0.0,"max_hp_gain":0.0,"max_hp_loss":0.0,"gold_gain":0.0,"event_name":"Scrap Ooze","player_choice":"Success","floor":5.0,"gold_loss":0.0,"damage_taken":12.0,"relics_obtained":["Singing Bowl"]},{"damage_healed":0.0,"max_hp_gain":0.0,"max_hp_loss":0.0,"gold_gain":0.0,"event_name":"Dead Adventurer","player_choice":"Searched \u00273\u0027 times","floor":8.0,"gold_loss":0.0,"damage_taken":0.0,"relics_obtained":["Unceasing Top"]},{"damage_healed":0.0,"max_hp_gain":5.0,"max_hp_loss":0.0,"gold_gain":0.0,"event_name":"Big Fish","player_choice":"Donut","floor":11.0,"gold_loss":0.0,"damage_taken":0.0},{"damage_healed":0.0,"max_hp_gain":0.0,"max_hp_loss":0.0,"gold_gain":0.0,"event_name":"Mushrooms","player_choice":"Fought Mushrooms","floor":12.0,"gold_loss":0.0,"damage_taken":0.0},{"damage_healed":0.0,"max_hp_gain":0.0,"max_hp_loss":0.0,"gold_gain":0.0,"event_name":"Accursed Blacksmith","player_choice":"Rummage","floor":19.0,"gold_loss":0.0,"damage_taken":0.0,"relics_obtained":["WarpedTongs"],"cards_obtained":["Pain"]},{"damage_healed":0.0,"max_hp_gain":5.0,"max_hp_loss":0.0,"gold_gain":0.0,"event_name":"Forgotten Altar","player_choice":"Shed Blood","floor":29.0,"gold_loss":0.0,"damage_taken":19.0},{"damage_healed":0.0,"max_hp_gain":0.0,"max_hp_loss":0.0,"gold_gain":0.0,"event_name":"Masked Bandits","player_choice":"Fought Bandits","floor":30.0,"gold_loss":0.0,"damage_taken":0.0},{"damage_healed":0.0,"max_hp_gain":0.0,"max_hp_loss":0.0,"gold_gain":0.0,"event_name":"Mysterious Sphere","player_choice":"Fight","floor":36.0,"gold_loss":0.0,"damage_taken":0.0},{"damage_healed":0.0,"max_hp_gain":0.0,"max_hp_loss":0.0,"gold_gain":100.0,"event_name":"Golden Shrine","player_choice":"Pray","floor":39.0,"gold_loss":0.0,"damage_taken":0.0},{"damage_healed":0,"gold_gain":0,"player_choice":"Fight","damage_taken":0,"max_hp_gain":0,"max_hp_loss":0,"event_name":"MindBloom","floor":46,"gold_loss":0}],"is_beta":false,"boss_relics":[{"not_picked":["Runic Dome","White Beast Statue"],"picked":"Fusion Hammer"},{"not_picked":["HoveringKite","Empty Cage"],"picked":"Ring of the Serpent"}],"items_purged_floors":[20,22,38],"is_endless":false,"potions_floor_spawned":[1,4,6,12,16,18,21,30,31,33,35,41,44,45,46],"ascension_level":14}