{"gold_per_floor":[113,125,200,200,8,8,23,23,76,26,90,90,100,134,134,236,236,226,245,55,55,0,26,26,88,88,99,99],"floor_reached":28,"playtime":1216,"items_purged":[],"score":292,"play_id":"83ae6053-ad2f-4f1b-afa1-ea5f749acb77","local_time":"20190713210024","is_ascension_mode":true,"campfire_choices":[{"data":"Gash","floor":6,"key":"SMITH"},{"floor":12,"key":"REST"},{"data":"Defragment","floor":15,"key":"SMITH"},{"floor":24,"key":"REST"}],"neow_cost":"NONE","seed_source_timestamp":118614580500692,"circlet_count":0,"master_deck":["Strike_B+1","Strike_B+1","Strike_B+1","Defend_B+1","Defend_B+1","Defend_B+1","Defend_B+1","Zap","Dualcast","Gash+1","Coolheaded","Glacier","Gash+1","Gash+1","Defragment+1","Creative AI","Conserve Battery","Cold Snap","Redo","Conserve Battery"],"relics":["Cracked Core","Pen Nib","Runic Capacitor","Boot","Bag of Preparation","Dream Catcher","Philosopher\u0027s Stone","MealTicket","Whetstone","Tiny Chest","Bottled Lightning"],"potions_floor_usage":[16,23,25],"damage_taken":[{"damage":6,"enemies":"Cultist","floor":1,"turns":4},{"damage":7,"enemies":"Jaw Worm","floor":2,"turns":3},{"damage":0,"enemies":"Small Slimes","floor":7,"turns":3},{"damage":16,"enemies":"3 Sentries","floor":11,"turns":11},{"damage":3,"enemies":"Blue Slaver","floor":13,"turns":3},{"damage":11,"enemies":"Lagavulin","floor":14,"turns":5},{"damage":14,"enemies":"Slime Boss","floor":16,"turns":9},{"damage":25,"enemies":"2 Thieves","floor":18,"turns":4},{"damage":13,"enemies":"Shell Parasite","floor":19,"turns":5},{"damage":28,"enemies":"Gremlin Leader","floor":23,"turns":7},{"damage":1,"enemies":"Book of Stabbing","floor":25,"turns":6},{"damage":1,"enemies":"Centurion and Healer","floor":27,"turns":6},{"damage":52,"enemies":"Slavers","floor":28,"turns":4}],"seed_played":"-2273586427840190666","potions_obtained":[{"floor":2,"key":"Poison Potion"},{"floor":7,"key":"LiquidBronze"},{"floor":11,"key":"Ancient Potion"},{"floor":16,"key":"Swift Potion"},{"floor":18,"key":"SpeedPotion"}],"is_trial":false,"path_per_floor":["M","M","?","?","$","R","M","?","T","?","?","R","M","E","R","B",null,"M","M","$","?","?","E","R","E","T","M","E"],"character_chosen":"DEFECT","items_purchased":["Runic Capacitor","MealTicket"],"campfire_rested":2,"item_purchase_floors":[5,20],"current_hp_per_floor":[76,69,58,51,51,51,51,51,51,51,35,59,56,45,45,31,82,57,44,44,44,44,16,40,39,39,38,0],"gold":99,"neow_bonus":"TEN_PERCENT_HP_BONUS","is_prod":false,"is_daily":false,"chose_seed":false,"campfire_upgraded":2,"win_rate":0,"timestamp":1563044424,"path_taken":["M","?","?","?","?","R","?","?","T","?","?","R","M","E","R","BOSS","M","M","$","?","?","E","R","E","T","M","E"],"build_version":"2019-07-05","purchased_purges":0,"victory":false,"max_hp_per_floor":[82,82,82,82,82,82,82,82,82,82,82,82,82,82,82,82,82,82,82,82,82,82,82,82,82,82,82,82],"card_choices":[{"not_picked":["Skim","Static Discharge"],"picked":"Gash","floor":1},{"not_picked":["Steam","Go for the Eyes"],"picked":"Coolheaded","floor":2},{"not_picked":["Ball Lightning","Redo"],"picked":"Glacier","floor":7},{"not_picked":["Coolheaded","Redo"],"picked":"Gash","floor":11},{"not_picked":["Leap","Reprogram"],"picked":"Gash","floor":13},{"not_picked":["FTL","Double Energy"],"picked":"Defragment","floor":14},{"not_picked":["Meteor Strike","Seek"],"picked":"Creative AI","floor":16},{"not_picked":["Undo","Glacier"],"picked":"Conserve Battery","floor":18},{"not_picked":["Compile Driver","Go for the Eyes+1","Fusion"],"picked":"SKIP","floor":19},{"not_picked":["Force Field","Darkness"],"picked":"Cold Snap","floor":23},{"not_picked":["Force Field+1","Static Discharge+1"],"picked":"Redo","floor":25},{"not_picked":["Go for the Eyes","Ball Lightning"],"picked":"Conserve Battery","floor":27}],"player_experience":259073,"relics_obtained":[{"floor":9,"key":"Boot"},{"floor":11,"key":"Bag of Preparation"},{"floor":14,"key":"Dream Catcher"},{"floor":23,"key":"Whetstone"},{"floor":25,"key":"Tiny Chest"},{"floor":26,"key":"Bottled Lightning"}],"event_choices":[{"damage_healed":0,"gold_gain":75,"player_choice":"Gather Gold","damage_taken":11,"max_hp_gain":0,"max_hp_loss":0,"event_name":"World of Goop","floor":3,"gold_loss":0},{"damage_healed":0,"gold_gain":0,"player_choice":"Success","damage_taken":7,"relics_obtained":["Pen Nib"],"max_hp_gain":0,"max_hp_loss":0,"event_name":"Scrap Ooze","floor":4,"gold_loss":0},{"damage_healed":0,"gold_gain":0,"player_choice":"Ignored","damage_taken":0,"max_hp_gain":0,"max_hp_loss":0,"event_name":"Liars Game","floor":8,"gold_loss":0},{"cards_removed":["Strike_B"],"damage_healed":0,"gold_gain":0,"player_choice":"Card Removal","damage_taken":0,"max_hp_gain":0,"max_hp_loss":0,"event_name":"The Cleric","floor":10,"gold_loss":50},{"damage_healed":0,"gold_gain":0,"player_choice":"Searched \u00272\u0027 times","damage_taken":0,"max_hp_gain":0,"max_hp_loss":0,"event_name":"Dead Adventurer","floor":11,"gold_loss":0},{"damage_healed":0,"gold_gain":0,"player_choice":"Simplicity","damage_taken":0,"max_hp_gain":0,"max_hp_loss":0,"event_name":"Back to Basics","floor":21,"gold_loss":0,"cards_upgraded":["Strike_B","Strike_B","Strike_B","Defend_B","Defend_B","Defend_B","Defend_B"]},{"damage_healed":0,"gold_gain":0,"player_choice":"Paid Fearfully","damage_taken":0,"max_hp_gain":0,"max_hp_loss":0,"event_name":"Masked Bandits","floor":22,"gold_loss":55}],"is_beta":false,"boss_relics":[{"not_picked":["Orrery","Runic Dome"],"picked":"Philosopher\u0027s Stone"}],"items_purged_floors":[],"is_endless":false,"potions_floor_spawned":[2,7,11,16,18],"killed_by":"Slavers","ascension_level":3}