{"gold_per_floor":[114,133,54,72,72,113,113,136,160,178,178,213,213,291,291,419,419,433,447,447,447,447],"floor_reached":22,"playtime":1810,"items_purged":[],"score":194,"play_id":"98dd4cfd-2a38-4dff-9a78-e87b44359f83","local_time":"20190529114935","is_ascension_mode":false,"campfire_choices":[{"floor":7,"key":"RECALL"},{"floor":13,"key":"REST"},{"floor":15,"key":"REST"}],"neow_cost":"NONE","seed_source_timestamp":180256828924938,"circlet_count":0,"master_deck":["Strike_B+1","Strike_B+1","Strike_B+1","Strike_B+1","Defend_B+1","Defend_B+1","Defend_B+1","Defend_B+1","Zap","Dualcast","Auto Shields","Hello World","Gash","Gash","Hologram","Reinforced Body","Cold Snap","Echo Form","Streamline","Coolheaded"],"relics":["White Beast Statue","Golden Idol","Potion Belt","Regal Pillow","Cables","Inserter"],"potions_floor_usage":[6,10,10,10,12,14,16,22,22,22],"damage_taken":[{"damage":5,"enemies":"Cultist","floor":1,"turns":4},{"damage":0,"enemies":"2 Louse","floor":2,"turns":4},{"damage":0,"enemies":"Small Slimes","floor":4,"turns":3},{"damage":25,"enemies":"Gremlin Nob","floor":6,"turns":6},{"damage":2,"enemies":"2 Fungi Beasts","floor":8,"turns":4},{"damage":22,"enemies":"Exordium Thugs","floor":10,"turns":6},{"damage":16,"enemies":"3 Sentries","floor":12,"turns":8},{"damage":18,"enemies":"Lagavulin Event","floor":14,"turns":6},{"damage":25,"enemies":"Hexaghost","floor":16,"turns":11},{"damage":13,"enemies":"Shell Parasite","floor":18,"turns":8},{"damage":10,"enemies":"Chosen","floor":19,"turns":5},{"damage":52,"enemies":"Masked Bandits","floor":22,"turns":5}],"seed_played":"-7769768830469495074","potions_obtained":[{"floor":1,"key":"Block Potion"},{"floor":2,"key":"Swift Potion"},{"floor":4,"key":"EssenceOfSteel"},{"floor":6,"key":"AttackPotion"},{"floor":8,"key":"Ancient Potion"},{"floor":10,"key":"GamblersBrew"},{"floor":12,"key":"FocusPotion"},{"floor":14,"key":"SkillPotion"},{"floor":16,"key":"LiquidBronze"},{"floor":18,"key":"SkillPotion"},{"floor":19,"key":"SpeedPotion"}],"is_trial":false,"path_per_floor":["M","M","$","M","?","E","R","M","T","M","?","E","R","?","R","B",null,"M","M","?","?","?"],"character_chosen":"DEFECT","items_purchased":["Hello World"],"campfire_rested":2,"item_purchase_floors":[3],"current_hp_per_floor":[70,70,70,70,69,44,44,42,42,20,20,4,39,21,56,31,69,56,46,46,46,0],"gold":447,"neow_bonus":"BOSS_RELIC","is_prod":false,"is_daily":false,"chose_seed":false,"campfire_upgraded":0,"win_rate":0,"timestamp":1559123375,"path_taken":["M","M","$","M","?","E","R","M","T","M","?","E","R","?","R","BOSS","M","M","?","?","?"],"build_version":"2019-01-23","purchased_purges":0,"victory":false,"max_hp_per_floor":[75,75,75,75,69,69,69,69,69,69,69,69,69,69,69,69,69,69,69,69,69,69],"card_choices":[{"not_picked":["Sweeping Beam","Steam"],"picked":"Auto Shields","floor":1},{"not_picked":["Sweeping Beam","Go for the Eyes","Turbo"],"picked":"SKIP","floor":2},{"not_picked":["Sunder","Redo"],"picked":"Gash","floor":4},{"not_picked":["Stack","Fusion","Blizzard"],"picked":"SKIP","floor":6},{"not_picked":["Redo","Ball Lightning"],"picked":"Gash","floor":8},{"not_picked":["Stack","Beam Cell"],"picked":"Hologram","floor":10},{"not_picked":["Lockon","Go for the Eyes"],"picked":"Reinforced Body","floor":12},{"not_picked":["Go for the Eyes","Rebound"],"picked":"Cold Snap","floor":14},{"not_picked":["Rainbow","All For One"],"picked":"Echo Form","floor":16},{"not_picked":["Barrage","Ball Lightning"],"picked":"Streamline","floor":18},{"not_picked":["Lockon+1","Hello World"],"picked":"Coolheaded","floor":19}],"player_experience":135852,"relics_obtained":[{"floor":6,"key":"Potion Belt"},{"floor":12,"key":"Regal Pillow"},{"floor":14,"key":"Cables"}],"event_choices":[{"damage_healed":0,"gold_gain":0,"player_choice":"Lose Max HP","damage_taken":0,"relics_obtained":["Golden Idol"],"max_hp_gain":0,"max_hp_loss":6,"event_name":"Golden Idol","floor":5,"gold_loss":0},{"damage_healed":0,"gold_gain":0,"player_choice":"Ignored","damage_taken":0,"max_hp_gain":0,"max_hp_loss":0,"event_name":"Golden Wing","floor":11,"gold_loss":0},{"damage_healed":0,"gold_gain":0,"player_choice":"Searched \u00271\u0027 times","damage_taken":0,"max_hp_gain":0,"max_hp_loss":0,"event_name":"Dead Adventurer","floor":14,"gold_loss":0},{"damage_healed":0,"gold_gain":0,"player_choice":"Ignored","damage_taken":0,"max_hp_gain":0,"max_hp_loss":0,"event_name":"Ghosts","floor":20,"gold_loss":0},{"damage_healed":0,"gold_gain":0,"player_choice":"Simplicity","damage_taken":0,"max_hp_gain":0,"max_hp_loss":0,"event_name":"Back to Basics","floor":21,"gold_loss":0,"cards_upgraded":["Strike_B","Strike_B","Strike_B","Strike_B","Defend_B","Defend_B","Defend_B","Defend_B"]},{"damage_healed":0,"gold_gain":0,"player_choice":"Fought Bandits","damage_taken":0,"max_hp_gain":0,"max_hp_loss":0,"event_name":"Masked Bandits","floor":22,"gold_loss":0}],"is_beta":false,"boss_relics":[{"not_picked":["Sozu","Tiny House"],"picked":"Inserter"}],"items_purged_floors":[],"is_endless":false,"potions_floor_spawned":[1,2,4,6,8,10,12,14,16,18,19],"killed_by":"Masked Bandits","ascension_level":0}