{"gold_per_floor":[118,118,128,140,140,140,169,169,169,195,211,226,151,161,161,239,239,256,256,281,110,135,167,167,201,201,213,242,254,284,284,284,355,355,371,220,220,238,253,253,280,280,280,502,528,92,110,140,140,140,140,140,140,6,39,39],"floor_reached":57,"playtime":4935,"items_purged":["Strike_B","Strike_B","Strike_B+1"],"score":3552,"play_id":"898bb908-4ed0-4778-8bf9-4f4604ed4618","local_time":"20190922170124","is_ascension_mode":true,"campfire_choices":[{"data":"Biased Cognition","floor":6.0,"key":"SMITH"},{"data":"Defragment","floor":8.0,"key":"SMITH"},{"data":"Sunder","floor":15.0,"key":"SMITH"},{"floor":24.0,"key":"REST"},{"data":"Coolheaded","floor":32.0,"key":"SMITH"},{"data":"Apotheosis","floor":40.0,"key":"SMITH"},{"floor":42.0,"key":"RECALL"},{"data":"Coolheaded","floor":49,"key":"SMITH"},{"data":"Coolheaded","floor":53,"key":"SMITH"}],"neow_cost":"NONE","seed_source_timestamp":930303323389700,"circlet_count":0,"master_deck":["AscendersBane","Defend_B","Defend_B","Defend_B","Defend_B+1","Zap","Dualcast","Biased Cognition+1","Coolheaded+1","Sunder+1","Defragment+1","Electrodynamics","Glacier","Conserve Battery","Core Surge","Core Surge","Coolheaded+1","Undo","Glacier","Coolheaded+1","Recycle+1","Creative AI","Capacitor","Secret Technique","Apotheosis+1","Compile Driver+1","Amplify","Coolheaded+1","Double Energy+1"],"special_seed":0,"relics":["Cracked Core","Pocketwatch","Pen Nib","Nuclear Battery","Enchiridion","Bag of Marbles","Bag of Preparation","Red Mask","Nunchaku","Cables","The Courier","Mango","Regal Pillow","Inserter","DataDisk","Smiling Mask","Blood Vial","FossilizedHelix","Gambling Chip","Lantern","Bottled Lightning"],"potions_floor_usage":[56,56],"damage_taken":[{"damage":0.0,"enemies":"Small Slimes","floor":1.0,"turns":2.0},{"damage":0.0,"enemies":"Cultist","floor":3.0,"turns":2.0},{"damage":0.0,"enemies":"Jaw Worm","floor":4.0,"turns":3.0},{"damage":5.0,"enemies":"Lagavulin","floor":7.0,"turns":7.0},{"damage":8.0,"enemies":"Gremlin Nob","floor":10.0,"turns":3.0},{"damage":0.0,"enemies":"Exordium Wildlife","floor":11.0,"turns":2.0},{"damage":3.0,"enemies":"Exordium Thugs","floor":12.0,"turns":3.0},{"damage":4.0,"enemies":"Blue Slaver","floor":14.0,"turns":4.0},{"damage":0.0,"enemies":"Slime Boss","floor":16.0,"turns":4.0},{"damage":6.0,"enemies":"Shell Parasite","floor":18.0,"turns":8.0},{"damage":0.0,"enemies":"Masked Bandits","floor":22.0,"turns":4.0},{"damage":0.0,"enemies":"Gremlin Leader","floor":23.0,"turns":6.0},{"damage":0.0,"enemies":"Slavers","floor":25.0,"turns":5.0},{"damage":0.0,"enemies":"2 Thieves","floor":27.0,"turns":2.0},{"damage":0.0,"enemies":"Book of Stabbing","floor":28.0,"turns":6.0},{"damage":0.0,"enemies":"Shelled Parasite and Fungi","floor":29.0,"turns":4.0},{"damage":0.0,"enemies":"Slavers","floor":30.0,"turns":3.0},{"damage":0.0,"enemies":"Collector","floor":33.0,"turns":15.0},{"damage":0.0,"enemies":"Orb Walker","floor":35.0,"turns":3.0},{"damage":0.0,"enemies":"3 Darklings","floor":38.0,"turns":3.0},{"damage":0.0,"enemies":"4 Shapes","floor":39.0,"turns":3.0},{"damage":0.0,"enemies":"Giant Head","floor":41.0,"turns":8.0},{"damage":0.0,"enemies":"Nemesis","floor":45.0,"turns":7.0},{"damage":0.0,"enemies":"Spire Growth","floor":47.0,"turns":5.0},{"damage":0,"enemies":"Giant Head","floor":48,"turns":7},{"damage":0,"enemies":"Time Eater","floor":50,"turns":9},{"damage":0,"enemies":"Donu and Deca","floor":51,"turns":6},{"damage":37,"enemies":"Shield and Spear","floor":55,"turns":8},{"damage":24,"enemies":"The Heart","floor":56,"turns":10}],"seed_played":"1013202338492360343","potions_obtained":[{"floor":1.0,"key":"Block Potion"},{"floor":3.0,"key":"Block Potion"},{"floor":12.0,"key":"FocusPotion"},{"floor":16.0,"key":"FocusPotion"}],"is_trial":false,"path_per_floor":["M","?","M","M","?","R","E","R","T","E","M","M","$","M","R","B",null,"M","?","T","$","?","E","R","E","T","M","E","M","E","?","R","B",null,"M","$","?","M","M","R","E","R","T","?","E","$","M","E","R","B","B",null,"R","$","E","B",null],"character_chosen":"DEFECT","items_purchased":["Bag of Preparation","Capacitor","FossilizedHelix","Amplify","Lantern"],"campfire_rested":1,"item_purchase_floors":[21,36,46,46,54],"current_hp_per_floor":[64,64,64,64,43,43,38,38,38,30,30,27,27,23,23,23,59,53,32,32,32,32,32,53,53,53,53,67,67,67,42,42,42,78,78,78,68,68,68,68,68,68,68,68,68,68,70,72,72,74,76,87,87,87,52,30],"gold":39,"neow_bonus":"ONE_RANDOM_RARE_CARD","is_prod":false,"is_daily":false,"chose_seed":false,"campfire_upgraded":7,"win_rate":0,"timestamp":1569186084,"path_taken":["M","?","M","?","?","R","E","R","T","E","M","M","$","M","R","BOSS","M","?","?","$","?","E","R","E","T","M","E","M","E","?","R","BOSS","M","$","?","M","M","R","E","R","T","?","E","$","M","E","R","BOSS","BOSS","R","$","E","BOSS"],"build_version":"2019-07-17","purchased_purges":3,"victory":true,"max_hp_per_floor":[71,71,71,71,71,71,71,71,71,71,71,71,71,71,71,71,71,71,71,71,71,71,71,71,71,71,71,85,85,85,90,90,90,90,90,90,90,90,90,90,90,90,90,90,90,90,90,90,90,90,90,90,90,90,90,90],"card_choices":[{"not_picked":["Force Field","Gash"],"picked":"Coolheaded","floor":1.0},{"not_picked":["Turbo","Redo","Stack"],"picked":"SKIP","floor":3.0},{"not_picked":["Auto Shields","Go for the Eyes"],"picked":"Sunder","floor":4.0},{"not_picked":["Coolheaded","Hologram"],"picked":"Defragment","floor":7.0},{"not_picked":["Doom and Gloom","Turbo"],"picked":"Electrodynamics","floor":10.0},{"not_picked":["Conserve Battery","Blizzard"],"picked":"Glacier","floor":11.0},{"not_picked":["Turbo","Rebound"],"picked":"Conserve Battery","floor":12.0},{"not_picked":["Cold Snap","Darkness"],"picked":"Core Surge","floor":14.0},{"not_picked":["Fission","Creative AI"],"picked":"Core Surge","floor":16.0},{"not_picked":["Compile Driver","FTL+1"],"picked":"Coolheaded","floor":18.0},{"not_picked":["Reboot","Ball Lightning","Consume+1"],"picked":"SKIP","floor":23.0},{"not_picked":["Barrage","Sweeping Beam"],"picked":"Undo","floor":25.0},{"not_picked":["Steam","Sunder"],"picked":"Glacier","floor":27.0},{"not_picked":["Conserve Battery","Self Repair"],"picked":"Coolheaded","floor":28.0},{"not_picked":["Steam","Lockon+1"],"picked":"Recycle+1","floor":29.0},{"not_picked":["Electrodynamics","Hologram","Ball Lightning"],"picked":"SKIP","floor":30.0},{"not_picked":["Fission","Rainbow"],"picked":"Creative AI","floor":33.0},{"not_picked":["Beam Cell+1","Go for the Eyes","Steam"],"picked":"SKIP","floor":35.0},{"not_picked":["Trip","Madness"],"picked":"Secret Technique","floor":37.0},{"not_picked":["Jack Of All Trades","Enlightenment"],"picked":"Apotheosis","floor":37.0},{"not_picked":["Force Field","Barrage"],"picked":"Compile Driver+1","floor":38.0},{"not_picked":["Go for the Eyes","Melter","Storm"],"picked":"SKIP","floor":39.0},{"not_picked":["Sweeping Beam","Hologram","Skim"],"picked":"SKIP","floor":41.0},{"not_picked":["Steam","Hologram","Gash+1"],"picked":"SKIP","floor":45.0},{"not_picked":["Beam Cell","Leap"],"picked":"Coolheaded+1","floor":47.0},{"not_picked":["Beam Cell","Recycle"],"picked":"Double Energy+1","floor":48},{"not_picked":["Melter","Skim","Capacitor"],"picked":"SKIP","floor":55}],"player_experience":1024227,"relics_obtained":[{"floor":7.0,"key":"Pocketwatch"},{"floor":10.0,"key":"Pen Nib"},{"floor":19.0,"key":"Enchiridion"},{"floor":20.0,"key":"Bag of Marbles"},{"floor":22.0,"key":"Red Mask"},{"floor":23.0,"key":"Nunchaku"},{"floor":25.0,"key":"Cables"},{"floor":26.0,"key":"The Courier"},{"floor":28.0,"key":"Mango"},{"floor":30.0,"key":"Regal Pillow"},{"floor":41.0,"key":"DataDisk"},{"floor":43.0,"key":"Smiling Mask"},{"floor":45.0,"key":"Blood Vial"},{"floor":48,"key":"Gambling Chip"},{"floor":55,"key":"Bottled Lightning"}],"event_choices":[{"cards_removed":["Strike_B"],"damage_healed":0.0,"max_hp_gain":0.0,"max_hp_loss":0.0,"gold_gain":0.0,"event_name":"Bonfire Elementals","player_choice":"Offered Basic","floor":2.0,"gold_loss":0.0,"damage_taken":0.0},{"damage_healed":0.0,"max_hp_gain":0.0,"max_hp_loss":0.0,"gold_gain":0.0,"event_name":"Shining Light","player_choice":"Entered Light","floor":5.0,"gold_loss":0.0,"damage_taken":21.0,"cards_upgraded":["Defend_B","Strike_B"]},{"damage_healed":0.0,"max_hp_gain":0.0,"max_hp_loss":0.0,"gold_gain":0.0,"event_name":"Cursed Tome","player_choice":"Obtained Book","floor":19.0,"gold_loss":0.0,"damage_taken":21.0},{"damage_healed":0.0,"max_hp_gain":0.0,"max_hp_loss":0.0,"gold_gain":0.0,"event_name":"Masked Bandits","player_choice":"Fought Bandits","floor":22.0,"gold_loss":0.0,"damage_taken":0.0},{"damage_healed":0.0,"max_hp_gain":5.0,"max_hp_loss":0.0,"gold_gain":0.0,"event_name":"Forgotten Altar","player_choice":"Shed Blood","floor":31.0,"gold_loss":0.0,"damage_taken":30.0},{"damage_healed":0.0,"max_hp_gain":0.0,"max_hp_loss":0.0,"gold_gain":0.0,"event_name":"SensoryStone","player_choice":"Memory 3","floor":37.0,"gold_loss":0.0,"damage_taken":10.0},{"damage_healed":0.0,"max_hp_gain":0.0,"max_hp_loss":0.0,"gold_gain":222.0,"event_name":"Tomb of Lord Red Mask","player_choice":"Wore Mask","floor":44.0,"gold_loss":0.0,"damage_taken":0.0}],"is_beta":false,"boss_relics":[{"not_picked":["Calling Bell","Orrery"],"picked":"Nuclear Battery"},{"not_picked":["Tiny House","Lizard Tail"],"picked":"Inserter"}],"items_purged_floors":[13,36,46],"is_endless":false,"potions_floor_spawned":[1,3,7,12,16,25,27,30,33,35,41,48,55],"ascension_level":20}