{"gold_per_floor":[111,7,19,19,33,33,64,64,87,6,33,61,85,97,109,222,234,259,290,302,327,351,363,405,417],"floor_reached":25,"playtime":1331,"items_purged":[],"score":291,"play_id":"8c6d37d5-fb4e-4102-b132-f57381558a8f","local_time":"20190811123022","is_ascension_mode":true,"campfire_choices":[{"floor":6,"key":"REST"},{"floor":8,"key":"REST"},{"floor":15,"key":"REST"},{"floor":23,"key":"REST"}],"neow_cost":"NONE","seed_source_timestamp":9751926891528,"circlet_count":0,"master_deck":["Strike_G+1","Strike_G+1","Strike_G","Strike_G","Defend_G","Defend_G","Defend_G","Defend_G","Defend_G","Survivor","Neutralize","Prepared","Noxious Fumes","Deadly Poison","Poisoned Stab","Well Laid Plans","Catalyst","Bane","Adrenaline","Backflip","Leg Sweep","Prepared+1","Backflip+1"],"relics":["Fusion Hammer","Boot","Lantern","MawBank","Sozu","Blue Candle"],"potions_floor_usage":[7,16,24],"damage_taken":[{"damage":0,"enemies":"Cultist","floor":1,"turns":4},{"damage":0,"enemies":"Jaw Worm","floor":3,"turns":4},{"damage":0,"enemies":"Small Slimes","floor":5,"turns":3},{"damage":23,"enemies":"Gremlin Nob","floor":7,"turns":4},{"damage":16,"enemies":"3 Sentries","floor":11,"turns":9},{"damage":0,"enemies":"2 Fungi Beasts","floor":12,"turns":5},{"damage":0,"enemies":"Red Slaver","floor":13,"turns":3},{"damage":21,"enemies":"Hexaghost","floor":16,"turns":8},{"damage":11,"enemies":"Shell Parasite","floor":18,"turns":5},{"damage":18,"enemies":"2 Thieves","floor":19,"turns":4},{"damage":24,"enemies":"Snake Plant","floor":21,"turns":4},{"damage":4,"enemies":"Centurion and Healer","floor":22,"turns":6},{"damage":15,"enemies":"Book of Stabbing","floor":24,"turns":6},{"damage":13,"enemies":"3 Cultists","floor":25,"turns":6}],"seed_played":"-5307512977000516350","potions_obtained":[{"floor":1,"key":"SkillPotion"},{"floor":3,"key":"Dexterity Potion"},{"floor":16,"key":"Weak Potion"}],"is_trial":false,"path_per_floor":["M","$","M","?","M","R","E","R","T","$","E","M","M","?","R","B",null,"M","M","?","M","M","R","E","M"],"character_chosen":"THE_SILENT","items_purchased":["Noxious Fumes","Deadly Poison","Well Laid Plans"],"campfire_rested":4,"item_purchase_floors":[2,2,10],"current_hp_per_floor":[70,70,70,63,63,70,47,68,68,68,52,52,52,38,59,38,62,51,33,33,9,5,26,11,0],"gold":417,"neow_bonus":"BOSS_RELIC","is_prod":false,"is_daily":false,"chose_seed":false,"campfire_upgraded":0,"win_rate":0,"timestamp":1565519422,"path_taken":["M","?","M","?","?","R","E","R","T","$","E","M","?","?","R","BOSS","M","M","?","?","M","R","E","M"],"build_version":"2019-07-17","purchased_purges":0,"victory":false,"max_hp_per_floor":[70,70,70,70,70,70,70,70,70,70,70,70,70,70,70,70,70,70,70,70,70,70,70,70,70],"card_choices":[{"not_picked":["Acrobatics","Expertise"],"picked":"Prepared","floor":1},{"not_picked":["Eviscerate","Cloak And Dagger","Sucker Punch"],"picked":"SKIP","floor":3},{"not_picked":["Riddle With Holes","Sucker Punch"],"picked":"Poisoned Stab","floor":5},{"not_picked":["Cloak And Dagger","Slice","Dash"],"picked":"SKIP","floor":7},{"not_picked":["Flying Knee","Quick Slash"],"picked":"Catalyst","floor":11},{"not_picked":["Calculated Gamble","Flying Knee"],"picked":"Bane","floor":12},{"not_picked":["Blade Dance","Concentrate","Wraith Form v2"],"picked":"SKIP","floor":13},{"not_picked":["Storm of Steel","Grand Finale"],"picked":"Adrenaline","floor":16},{"not_picked":["Cloak And Dagger+1","Eviscerate","Acrobatics+1"],"picked":"SKIP","floor":18},{"not_picked":["Dagger Throw+1","Quick Slash"],"picked":"Backflip","floor":19},{"not_picked":["Skewer+1","Expertise+1"],"picked":"Leg Sweep","floor":21},{"not_picked":["Blade Dance","Cloak And Dagger"],"picked":"Prepared+1","floor":22},{"not_picked":["Terror+1","Dodge and Roll"],"picked":"Backflip+1","floor":24}],"player_experience":288103,"relics_obtained":[{"floor":7,"key":"Boot"},{"floor":9,"key":"Lantern"},{"floor":11,"key":"MawBank"},{"floor":24,"key":"Blue Candle"}],"event_choices":[{"cards_removed":["Strike_G"],"damage_healed":0,"gold_gain":0,"player_choice":"Card Removal","damage_taken":7,"max_hp_gain":0,"max_hp_loss":0,"event_name":"Golden Wing","floor":4,"gold_loss":0},{"damage_healed":0,"gold_gain":0,"player_choice":"Entered Light","damage_taken":14,"max_hp_gain":0,"max_hp_loss":0,"event_name":"Shining Light","floor":14,"gold_loss":0,"cards_upgraded":["Strike_G","Strike_G"]},{"damage_healed":0,"gold_gain":0,"player_choice":"Ignored","damage_taken":0,"max_hp_gain":0,"max_hp_loss":0,"event_name":"N\u0027loth","floor":20,"gold_loss":0}],"is_beta":false,"boss_relics":[{"not_picked":["White Beast Statue","Calling Bell"],"picked":"Sozu"}],"items_purged_floors":[],"is_endless":false,"potions_floor_spawned":[1,3,16,19,22],"killed_by":"3 Cultists","ascension_level":5}