{"gold_per_floor":[113,130,130,145,156,156,185,127,127,139,168,180,180,200,200,277,277,288,51,51,66,81,81,114,60,60,60,70,70,95,95,95,172,172,189,189,199,213,213,238,250,274,312,356,368,217,217],"floor_reached":47,"playtime":3131,"items_purged":["Writhe"],"score":1441,"play_id":"ac1465cb-b94d-4cff-a50e-474653a2c195","local_time":"20190418195835","is_ascension_mode":true,"campfire_choices":[{"data":"Zap","floor":6.0,"key":"SMITH"},{"data":"Coolheaded","floor":13.0,"key":"SMITH"},{"data":"Doom and Gloom","floor":15.0,"key":"SMITH"},{"floor":23.0,"key":"REST"},{"floor":27.0,"key":"REST"},{"floor":29.0,"key":"RECALL"},{"floor":32.0,"key":"REST"},{"floor":41.0,"key":"REST"}],"neow_cost":"NONE","seed_source_timestamp":89665095155606,"circlet_count":0,"master_deck":["AscendersBane","Strike_B","Strike_B","Strike_B","Defend_B+1","Defend_B","Defend_B+1","Defend_B","Zap+1","Dualcast","Compile Driver","Genetic Algorithm","Ball Lightning","Compile Driver","Doom and Gloom+1","Coolheaded+1","Glacier+1","Fusion+1","Conserve Battery+1","Biased Cognition","Darkness+1","Coolheaded+1","Genetic Algorithm+1","Defragment","Consume+1","Hologram+1","White Noise+1","Multi-Cast+1","Conserve Battery+1","Beam Cell","Undo+1","Hologram+1","Compile Driver","Hologram+1","Skim+1"],"special_seed":0,"relics":["Cracked Core","War Paint","FossilizedHelix","Singing Bowl","Toxic Egg 2","Odd Mushroom","Fusion Hammer","Runic Capacitor","Happy Flower","Symbiotic Virus","Blue Candle","Inserter","MawBank","Dream Catcher"],"potions_floor_usage":[47],"damage_taken":[{"damage":4.0,"enemies":"Jaw Worm","floor":1.0,"turns":4.0},{"damage":0.0,"enemies":"Small Slimes","floor":2.0,"turns":2.0},{"damage":0.0,"enemies":"2 Louse","floor":4.0,"turns":3.0},{"damage":7.0,"enemies":"Red Slaver","floor":5.0,"turns":3.0},{"damage":6.0,"enemies":"Lagavulin","floor":7.0,"turns":7.0},{"damage":0.0,"enemies":"Looter","floor":10.0,"turns":2.0},{"damage":16.0,"enemies":"3 Sentries","floor":11.0,"turns":5.0},{"damage":0.0,"enemies":"2 Fungi Beasts","floor":12.0,"turns":4.0},{"damage":0.0,"enemies":"The Mushroom Lair","floor":14.0,"turns":4.0},{"damage":0.0,"enemies":"The Guardian","floor":16.0,"turns":12.0},{"damage":0.0,"enemies":"Shell Parasite","floor":18.0,"turns":4.0},{"damage":25.0,"enemies":"2 Thieves","floor":21.0,"turns":4.0},{"damage":6.0,"enemies":"Shelled Parasite and Fungi","floor":22.0,"turns":5.0},{"damage":48.0,"enemies":"Slavers","floor":24.0,"turns":7.0},{"damage":0.0,"enemies":"Snake Plant","floor":28.0,"turns":4.0},{"damage":0.0,"enemies":"Book of Stabbing","floor":30.0,"turns":5.0},{"damage":0.0,"enemies":"Champ","floor":33.0,"turns":12.0},{"damage":38.0,"enemies":"3 Darklings","floor":35.0,"turns":4.0},{"damage":0.0,"enemies":"Orb Walker","floor":37.0,"turns":3.0},{"damage":32.0,"enemies":"4 Shapes","floor":38.0,"turns":6.0},{"damage":7.0,"enemies":"Giant Head","floor":40.0,"turns":10.0},{"damage":0.0,"enemies":"Maw","floor":42.0,"turns":7.0},{"damage":0.0,"enemies":"Nemesis","floor":44.0,"turns":9.0},{"damage":59,"enemies":"Reptomancer","floor":47,"turns":2}],"seed_played":"2512236708104622580","potions_obtained":[{"floor":1.0,"key":"Energy Potion"},{"floor":5.0,"key":"EssenceOfSteel"},{"floor":10.0,"key":"Regen Potion"},{"floor":28.0,"key":"GamblersBrew"},{"floor":33.0,"key":"LiquidBronze"},{"floor":42.0,"key":"Poison Potion"}],"is_trial":false,"path_per_floor":["M","M","?","M","M","R","E","$","T","M","E","M","R","?","R","B",null,"M","$","?","M","M","R","E","$","T","R","M","R","E","?","R","B",null,"M","?","M","M","?","E","R","M","T","E","?","$","E"],"character_chosen":"DEFECT","items_purchased":["Coolheaded","Runic Capacitor","Coolheaded+1","Hologram+1","Skim+1"],"campfire_rested":4,"item_purchase_floors":[8,19,19,25,46],"current_hp_per_floor":[67,67,62,62,55,55,49,49,49,51,35,35,35,35,35,35,69,69,69,69,44,40,64,31,31,31,55,55,55,57,57,82,82,84,46,46,48,16,33,26,51,51,51,53,53,53,0],"gold":217,"neow_bonus":"TEN_PERCENT_HP_BONUS","is_prod":false,"is_daily":false,"chose_seed":false,"campfire_upgraded":3,"win_rate":0,"timestamp":1555631915,"path_taken":["M","M","?","M","M","R","E","$","T","M","E","M","R","?","R","BOSS","M","$","?","M","M","R","E","$","T","R","M","R","E","?","R","BOSS","M","?","?","M","?","E","R","M","T","E","?","$","E"],"build_version":"2019-01-23","purchased_purges":1,"victory":false,"max_hp_per_floor":[78,78,78,78,78,78,78,78,78,80,80,80,80,80,80,80,80,80,80,80,80,82,82,82,82,82,82,82,82,84,84,84,84,84,84,84,86,86,86,86,86,86,86,88,88,88,88],"card_choices":[{"not_picked":["Blizzard","Turbo"],"picked":"Compile Driver","floor":1.0},{"not_picked":["Stack","Chill"],"picked":"Genetic Algorithm","floor":2.0},{"not_picked":["Steam Power","Compile Driver"],"picked":"Ball Lightning","floor":4.0},{"not_picked":["Gash","Rebound"],"picked":"Compile Driver","floor":5.0},{"not_picked":["Hologram","White Noise"],"picked":"Doom and Gloom","floor":7.0},{"not_picked":["Barrage","Reprogram","Aggregate"],"picked":"Singing Bowl","floor":10.0},{"not_picked":["Leap","Hologram"],"picked":"Glacier","floor":11.0},{"not_picked":["Streamline","Sweeping Beam"],"picked":"Fusion+1","floor":12.0},{"not_picked":["Redo+1","Undo+1"],"picked":"Conserve Battery+1","floor":14.0},{"not_picked":["Creative AI","Seek+1"],"picked":"Biased Cognition","floor":16.0},{"not_picked":["Streamline","Hologram+1"],"picked":"Darkness+1","floor":18.0},{"not_picked":["Cold Snap+1","Compile Driver"],"picked":"Defragment","floor":21.0},{"not_picked":["Ball Lightning","Sweeping Beam","Leap+1"],"picked":"Singing Bowl","floor":22.0},{"not_picked":["Hologram+1","Chaos+1"],"picked":"Consume+1","floor":24.0},{"not_picked":["Go for the Eyes","Conserve Battery+1"],"picked":"White Noise+1","floor":28.0},{"not_picked":["Ball Lightning","Compile Driver","Beam Cell"],"picked":"Singing Bowl","floor":30.0},{"not_picked":["Meteor Strike","Thunder Strike"],"picked":"Multi-Cast+1","floor":33.0},{"not_picked":["Turbo+1","Cold Snap+1"],"picked":"Conserve Battery+1","floor":35.0},{"not_picked":["Steam+1","Leap+1","Sweeping Beam"],"picked":"Singing Bowl","floor":37.0},{"not_picked":["Storm","Tempest+1"],"picked":"Undo+1","floor":38.0},{"not_picked":["Beam Cell","Go for the Eyes"],"picked":"Hologram+1","floor":40.0},{"not_picked":["Sweeping Beam","Double Energy+1"],"picked":"Compile Driver","floor":42.0},{"not_picked":["Conserve Battery+1","Sweeping Beam+1","Rainbow+1"],"picked":"Singing Bowl","floor":44.0}],"player_experience":725549,"relics_obtained":[{"floor":7.0,"key":"FossilizedHelix"},{"floor":9.0,"key":"Singing Bowl"},{"floor":11.0,"key":"Toxic Egg 2"},{"floor":14.0,"key":"Odd Mushroom"},{"floor":24.0,"key":"Happy Flower"},{"floor":26.0,"key":"Symbiotic Virus"},{"floor":30.0,"key":"Blue Candle"},{"floor":40.0,"key":"MawBank"},{"floor":44.0,"key":"Dream Catcher"}],"event_choices":[{"damage_healed":0.0,"max_hp_gain":0.0,"max_hp_loss":0.0,"gold_gain":0.0,"event_name":"Scrap Ooze","player_choice":"Success","floor":3.0,"gold_loss":0.0,"damage_taken":5.0,"relics_obtained":["War Paint"]},{"damage_healed":0.0,"max_hp_gain":0.0,"max_hp_loss":0.0,"gold_gain":0.0,"event_name":"Mushrooms","player_choice":"Fought Mushrooms","floor":14.0,"gold_loss":0.0,"damage_taken":0.0},{"damage_healed":0.0,"max_hp_gain":0.0,"max_hp_loss":0.0,"gold_gain":0.0,"event_name":"The Library","player_choice":"Read","floor":20.0,"gold_loss":0.0,"damage_taken":0.0,"cards_obtained":["Genetic Algorithm"]},{"damage_healed":0.0,"max_hp_gain":0.0,"max_hp_loss":0.0,"gold_gain":0.0,"event_name":"The Mausoleum","player_choice":"Ignored","floor":31.0,"gold_loss":0.0,"damage_taken":0.0},{"damage_healed":0.0,"max_hp_gain":0.0,"max_hp_loss":0.0,"gold_gain":0.0,"cards_transformed":["Strike_B"],"event_name":"Transmorgrifier","player_choice":"Transformed","floor":36.0,"gold_loss":0.0,"damage_taken":0.0,"cards_obtained":["Beam Cell"]},{"damage_healed":17.0,"max_hp_gain":0.0,"max_hp_loss":0.0,"gold_gain":0.0,"event_name":"Winding Halls","player_choice":"Writhe","floor":39.0,"gold_loss":0.0,"damage_taken":0.0,"cards_obtained":["Writhe"]},{"damage_healed":0.0,"max_hp_gain":0.0,"max_hp_loss":0.0,"gold_gain":0.0,"event_name":"Duplicator","player_choice":"Copied","floor":45.0,"gold_loss":0.0,"damage_taken":0.0,"cards_obtained":["Hologram"]}],"is_beta":false,"boss_relics":[{"not_picked":["Calling Bell","Ectoplasm"],"picked":"Fusion Hammer"},{"not_picked":["Coffee Dripper","Orrery"],"picked":"Inserter"}],"items_purged_floors":[46],"is_endless":false,"potions_floor_spawned":[1,5,10,11,28,30,33,37,38,42,44],"killed_by":"Reptomancer","ascension_level":20}