{"gold_per_floor":[111,111,111,124,124,151,162,218,268,268,288,16,32,43,43,144,144,161,161,161,161,16,43,43,56,56,56,70,97,117,144,144,245,245,260,36,36,55,0,34,64,64],"floor_reached":42,"playtime":4789,"items_purged":[],"score":600,"play_id":"22827f30-6e78-42f7-83af-94874c1be766","local_time":"20190528210930","is_ascension_mode":true,"campfire_choices":[{"floor":15.0,"key":"REST"},{"data":"Echo Form","floor":24.0,"key":"SMITH"},{"data":"Defragment","floor":32.0,"key":"SMITH"}],"neow_cost":"PERCENT_DAMAGE","seed_source_timestamp":0,"circlet_count":0,"master_deck":["Defend_B","Defend_B+1","Defend_B","Defend_B","Zap","Dualcast","Hello World","Conserve Battery","Streamline+1","Defragment+1","Gash+1","Capacitor","Conserve Battery+1","Capacitor","Gash+1","Self Repair","Echo Form+1","Redo","Gash+1","Bite+1","Bite+1","Bite+1","Bite+1","Bite+1","All For One+1","Gash+1","Conserve Battery+1","Amplify","Blizzard+1","Glacier","Cold Snap+1"],"special_seed":0,"relics":["FrozenCore","Du-Vu Doll","Molten Egg 2","PreservedInsect","Tiny Chest","Centennial Puzzle","War Paint","MutagenicStrength","Orichalcum","Happy Flower","WingedGreaves","Dream Catcher","Potion Belt","Pantograph","Runic Pyramid","Art of War","Red Mask","Pen Nib","Omamori"],"potions_floor_usage":[42,42],"damage_taken":[{"damage":0.0,"enemies":"2 Louse","floor":1.0,"turns":1.0},{"damage":4.0,"enemies":"Small Slimes","floor":4.0,"turns":4.0},{"damage":19.0,"enemies":"Gremlin Nob","floor":6.0,"turns":4.0},{"damage":1.0,"enemies":"Cultist","floor":7.0,"turns":3.0},{"damage":16.0,"enemies":"3 Sentries","floor":8.0,"turns":7.0},{"damage":2.0,"enemies":"2 Fungi Beasts","floor":11.0,"turns":3.0},{"damage":0.0,"enemies":"Looter","floor":13.0,"turns":3.0},{"damage":1.0,"enemies":"3 Louse","floor":14.0,"turns":3.0},{"damage":7.0,"enemies":"The Guardian","floor":16.0,"turns":9.0},{"damage":14.0,"enemies":"Spheric Guardian","floor":18.0,"turns":6.0},{"damage":35.0,"enemies":"Gremlin Leader","floor":23.0,"turns":6.0},{"damage":16.0,"enemies":"3 Byrds","floor":25.0,"turns":7.0},{"damage":0.0,"enemies":"Cultist and Chosen","floor":28.0,"turns":5.0},{"damage":28.0,"enemies":"Slavers","floor":29.0,"turns":7.0},{"damage":4.0,"enemies":"Snecko","floor":30.0,"turns":4.0},{"damage":9.0,"enemies":"Book of Stabbing","floor":31.0,"turns":5.0},{"damage":13.0,"enemies":"Automaton","floor":33.0,"turns":11.0},{"damage":16.0,"enemies":"3 Shapes","floor":35.0,"turns":4.0},{"damage":8.0,"enemies":"Orb Walker","floor":38.0,"turns":3.0},{"damage":1.0,"enemies":"Giant Head","floor":40.0,"turns":10.0},{"damage":19,"enemies":"Nemesis","floor":41,"turns":11},{"damage":54,"enemies":"Reptomancer","floor":42,"turns":3}],"seed_played":"4341313727210900305","potions_obtained":[{"floor":1.0,"key":"GamblersBrew"},{"floor":4.0,"key":"GamblersBrew"},{"floor":11.0,"key":"Dexterity Potion"},{"floor":18.0,"key":"FearPotion"},{"floor":28.0,"key":"EssenceOfSteel"},{"floor":30.0,"key":"SteroidPotion"},{"floor":35.0,"key":"EntropicBrew"}],"is_trial":false,"path_per_floor":["M","?","?","M","?","E","M","E","T","?","M","$","M","M","R","B",null,"M","?","?","?","$","E","R","M","T","T","M","E","M","E","R","B",null,"M","$","?","M","?","E","E","E"],"character_chosen":"DEFECT","items_purchased":["Conserve Battery","Capacitor","War Paint","Orichalcum","Blizzard+1","Art of War"],"campfire_rested":1,"item_purchase_floors":[12,12,12,22,36,36],"current_hp_per_floor":[54,54,54,50,43,24,23,7,7,7,5,5,5,4,26,26,75,68,68,68,52,52,46,46,48,48,48,52,52,52,52,52,52,52,46,46,46,41,41,52,52,0],"gold":64,"neow_bonus":"ONE_RARE_RELIC","is_prod":false,"is_daily":false,"chose_seed":false,"campfire_upgraded":2,"win_rate":0,"timestamp":1559070570,"path_taken":["M","?","?","M","?","E","M","E","T","?","M","$","M","M","R","BOSS","M","?","?","?","?","E","R","M","T","?","M","E","M","E","R","BOSS","M","$","?","?","?","E","E","E"],"build_version":"2019-01-23","purchased_purges":0,"victory":false,"max_hp_per_floor":[75,75,75,75,75,75,75,75,75,75,75,75,75,75,75,75,75,75,75,75,52,52,52,52,52,52,52,52,52,52,52,52,52,52,52,52,52,52,52,52,52,52],"card_choices":[{"not_picked":["Turbo","Hologram"],"picked":"Hello World","floor":1.0},{"not_picked":["Darkness","Chill"],"picked":"Conserve Battery","floor":4.0},{"not_picked":["Barrage+1","Coolheaded"],"picked":"Streamline+1","floor":6.0},{"not_picked":["Melter+1","Aggregate"],"picked":"Defragment","floor":7.0},{"not_picked":["Rip and Tear+1","Capacitor"],"picked":"Gash+1","floor":8.0},{"not_picked":["Compile Driver+1","Redo"],"picked":"Capacitor","floor":11.0},{"not_picked":["Recycle","Defragment"],"picked":"Gash+1","floor":13.0},{"not_picked":["Rebound+1","Aggregate"],"picked":"Self Repair","floor":14.0},{"not_picked":["Meteor Strike+1","Thunder Strike+1"],"picked":"Echo Form","floor":16.0},{"not_picked":["Coolheaded","Steam"],"picked":"Redo","floor":18.0},{"not_picked":["Sweeping Beam+1","Redo"],"picked":"All For One+1","floor":23.0},{"not_picked":["Fusion","Leap","Compile Driver+1"],"picked":"SKIP","floor":25.0},{"not_picked":["Doom and Gloom+1","Skim"],"picked":"Gash+1","floor":28.0},{"not_picked":["Sunder+1","Rebound+1"],"picked":"Conserve Battery+1","floor":29.0},{"not_picked":["Lockon+1","Recycle","Beam Cell+1"],"picked":"SKIP","floor":30.0},{"not_picked":["Melter+1","Turbo+1","Undo"],"picked":"SKIP","floor":31.0},{"not_picked":["Hyperbeam+1","Electrodynamics"],"picked":"Amplify","floor":33.0},{"not_picked":["Sweeping Beam+1","Turbo","FTL+1"],"picked":"SKIP","floor":35.0},{"not_picked":["Barrage+1","Compile Driver+1","Turbo"],"picked":"SKIP","floor":38.0},{"not_picked":["Steam","Aggregate+1"],"picked":"Glacier","floor":40},{"not_picked":["Stack","Blizzard+1"],"picked":"Cold Snap+1","floor":41}],"player_experience":83173,"relics_obtained":[{"floor":6.0,"key":"PreservedInsect"},{"floor":8.0,"key":"Tiny Chest"},{"floor":9.0,"key":"Centennial Puzzle"},{"floor":23.0,"key":"Happy Flower"},{"floor":26.0,"key":"WingedGreaves"},{"floor":27.0,"key":"Dream Catcher"},{"floor":29.0,"key":"Potion Belt"},{"floor":31.0,"key":"Pantograph"},{"floor":40,"key":"Pen Nib"},{"floor":41,"key":"Omamori"}],"event_choices":[{"damage_healed":0.0,"max_hp_gain":0.0,"max_hp_loss":0.0,"gold_gain":0.0,"event_name":"Big Fish","player_choice":"Box","floor":2.0,"gold_loss":0.0,"damage_taken":0.0,"relics_obtained":["Molten Egg 2"],"cards_obtained":["Regret"]},{"cards_removed":["Strike_B"],"damage_healed":0.0,"max_hp_gain":0.0,"max_hp_loss":0.0,"gold_gain":0.0,"event_name":"Living Wall","player_choice":"Forget","floor":3.0,"gold_loss":0.0,"damage_taken":0.0},{"cards_removed":["Regret"],"damage_healed":0.0,"max_hp_gain":0.0,"max_hp_loss":0.0,"gold_gain":0.0,"event_name":"Golden Wing","player_choice":"Card Removal","floor":5.0,"gold_loss":0.0,"damage_taken":7.0},{"damage_healed":0.0,"max_hp_gain":0.0,"max_hp_loss":0.0,"gold_gain":0.0,"event_name":"Shining Light","player_choice":"Ignored","floor":10.0,"gold_loss":0.0,"damage_taken":0.0},{"damage_healed":0.0,"max_hp_gain":0.0,"max_hp_loss":0.0,"gold_gain":0.0,"event_name":"The Library","player_choice":"Read","floor":19.0,"gold_loss":0.0,"damage_taken":0.0,"cards_obtained":["Gash"]},{"damage_healed":0.0,"max_hp_gain":0.0,"max_hp_loss":0.0,"gold_gain":0.0,"event_name":"Drug Dealer","player_choice":"Inject Mutagens","floor":20.0,"gold_loss":0.0,"damage_taken":0.0,"relics_obtained":["MutagenicStrength"]},{"damage_healed":0.0,"max_hp_gain":0.0,"max_hp_loss":23.0,"gold_gain":0.0,"event_name":"Vampires","player_choice":"Became a vampire","floor":21.0,"gold_loss":0.0,"damage_taken":0.0,"cards_obtained":["Bite","Bite","Bite","Bite","Bite"]},{"damage_healed":0.0,"max_hp_gain":0.0,"max_hp_loss":0.0,"gold_gain":0.0,"event_name":"SecretPortal","player_choice":"Ignored","floor":37.0,"gold_loss":0.0,"damage_taken":0.0},{"damage_healed":0.0,"max_hp_gain":0.0,"max_hp_loss":0.0,"gold_gain":0.0,"event_name":"Tomb of Lord Red Mask","player_choice":"Paid","floor":39.0,"gold_loss":55.0,"damage_taken":0.0,"relics_obtained":["Red Mask"]}],"is_beta":false,"boss_relics":[{"not_picked":["Fusion Hammer","Tiny House"],"picked":"FrozenCore"},{"not_picked":["Runic Dome","Pandora\u0027s Box"],"picked":"Runic Pyramid"}],"items_purged_floors":[],"is_endless":false,"potions_floor_spawned":[1,4,11,18,28,30,35],"killed_by":"Reptomancer","ascension_level":1}