{"gold_per_floor":[118,128,203,203,218,218,249,249,249,249,262,272,272],"floor_reached":13,"playtime":342,"items_purged":[],"score":170,"play_id":"1dd27cef-47e7-433f-b47a-c88104f8f31e","local_time":"20190928145007","is_ascension_mode":true,"campfire_choices":[{"data":"Clothesline","floor":6.0,"key":"SMITH"},{"data":"Spot Weakness","floor":8.0,"key":"SMITH"},{"data":"Bash","floor":10.0,"key":"SMITH"}],"neow_cost":"TEN_PERCENT_HP_LOSS","seed_source_timestamp":1003029977161800,"circlet_count":0,"master_deck":["AscendersBane","Strike_R","Strike_R","Strike_R","Strike_R","Strike_R","Defend_R","Defend_R","Defend_R","Defend_R","Bash+1","Master of Strategy","Clothesline+1","Shrug It Off","Headbutt","Spot Weakness+1","Immolate","Flame Barrier"],"special_seed":0,"relics":["Burning Blood","Meat on the Bone","InkBottle"],"potions_floor_usage":[],"damage_taken":[{"damage":8.0,"enemies":"2 Louse","floor":1.0,"turns":2.0},{"damage":15.0,"enemies":"Jaw Worm","floor":2.0,"turns":5.0},{"damage":4.0,"enemies":"Small Slimes","floor":5.0,"turns":4.0},{"damage":25.0,"enemies":"Lagavulin","floor":7.0,"turns":6.0},{"damage":19.0,"enemies":"Gremlin Gang","floor":11.0,"turns":6.0},{"damage":17.0,"enemies":"Looter","floor":12.0,"turns":3.0},{"damage":69,"enemies":"Gremlin Nob","floor":13,"turns":4}],"seed_played":"-7994552191131512610","potions_obtained":[{"floor":2.0,"key":"SkillPotion"},{"floor":5.0,"key":"Fire Potion"}],"is_trial":false,"path_per_floor":["M","M","?","?","M","R","E","R","T","R","M","M","E"],"character_chosen":"IRONCLAD","items_purchased":[],"campfire_rested":0,"item_purchase_floors":[],"current_hp_per_floor":[66,57,46,68,68,68,49,49,49,49,48,49,0],"gold":272,"neow_bonus":"RANDOM_COLORLESS_2","is_prod":false,"is_daily":false,"chose_seed":false,"campfire_upgraded":3,"win_rate":0,"timestamp":1569707407,"path_taken":["M","M","?","?","M","R","E","R","T","R","M","M","E"],"build_version":"2019-09-27","purchased_purges":0,"victory":false,"max_hp_per_floor":[68,68,68,68,68,68,68,68,68,68,68,68,68],"card_choices":[{"not_picked":["Secret Weapon","Thinking Ahead"],"picked":"Master of Strategy","floor":0.0},{"not_picked":["Combust","Clash"],"picked":"Clothesline","floor":1.0},{"not_picked":["Clash","Body Slam"],"picked":"Shrug It Off","floor":2.0},{"not_picked":["Reckless Charge","Clothesline"],"picked":"Headbutt","floor":5.0},{"not_picked":["Bloodletting","True Grit"],"picked":"Spot Weakness","floor":7.0},{"not_picked":["Headbutt","Whirlwind"],"picked":"Immolate","floor":11.0},{"not_picked":["Metallicize","Armaments"],"picked":"Flame Barrier","floor":12.0}],"player_experience":1099045,"relics_obtained":[{"floor":7.0,"key":"Meat on the Bone"},{"floor":9.0,"key":"InkBottle"}],"event_choices":[{"damage_healed":0.0,"max_hp_gain":0.0,"max_hp_loss":0.0,"gold_gain":75.0,"event_name":"World of Goop","player_choice":"Gather Gold","floor":3.0,"gold_loss":0.0,"damage_taken":11.0},{"damage_healed":22.0,"max_hp_gain":0.0,"max_hp_loss":0.0,"gold_gain":0.0,"event_name":"Big Fish","player_choice":"Banana","floor":4.0,"gold_loss":0.0,"damage_taken":0.0}],"is_beta":true,"boss_relics":[],"items_purged_floors":[],"is_endless":false,"potions_floor_spawned":[2,5],"killed_by":"Gremlin Nob","ascension_level":20}