{"gold_per_floor":[142,152,167,178,191,219,219,247,247,259,259,62,78,153,153,228,228,228,148,148,148,148,148,148,148,148,148,148,98,98,98,98,98,98,98,43,43,43,43,43,43,43,43,43,43,43,43,43,43,43,43],"floor_reached":52,"playtime":10478,"items_purged":["Strike_R"],"score":1954,"play_id":"37fe701a-d546-4667-a0ee-06917ff86135","local_time":"20190927165439","is_ascension_mode":true,"campfire_choices":[{"floor":7.0,"key":"REST"},{"data":"Inflame","floor":11.0,"key":"SMITH"},{"data":"Disarm","floor":15.0,"key":"SMITH"},{"data":"Heavy Blade","floor":24,"key":"SMITH"},{"data":"Heavy Blade","floor":28,"key":"SMITH"},{"data":"Limit Break","floor":30,"key":"SMITH"},{"data":"Rage","floor":32,"key":"SMITH"},{"data":"Heavy Blade","floor":40,"key":"SMITH"},{"data":"Spot Weakness","floor":46,"key":"SMITH"},{"data":"True Grit","floor":49,"key":"SMITH"}],"neow_cost":"NONE","seed_source_timestamp":913962649985600,"circlet_count":0,"master_deck":["AscendersBane","Strike_R","Strike_R","Strike_R","Strike_R","Defend_R","Defend_R","Defend_R","Defend_R","Bash","Inflame+1","Headbutt","True Grit+1","Rage+1","Headbutt","Limit Break+1","Heavy Blade+1","Ghostly Armor","Disarm+1","Spot Weakness+1","Battle Trance","Offering","Shrug It Off+1","Heavy Blade+1","Inflame+1","Sword Boomerang","Reaper","Heavy Blade+1","True Grit+1"],"special_seed":0,"relics":["Burning Blood","Tiny Chest","Eternal Feather","Question Card","White Beast Statue","Ectoplasm","Omamori","Singing Bowl","Runic Pyramid","Kunai","Vajra","Mummified Hand"],"potions_floor_usage":[21,22,23,27,27,31,33,42,42,44,48,48,50],"damage_taken":[{"damage":11.0,"enemies":"Jaw Worm","floor":1.0,"turns":5.0},{"damage":1.0,"enemies":"Cultist","floor":2.0,"turns":3.0},{"damage":14.0,"enemies":"2 Louse","floor":3.0,"turns":4.0},{"damage":30.0,"enemies":"Lots of Slimes","floor":4.0,"turns":6.0},{"damage":3.0,"enemies":"3 Louse","floor":5.0,"turns":4.0},{"damage":24.0,"enemies":"Gremlin Nob","floor":6.0,"turns":4.0},{"damage":33.0,"enemies":"3 Sentries","floor":8.0,"turns":9.0},{"damage":6.0,"enemies":"Looter","floor":10.0,"turns":4.0},{"damage":19.0,"enemies":"Exordium Thugs","floor":13.0,"turns":4.0},{"damage":0.0,"enemies":"Hexaghost","floor":16.0,"turns":7.0},{"damage":7.0,"enemies":"3 Byrds","floor":18.0,"turns":6.0},{"damage":12.0,"enemies":"2 Thieves","floor":19.0,"turns":4.0},{"damage":38,"enemies":"Snecko","floor":21,"turns":6},{"damage":7,"enemies":"3 Cultists","floor":22,"turns":4},{"damage":26,"enemies":"Sentry and Sphere","floor":23,"turns":6},{"damage":16,"enemies":"Cultist and Chosen","floor":25,"turns":5},{"damage":37,"enemies":"Gremlin Leader","floor":27,"turns":5},{"damage":11,"enemies":"Snecko","floor":31,"turns":5},{"damage":8,"enemies":"Champ","floor":33,"turns":6},{"damage":7,"enemies":"Orb Walker","floor":35,"turns":2},{"damage":16,"enemies":"3 Shapes","floor":37,"turns":6},{"damage":50,"enemies":"Sphere and 2 Shapes","floor":38,"turns":5},{"damage":50,"enemies":"4 Shapes","floor":39,"turns":5},{"damage":37,"enemies":"Maw","floor":41,"turns":7},{"damage":81,"enemies":"Nemesis","floor":42,"turns":5},{"damage":54,"enemies":"Jaw Worm Horde","floor":44,"turns":7},{"damage":43,"enemies":"Giant Head","floor":47,"turns":5},{"damage":10,"enemies":"Writhing Mass","floor":48,"turns":5},{"damage":68,"enemies":"Awakened One","floor":50,"turns":7},{"damage":71,"enemies":"Donu and Deca","floor":51,"turns":6}],"seed_played":"-4905622301770916930","potions_obtained":[{"floor":3.0,"key":"Weak Potion"},{"floor":8.0,"key":"Block Potion"},{"floor":10.0,"key":"Dexterity Potion"},{"floor":13.0,"key":"PowerPotion"},{"floor":16.0,"key":"GamblersBrew"},{"floor":18.0,"key":"Energy Potion"},{"floor":19.0,"key":"FairyPotion"},{"floor":21,"key":"SkillPotion"},{"floor":22,"key":"PowerPotion"},{"floor":23,"key":"Block Potion"},{"floor":25,"key":"Regen Potion"},{"floor":27,"key":"AttackPotion"},{"floor":31,"key":"GamblersBrew"},{"floor":33,"key":"EntropicBrew"},{"floor":35,"key":"Energy Potion"},{"floor":42,"key":"ElixirPotion"},{"floor":44,"key":"Energy Potion"},{"floor":47,"key":"Regen Potion"},{"floor":48,"key":"Regen Potion"}],"is_trial":false,"path_per_floor":["M","M","M","M","M","E","R","E","T","M","R","$","M","?","R","B",null,"M","M","?","M","M","M","R","M","T","E","R","?","R","M","R","B",null,"M","$","M","M","M","R","M","E","T","M","$","R","E","M","R","B","B",null],"character_chosen":"IRONCLAD","items_purchased":["Disarm","Spot Weakness","BloodPotion"],"campfire_rested":1,"item_purchase_floors":[12,12,36],"current_hp_per_floor":[63,68,60,36,39,21,52,25,25,25,34,34,21,10,22,28,63,62,56,49,17,16,28,40,30,30,15,30,30,45,40,55,53,71,72,72,77,72,83,83,75,65,65,50,50,65,30,65,80,74,57],"gold":43,"neow_bonus":"RANDOM_COMMON_RELIC","is_prod":false,"is_daily":false,"chose_seed":false,"campfire_upgraded":9,"win_rate":0,"timestamp":1569628479,"path_taken":["M","M","M","M","M","E","R","E","T","M","R","$","M","?","R","BOSS","M","M","?","M","M","M","R","?","T","E","R","?","R","M","R","BOSS","M","$","M","M","M","R","M","E","T","M","?","R","E","M","R","BOSS","BOSS"],"build_version":"2019-09-27","purchased_purges":1,"victory":true,"max_hp_per_floor":[75,75,75,75,75,75,75,75,75,75,75,75,75,75,75,75,75,75,75,75,75,75,75,75,75,75,77,77,77,77,77,77,77,77,79,79,81,83,83,83,85,87,87,89,89,89,91,91,91,91,91],"card_choices":[{"not_picked":["Cleave","Uppercut"],"picked":"Inflame","floor":1.0},{"not_picked":["Ghostly Armor","Searing Blow"],"picked":"Headbutt","floor":2.0},{"not_picked":["Dual Wield","Iron Wave"],"picked":"True Grit","floor":3.0},{"not_picked":["Pommel Strike","Iron Wave"],"picked":"Rage","floor":4.0},{"not_picked":["Cleave","Warcry"],"picked":"Headbutt","floor":5.0},{"not_picked":["Wild Strike","Clothesline"],"picked":"Limit Break","floor":6.0},{"not_picked":["True Grit","Clash"],"picked":"Heavy Blade","floor":8.0},{"not_picked":["Body Slam","Havoc","Wild Strike"],"picked":"Ghostly Armor","floor":10.0},{"not_picked":["Perfected Strike","Fiend Fire","Anger"],"picked":"Battle Trance","floor":13.0},{"not_picked":["Brutality","Impervious","Berserk"],"picked":"Offering","floor":16.0},{"not_picked":["Pommel Strike","Havoc","Shockwave","Intimidate"],"picked":"SKIP","floor":18.0},{"not_picked":["Searing Blow","Anger","Infernal Blade","Rupture"],"picked":"SKIP","floor":19.0},{"not_picked":["Iron Wave","Heavy Blade","Perfected Strike"],"picked":"Shrug It Off+1","floor":21},{"not_picked":["Iron Wave","Cleave","Reckless Charge"],"picked":"Heavy Blade","floor":22},{"not_picked":["Iron Wave+1","Cleave","Twin Strike+1","Armaments"],"picked":"SKIP","floor":23},{"not_picked":["Juggernaut","Havoc+1","Carnage"],"picked":"Inflame+1","floor":25},{"not_picked":["Intimidate+1","Perfected Strike","Clash","Infernal Blade"],"picked":"Singing Bowl","floor":27},{"not_picked":["Clash+1","Bloodletting","Metallicize"],"picked":"Sword Boomerang","floor":31},{"not_picked":["Limit Break","Fiend Fire","Barricade"],"picked":"Reaper","floor":33},{"not_picked":["Wild Strike","Armaments","Pummel","Anger"],"picked":"Singing Bowl","floor":35},{"not_picked":["Wild Strike","Flame Barrier+1","Armaments","Cleave"],"picked":"Singing Bowl","floor":37},{"not_picked":["Clothesline","Fire Breathing+1","Anger+1","Bludgeon"],"picked":"Singing Bowl","floor":38},{"not_picked":["Sword Boomerang","Wild Strike","Flex"],"picked":"Heavy Blade","floor":39},{"not_picked":["Feel No Pain","Thunderclap","Rage","Fire Breathing"],"picked":"Singing Bowl","floor":41},{"not_picked":["Body Slam","Heavy Blade","Sentinel","Rupture"],"picked":"Singing Bowl","floor":42},{"not_picked":["Cleave","Flex","Searing Blow+1","Iron Wave"],"picked":"Singing Bowl","floor":44},{"not_picked":["Sever Soul","Wild Strike+1","Entrench","Sword Boomerang"],"picked":"Singing Bowl","floor":47},{"not_picked":["Fire Breathing","Flex+1","Sentinel"],"picked":"True Grit+1","floor":48}],"player_experience":1066394,"relics_obtained":[{"floor":6.0,"key":"Eternal Feather"},{"floor":8.0,"key":"Question Card"},{"floor":9.0,"key":"White Beast Statue"},{"floor":26,"key":"Omamori"},{"floor":27,"key":"Singing Bowl"},{"floor":42,"key":"Kunai"},{"floor":43,"key":"Vajra"},{"floor":47,"key":"Mummified Hand"}],"event_choices":[{"damage_healed":0.0,"max_hp_gain":0.0,"max_hp_loss":0.0,"gold_gain":75.0,"event_name":"World of Goop","player_choice":"Gather Gold","floor":14.0,"gold_loss":0.0,"damage_taken":11.0},{"damage_healed":0,"gold_gain":0,"player_choice":"","damage_taken":7,"max_hp_gain":0,"max_hp_loss":0,"event_name":"Knowing Skull","floor":20,"potions_obtained":[],"gold_loss":0,"cards_obtained":[]},{"damage_healed":0,"gold_gain":0,"player_choice":"Bet on Owner","damage_taken":0,"max_hp_gain":0,"max_hp_loss":0,"event_name":"The Joust","floor":29,"gold_loss":50}],"is_beta":true,"boss_relics":[{"not_picked":["Astrolabe","Philosopher\u0027s Stone"],"picked":"Ectoplasm"},{"not_picked":["Fusion Hammer","Tiny House"],"picked":"Runic Pyramid"}],"items_purged_floors":[12],"is_endless":false,"potions_floor_spawned":[3,8,10,13,16,18,19,21,22,23,25,27,31,33,35,37,38,39,41,42,44,47,48],"ascension_level":20}