{"gold_per_floor":[359,132,146,71,122,122,154,173,173,173,193,193,206,45,45,119,119,129,129,84,84],"floor_reached":21,"playtime":1088,"items_purged":["Strike_G"],"score":358,"play_id":"ec2be53e-f001-4156-b3c3-635ddcd31263","local_time":"20190514174927","is_ascension_mode":true,"campfire_choices":[{"data":"Neutralize","floor":6,"key":"SMITH"},{"data":"Deadly Poison","floor":10,"key":"SMITH"},{"data":"Noxious Fumes","floor":15,"key":"SMITH"}],"neow_cost":"TEN_PERCENT_HP_LOSS","seed_source_timestamp":284314887707658,"circlet_count":0,"master_deck":["AscendersBane","Defend_G","Defend_G","Defend_G","Defend_G","Defend_G","Strike_G","Strike_G","Strike_G","Survivor","Neutralize+1","Well Laid Plans","Flash of Steel","Well Laid Plans","Dash","Deadly Poison+1","PiercingWail","Bouncing Flask","Noxious Fumes+1","Die Die Die","Escape Plan","Cloak And Dagger","Calculated Gamble","Dash","PiercingWail","Footwork"],"special_seed":0,"relics":["Ring of the Snake","Dream Catcher","Matryoshka","Orrery","NlothsMask"],"potions_floor_usage":[16,21],"damage_taken":[{"damage":0.0,"enemies":"2 Louse","floor":1.0,"turns":3.0},{"damage":4,"enemies":"Small Slimes","floor":3,"turns":6},{"damage":35,"enemies":"Gremlin Nob","floor":7,"turns":6},{"damage":1,"enemies":"Cultist","floor":8,"turns":4},{"damage":1,"enemies":"Looter","floor":11,"turns":3},{"damage":2,"enemies":"Exordium Wildlife","floor":13,"turns":7},{"damage":5,"enemies":"The Guardian","floor":16,"turns":9},{"damage":16,"enemies":"Chosen","floor":18,"turns":6},{"damage":23,"enemies":"2 Thieves","floor":20,"turns":5},{"damage":29,"enemies":"Colosseum Slavers","floor":21,"turns":5}],"seed_played":"3560258607835582053","potions_obtained":[{"floor":1.0,"key":"GhostInAJar"},{"floor":11,"key":"Weak Potion"}],"is_trial":false,"path_per_floor":["M","$","M","?","?","R","E","M","T","R","M","?","M","$","R","B",null,"M","?","M","?"],"character_chosen":"THE_SILENT","items_purchased":["Fire Potion","Flash of Steel","Well Laid Plans","Noxious Fumes"],"campfire_rested":0,"item_purchase_floors":[2,2,2,14],"current_hp_per_floor":[59,59,55,55,55,55,20,19,19,19,18,23,21,21,21,16,53,37,37,14,0],"gold":84,"neow_bonus":"TWO_FIFTY_GOLD","is_prod":false,"is_daily":false,"chose_seed":false,"campfire_upgraded":3,"win_rate":0,"timestamp":1557870567,"path_taken":["M","$","M","?","?","R","E","M","T","R","M","?","M","$","R","BOSS","M","?","?","?"],"build_version":"2019-01-23","purchased_purges":1,"victory":false,"max_hp_per_floor":[60,60,60,60,60,60,60,60,60,60,60,65,65,65,65,65,65,65,65,65,65],"card_choices":[{"not_picked":["All Out Attack","Quick Slash"],"picked":"Well Laid Plans","floor":1.0},{"not_picked":["Dagger Throw","Infinite Blades"],"picked":"Dash","floor":3},{"not_picked":["Choke","Bane"],"picked":"Deadly Poison","floor":7},{"not_picked":["Reflex","Underhanded Strike","Acrobatics"],"picked":"SKIP","floor":8},{"not_picked":["Tactician","Acrobatics"],"picked":"PiercingWail","floor":11},{"not_picked":["Flying Knee","Masterful Stab"],"picked":"Bouncing Flask","floor":13},{"not_picked":["Night Terror","Venomology"],"picked":"Die Die Die","floor":16},{"not_picked":["Outmaneuver","Heel Hook"],"picked":"Escape Plan","floor":17},{"not_picked":["Flying Knee","Distraction"],"picked":"Cloak And Dagger","floor":17},{"not_picked":["Tactician","PiercingWail"],"picked":"Calculated Gamble","floor":17},{"not_picked":["Dagger Throw","Bouncing Flask"],"picked":"Dash","floor":17},{"not_picked":["Quick Slash","All Out Attack"],"picked":"PiercingWail","floor":18},{"not_picked":["Terror","Heel Hook"],"picked":"Footwork","floor":20}],"player_experience":833564,"relics_obtained":[{"floor":7,"key":"Dream Catcher"},{"floor":9,"key":"Matryoshka"}],"event_choices":[{"cards_removed":["Strike_G"],"damage_healed":0,"gold_gain":0,"player_choice":"Card Removal","damage_taken":0,"max_hp_gain":0,"max_hp_loss":0,"event_name":"The Cleric","floor":4,"gold_loss":75},{"damage_healed":0,"gold_gain":51,"player_choice":"Gained Gold","damage_taken":0,"max_hp_gain":0,"max_hp_loss":0,"event_name":"Golden Wing","floor":5,"gold_loss":0},{"damage_healed":0,"gold_gain":0,"player_choice":"Donut","damage_taken":0,"max_hp_gain":5,"max_hp_loss":0,"event_name":"Big Fish","floor":12,"gold_loss":0},{"damage_healed":0,"gold_gain":0,"player_choice":"Trade","damage_taken":0,"relics_obtained":["NlothsMask"],"max_hp_gain":0,"max_hp_loss":0,"event_name":"FaceTrader","floor":19,"gold_loss":0},{"damage_healed":0,"gold_gain":0,"player_choice":"Fight","damage_taken":0,"max_hp_gain":0,"max_hp_loss":0,"event_name":"Colosseum","floor":21,"gold_loss":0}],"is_beta":false,"boss_relics":[{"not_picked":["WristBlade","Eternal Feather"],"picked":"Orrery"}],"items_purged_floors":[14],"is_endless":false,"potions_floor_spawned":[1,3,8,11],"killed_by":"Colosseum Slavers","ascension_level":20}