{"gold_per_floor":[116,136,152,172,172,172,206,226,226,226],"floor_reached":10,"playtime":432,"items_purged":[],"score":140,"play_id":"7add88ff-3d45-41ed-938c-85a8715ea467","local_time":"20190421121320","is_ascension_mode":true,"campfire_choices":[{"floor":6,"key":"REST"}],"neow_cost":"PERCENT_DAMAGE","seed_source_timestamp":323771287787883,"circlet_count":0,"master_deck":["AscendersBane","Strike_R","Strike_R","Strike_R","Strike_R","Strike_R","Defend_R","Defend_R","Defend_R","Defend_R","Bash","Bludgeon","Inflame","Iron Wave","Armaments","Flame Barrier"],"relics":["Burning Blood","Potion Belt","StoneCalendar","Bottled Flame"],"potions_floor_usage":[7,8],"damage_taken":[{"damage":10,"enemies":"Small Slimes","floor":1,"turns":4},{"damage":6,"enemies":"2 Louse","floor":2,"turns":3},{"damage":0,"enemies":"Cultist","floor":3,"turns":2},{"damage":16,"enemies":"Blue Slaver","floor":4,"turns":3},{"damage":37,"enemies":"Lagavulin","floor":7,"turns":6},{"damage":21,"enemies":"Large Slime","floor":8,"turns":7},{"damage":0,"enemies":"Gremlin Nob","floor":10,"turns":3}],"seed_played":"6958069056100028467","potions_obtained":[{"floor":1,"key":"Weak Potion"},{"floor":4,"key":"BloodPotion"}],"is_trial":false,"path_per_floor":["M","M","M","M","?","R","E","M","T","E"],"character_chosen":"IRONCLAD","items_purchased":[],"campfire_rested":1,"item_purchase_floors":[],"current_hp_per_floor":[46,46,52,42,24,46,15,7,7,7],"gold":226,"neow_bonus":"THREE_RARE_CARDS","is_prod":false,"is_daily":false,"chose_seed":false,"campfire_upgraded":0,"win_rate":0,"timestamp":1555863200,"path_taken":["M","M","M","M","?","R","E","M","T","E"],"build_version":"2019-01-23","purchased_purges":0,"victory":false,"max_hp_per_floor":[75,75,75,75,75,75,75,75,75,75],"card_choices":[{"not_picked":["Limit Break","Brutality"],"picked":"Bludgeon","floor":0},{"not_picked":["Sever Soul","Armaments","Heavy Blade"],"picked":"SKIP","floor":1},{"not_picked":["Flex","Anger"],"picked":"Inflame","floor":2},{"not_picked":["Cleave","Pommel Strike"],"picked":"Iron Wave","floor":3},{"not_picked":["Cleave","Perfected Strike"],"picked":"Armaments","floor":4},{"not_picked":["Dual Wield","Wild Strike","Havoc"],"picked":"SKIP","floor":7},{"not_picked":["Heavy Blade","Carnage"],"picked":"Flame Barrier","floor":8}],"player_experience":748394,"relics_obtained":[{"floor":7,"key":"StoneCalendar"},{"floor":9,"key":"Bottled Flame"}],"event_choices":[{"damage_healed":0,"gold_gain":0,"player_choice":"Success","damage_taken":18,"relics_obtained":["Potion Belt"],"max_hp_gain":0,"max_hp_loss":0,"event_name":"Scrap Ooze","floor":5,"gold_loss":0}],"is_beta":false,"boss_relics":[],"items_purged_floors":[],"is_endless":false,"potions_floor_spawned":[1,4],"killed_by":"Gremlin Nob","ascension_level":20}