{"gold_per_floor":[115,133,113,128,143,143,175,175,200,232,242,310,372,385,385,456,456,466,6,6,6,6,6,32,56,56,67,67,82,82,7,7,7],"floor_reached":33,"playtime":1392,"items_purged":["Strike_R"],"score":571,"play_id":"48ece685-0452-42cb-a7d6-aba0569ff49e","local_time":"20190925115823","is_ascension_mode":true,"campfire_choices":[{"data":"Rampage","floor":6.0,"key":"SMITH"},{"data":"Rampage","floor":8.0,"key":"SMITH"},{"floor":15.0,"key":"REST"},{"data":"Evolve","floor":23.0,"key":"SMITH"},{"floor":30,"key":"REST"},{"floor":32,"key":"REST"}],"neow_cost":"NONE","seed_source_timestamp":732446551385300,"circlet_count":0,"master_deck":["AscendersBane","Strike_R","Strike_R","Strike_R","Strike_R","Defend_R","Defend_R","Defend_R","Defend_R","Bash","Shrug It Off+1","Rampage+1","Headbutt","Rampage+1","Spot Weakness","Evolve+1","Armaments+1","Power Through","Fiend Fire","Feed","Injury","Disarm","Shrug It Off"],"special_seed":0,"relics":["Burning Blood","Strawberry","Happy Flower","Lantern","Question Card","Bag of Marbles","Cursed Key","Charon\u0027s Ashes","MutagenicStrength","Bottled Tornado","War Paint","Anchor"],"potions_floor_usage":[24,29,33],"damage_taken":[{"damage":2.0,"enemies":"Cultist","floor":1.0,"turns":4.0},{"damage":4.0,"enemies":"2 Louse","floor":2.0,"turns":5.0},{"damage":6.0,"enemies":"Jaw Worm","floor":4.0,"turns":6.0},{"damage":0.0,"enemies":"Looter","floor":5.0,"turns":4.0},{"damage":8.0,"enemies":"Gremlin Nob","floor":7.0,"turns":3.0},{"damage":32.0,"enemies":"Lagavulin","floor":10.0,"turns":6.0},{"damage":6.0,"enemies":"Blue Slaver","floor":11.0,"turns":4.0},{"damage":31.0,"enemies":"Gremlin Nob","floor":13.0,"turns":4.0},{"damage":12.0,"enemies":"Exordium Wildlife","floor":14.0,"turns":3.0},{"damage":40.0,"enemies":"Slime Boss","floor":16.0,"turns":11.0},{"damage":21.0,"enemies":"Shell Parasite","floor":18.0,"turns":5.0},{"damage":35,"enemies":"Book of Stabbing","floor":24,"turns":6},{"damage":10,"enemies":"Chosen","floor":27,"turns":4},{"damage":11,"enemies":"Centurion and Healer","floor":29,"turns":7},{"damage":83,"enemies":"Collector","floor":33,"turns":10}],"seed_played":"-4499001968830496984","potions_obtained":[{"floor":1.0,"key":"Strength Potion"},{"floor":2.0,"key":"SneckoOil"},{"floor":5.0,"key":"AttackPotion"},{"floor":11.0,"key":"SkillPotion"},{"floor":24,"key":"Swift Potion"},{"floor":29,"key":"Explosive Potion"}],"is_trial":false,"path_per_floor":["M","M","?","M","M","R","E","R","T","E","M","T","?","M","R","B",null,"M","$","?","?","?","R","E","T","T","M","$","M","R","?","R","B"],"character_chosen":"IRONCLAD","items_purchased":["Charon\u0027s Ashes","Block Potion"],"campfire_rested":3,"item_purchase_floors":[19,19],"current_hp_per_floor":[79,81,81,81,82,82,87,87,87,61,61,61,36,30,56,22,72,57,57,57,57,57,57,28,28,28,27,27,26,54,54,82,0],"gold":7,"neow_bonus":"TEN_PERCENT_HP_BONUS","is_prod":false,"is_daily":false,"chose_seed":false,"campfire_upgraded":3,"win_rate":0,"timestamp":1569437903,"path_taken":["M","?","?","M","?","R","E","R","T","E","M","?","?","M","R","BOSS","M","$","?","?","?","R","E","?","T","M","$","?","R","?","R","BOSS"],"build_version":"2019-09-24","purchased_purges":1,"victory":false,"max_hp_per_floor":[82,82,82,82,82,82,89,89,89,89,89,89,89,89,89,89,89,89,89,89,89,89,89,89,89,89,92,92,96,96,96,96,96],"card_choices":[{"not_picked":["Uppercut","Flex"],"picked":"Shrug It Off","floor":1.0},{"not_picked":["Combust","Intimidate"],"picked":"Rampage","floor":2.0},{"not_picked":["Warcry","Sword Boomerang"],"picked":"Headbutt","floor":4.0},{"not_picked":["Iron Wave","Sentinel"],"picked":"Rampage","floor":5.0},{"not_picked":["Flex","Reckless Charge","Clash"],"picked":"SKIP","floor":7.0},{"not_picked":["Heavy Blade","Clash"],"picked":"Spot Weakness","floor":10.0},{"not_picked":["Corruption","Clash"],"picked":"Evolve","floor":11.0},{"not_picked":["True Grit","Rupture","Anger"],"picked":"Armaments","floor":13.0},{"not_picked":["Pommel Strike","Juggernaut","Second Wind"],"picked":"Power Through","floor":14.0},{"not_picked":["Impervious","Feed","Reaper"],"picked":"Fiend Fire","floor":16.0},{"not_picked":["Havoc","Body Slam","Flex","Armaments"],"picked":"SKIP","floor":18.0},{"not_picked":["Clothesline","Perfected Strike","Flex+1"],"picked":"Feed","floor":24},{"not_picked":["Dual Wield","Anger","Iron Wave"],"picked":"Disarm","floor":27},{"not_picked":["Blood for Blood+1","Body Slam","Searing Blow"],"picked":"Shrug It Off","floor":29}],"player_experience":1027581,"relics_obtained":[{"floor":7.0,"key":"Strawberry"},{"floor":9.0,"key":"Happy Flower"},{"floor":10.0,"key":"Lantern"},{"floor":12.0,"key":"Question Card"},{"floor":13.0,"key":"Bag of Marbles"},{"floor":24,"key":"Bottled Tornado"},{"floor":25,"key":"War Paint"},{"floor":26,"key":"Anchor"}],"event_choices":[{"damage_healed":0.0,"max_hp_gain":0.0,"max_hp_loss":0.0,"gold_gain":0.0,"event_name":"The Woman in Blue","player_choice":"Bought 1 Potion","floor":3.0,"gold_loss":0.0,"damage_taken":0.0},{"damage_healed":0.0,"max_hp_gain":0.0,"max_hp_loss":0.0,"gold_gain":30.0,"event_name":"Dead Adventurer","player_choice":"Searched \u00272\u0027 times","floor":13.0,"gold_loss":0.0,"damage_taken":0.0},{"damage_healed":0.0,"max_hp_gain":0.0,"max_hp_loss":0.0,"gold_gain":0.0,"event_name":"Ghosts","player_choice":"Ignored","floor":20.0,"gold_loss":0.0,"damage_taken":0.0},{"damage_healed":0.0,"max_hp_gain":0.0,"max_hp_loss":0.0,"gold_gain":0.0,"event_name":"Drug Dealer","player_choice":"Inject Mutagens","floor":22.0,"gold_loss":0.0,"damage_taken":0.0,"relics_obtained":["MutagenicStrength"]},{"cards_removed":["Normality"],"damage_healed":0,"gold_gain":0,"player_choice":"Gave Gold","damage_taken":0,"max_hp_gain":0,"max_hp_loss":0,"event_name":"Beggar","floor":31,"gold_loss":75}],"is_beta":true,"boss_relics":[{"not_picked":["Philosopher\u0027s Stone","Empty Cage"],"picked":"Cursed Key"}],"items_purged_floors":[19],"is_endless":false,"potions_floor_spawned":[1,2,5,11,24,29],"killed_by":"Collector","ascension_level":20}