{"gold_per_floor":[110,123,48,60,73,73,105,105,105,105,123,158,208,219,219,219],"floor_reached":16,"playtime":642,"items_purged":["Strike_R"],"score":224,"play_id":"50d43aa5-f3f4-47b3-b6fd-96126ccf5406","local_time":"20190403185410","is_ascension_mode":true,"campfire_choices":[{"floor":6,"key":"REST"},{"floor":8,"key":"REST"},{"data":"True Grit","floor":15,"key":"SMITH"}],"neow_cost":"PERCENT_DAMAGE","seed_source_timestamp":509595173791022,"circlet_count":0,"master_deck":["AscendersBane","Strike_R","Strike_R","Strike_R","Strike_R","Defend_R","Defend_R","Defend_R","Defend_R","Bash","Double Tap","True Grit+1","Heavy Blade","Shrug It Off","Carnage","Anger","Armaments","True Grit"],"relics":["Burning Blood","Centennial Puzzle","Bag of Marbles","Blue Candle"],"potions_floor_usage":[7,12,16],"damage_taken":[{"damage":5,"enemies":"2 Louse","floor":1,"turns":4},{"damage":20,"enemies":"Small Slimes","floor":2,"turns":5},{"damage":4,"enemies":"Cultist","floor":4,"turns":4},{"damage":17,"enemies":"Blue Slaver","floor":5,"turns":6},{"damage":27,"enemies":"Lagavulin","floor":7,"turns":4},{"damage":0,"enemies":"3 Louse","floor":11,"turns":2},{"damage":8,"enemies":"Gremlin Nob","floor":12,"turns":3},{"damage":9,"enemies":"Red Slaver","floor":14,"turns":2},{"damage":50,"enemies":"The Guardian","floor":16,"turns":10}],"seed_played":"-7782434871124497752","potions_obtained":[{"floor":1,"key":"Swift Potion"},{"floor":5,"key":"FearPotion"},{"floor":12,"key":"Fire Potion"}],"is_trial":false,"path_per_floor":["M","M","$","M","M","R","E","R","T","?","M","E","?","M","R","B"],"character_chosen":"IRONCLAD","items_purchased":[],"campfire_rested":2,"item_purchase_floors":[],"current_hp_per_floor":[51,37,37,39,28,50,29,51,51,51,57,55,48,45,45,0],"gold":219,"neow_bonus":"THREE_RARE_CARDS","is_prod":false,"is_daily":false,"chose_seed":false,"campfire_upgraded":1,"win_rate":0,"timestamp":1554332050,"path_taken":["M","M","$","M","M","R","E","R","T","?","M","E","?","M","R","BOSS"],"build_version":"2019-01-23","purchased_purges":1,"victory":false,"max_hp_per_floor":[75,75,75,75,75,75,75,75,75,75,75,75,75,75,75,75],"card_choices":[{"not_picked":["Berserk","Exhume"],"picked":"Double Tap","floor":0},{"not_picked":["Dropkick","Clothesline"],"picked":"True Grit","floor":1},{"not_picked":["Corruption","Body Slam"],"picked":"Heavy Blade","floor":2},{"not_picked":["Iron Wave","Second Wind"],"picked":"Shrug It Off","floor":4},{"not_picked":["Body Slam","Blood for Blood"],"picked":"Carnage","floor":5},{"not_picked":["Fiend Fire","Sever Soul"],"picked":"Anger","floor":7},{"not_picked":["Anger","Clash"],"picked":"Armaments","floor":11},{"not_picked":["Dark Embrace","Pommel Strike"],"picked":"True Grit","floor":12},{"not_picked":["Warcry","Thunderclap","Flex"],"picked":"SKIP","floor":14}],"player_experience":644488,"relics_obtained":[{"floor":7,"key":"Centennial Puzzle"},{"floor":9,"key":"Bag of Marbles"},{"floor":12,"key":"Blue Candle"}],"event_choices":[{"damage_healed":0,"gold_gain":0,"player_choice":"Searched \u00271\u0027 times","damage_taken":0,"max_hp_gain":0,"max_hp_loss":0,"event_name":"Dead Adventurer","floor":10,"gold_loss":0},{"damage_healed":0,"gold_gain":50,"player_choice":"Touch","damage_taken":7,"max_hp_gain":0,"max_hp_loss":0,"event_name":"FaceTrader","floor":13,"gold_loss":0}],"is_beta":false,"boss_relics":[],"items_purged_floors":[3],"is_endless":false,"potions_floor_spawned":[1,5,12],"killed_by":"The Guardian","ascension_level":20}