{"gold_per_floor":[159,174,184,199,199,199,124,124,197,222,222,222,222,241,241,331,331,345,366,366,391,391,391,391],"floor_reached":24,"playtime":1109,"items_purged":["Strike_B"],"score":376,"play_id":"494317ee-3a3e-4f88-b528-f16f4eccbfa9","local_time":"20190505113303","is_ascension_mode":true,"campfire_choices":[{"data":"Zap","floor":6.0,"key":"SMITH"},{"data":"Capacitor","floor":11.0,"key":"SMITH"},{"data":"Dualcast","floor":13.0,"key":"SMITH"},{"data":"Sweeping Beam","floor":15.0,"key":"SMITH"},{"data":"Defragment","floor":23,"key":"SMITH"}],"neow_cost":"NONE","seed_source_timestamp":1165091036046981,"circlet_count":0,"master_deck":["AscendersBane","Defend_B","Defend_B","Defend_B+1","Defend_B","Zap+1","Dualcast+1","Sweeping Beam+1","Chill","Sunder","Cold Snap","Capacitor+1","Electrodynamics","Core Surge","Steam Power+1","Seek+1","Static Discharge","Defragment+1"],"special_seed":0,"relics":["Tiny House","Golden Idol","Question Card","Astrolabe","Nilry\u0027s Codex"],"potions_floor_usage":[24,24,24,24],"damage_taken":[{"damage":10.0,"enemies":"Small Slimes","floor":1.0,"turns":4.0},{"damage":0.0,"enemies":"Jaw Worm","floor":2.0,"turns":6.0},{"damage":0.0,"enemies":"Cultist","floor":3.0,"turns":4.0},{"damage":10.0,"enemies":"Looter","floor":4.0,"turns":4.0},{"damage":10.0,"enemies":"Lots of Slimes","floor":10.0,"turns":4.0},{"damage":0.0,"enemies":"Exordium Wildlife","floor":14.0,"turns":2.0},{"damage":29.0,"enemies":"Slime Boss","floor":16.0,"turns":8.0},{"damage":2.0,"enemies":"Spheric Guardian","floor":18.0,"turns":5.0},{"damage":1.0,"enemies":"Chosen","floor":19.0,"turns":6.0},{"damage":19,"enemies":"3 Cultists","floor":21,"turns":4},{"damage":54,"enemies":"Gremlin Leader","floor":24,"turns":7}],"seed_played":"-4968022807061485284","potions_obtained":[{"floor":0.0,"key":"Poison Potion"},{"floor":3.0,"key":"Regen Potion"},{"floor":12.0,"key":"EntropicBrew"}],"is_trial":false,"path_per_floor":["M","M","M","M","?","R","$","?","T","M","R","?","R","M","R","B",null,"M","M","?","M","?","R","E"],"character_chosen":"DEFECT","items_purchased":[],"campfire_rested":0,"item_purchase_floors":[],"current_hp_per_floor":[59,59,59,49,49,49,49,54,54,44,44,44,44,44,44,15,59,57,56,74,55,34,34,0],"gold":391,"neow_bonus":"BOSS_RELIC","is_prod":false,"is_daily":false,"chose_seed":false,"campfire_upgraded":5,"win_rate":0,"timestamp":1557070383,"path_taken":["M","M","M","M","?","R","$","?","T","M","R","?","R","?","R","BOSS","M","M","?","?","?","R","E"],"build_version":"2019-01-23","purchased_purges":1,"victory":false,"max_hp_per_floor":[76,76,76,76,69,69,69,74,74,74,74,74,74,74,74,74,74,74,74,74,74,74,74,74],"card_choices":[{"not_picked":["Rebound","Beam Cell"],"picked":"Sweeping Beam","floor":0.0},{"not_picked":["Redo","Leap"],"picked":"Chill","floor":1.0},{"not_picked":["Leap","Streamline","Hello World"],"picked":"SKIP","floor":2.0},{"not_picked":["Steam","Streamline"],"picked":"Sunder","floor":3.0},{"not_picked":["Beam Cell","Ball Lightning"],"picked":"Cold Snap","floor":4.0},{"not_picked":["Rebound","Cold Snap","Auto Shields"],"picked":"Capacitor","floor":10.0},{"not_picked":["Melter","Glacier","Coolheaded"],"picked":"Electrodynamics","floor":14.0},{"not_picked":["Machine Learning","Amplify","Rainbow"],"picked":"Core Surge","floor":16.0},{"not_picked":["Leap","Turbo","Chaos","Tempest"],"picked":"SKIP","floor":18.0},{"not_picked":["Tempest+1","Cold Snap","Stack"],"picked":"Static Discharge","floor":19.0},{"not_picked":["Gash","FTL","Coolheaded"],"picked":"Defragment","floor":21}],"player_experience":824445,"relics_obtained":[{"floor":9.0,"key":"Question Card"},{"floor":22,"key":"Nilry\u0027s Codex"}],"event_choices":[{"damage_healed":0.0,"max_hp_gain":0.0,"max_hp_loss":7.0,"gold_gain":0.0,"event_name":"Golden Idol","player_choice":"Lose Max HP","floor":5.0,"gold_loss":0.0,"damage_taken":0.0,"relics_obtained":["Golden Idol"]},{"damage_healed":0.0,"max_hp_gain":5.0,"max_hp_loss":0.0,"gold_gain":0.0,"event_name":"Big Fish","player_choice":"Donut","floor":8.0,"gold_loss":0.0,"damage_taken":0.0},{"damage_healed":0.0,"max_hp_gain":0.0,"max_hp_loss":0.0,"gold_gain":0.0,"event_name":"Lab","player_choice":"Got Potions","floor":12.0,"gold_loss":0.0,"damage_taken":0.0},{"cards_removed":["Hello World"],"damage_healed":18.0,"max_hp_gain":0.0,"max_hp_loss":0.0,"gold_gain":0.0,"event_name":"Bonfire Elementals","player_choice":"Offered Uncommon","floor":20.0,"gold_loss":0.0,"damage_taken":0.0},{"damage_healed":0,"gold_gain":0,"player_choice":"Obtained Book","damage_taken":21,"max_hp_gain":0,"max_hp_loss":0,"event_name":"Cursed Tome","floor":22,"gold_loss":0}],"is_beta":false,"boss_relics":[{"not_picked":["White Beast Statue","Pandora\u0027s Box"],"picked":"Astrolabe"}],"items_purged_floors":[7],"is_endless":false,"potions_floor_spawned":[3,10,14,19],"killed_by":"Gremlin Leader","ascension_level":20}