{"gold_per_floor":[111,111,111,124,136,169,169,169,169,184,184,184,184,198,198,297,297,309,323,323,347,447,447,479,479,503,503,53,68,68,96,96,194,194,210,210,210,42,42,377,377,377,400,412,450,462,474,500,512,524],"floor_reached":51,"playtime":3831,"items_purged":["Defend_R"],"score":760,"play_id":"48dbc21c-44b2-4d30-9980-7334ecddf9f1","local_time":"20190420010441","is_ascension_mode":false,"campfire_choices":[{"data":"Armaments","floor":7,"key":"SMITH"},{"data":"Entrench","floor":13,"key":"SMITH"},{"data":"Body Slam","floor":15,"key":"SMITH"},{"floor":23,"key":"REST"},{"floor":25,"key":"REST"},{"data":"Heavy Blade","floor":32,"key":"SMITH"},{"data":"Demon Form","floor":42,"key":"SMITH"},{"data":"Searing Blow","floor":44,"key":"SMITH"},{"data":"Searing Blow+1","floor":47,"key":"SMITH"},{"data":"Searing Blow+2","floor":49,"key":"SMITH"}],"neow_cost":"NONE","seed_source_timestamp":1321620599938221,"circlet_count":0,"master_deck":["Strike_R","Strike_R","Defend_R","Defend_R","Defend_R+1","Bash","Clothesline+1","Flame Barrier","Armaments+1","Cleave","Entrench+1","Body Slam+1","Flex","Demon Form+1","Twin Strike+1","Heavy Blade+1","Necronomicurse","Perfected Strike","Heavy Blade+1","Shrug It Off+1","Finesse+1","Perfected Strike","Double Tap+1","Searing Blow+3","Enlightenment+1","Trip+1","Iron Wave+1"],"relics":["Burning Blood","Mummified Hand","Ginger","Shuriken","Calipers","White Beast Statue","Necronomicon","Juzu Bracelet","Bird Faced Urn","Toxic Egg 2","Du-Vu Doll","Happy Flower","Meat on the Bone","Ornamental Fan","Black Star","Bottled Tornado","Mercury Hourglass","Old Coin","MawBank","Whetstone","Anchor"],"potions_floor_usage":[10,16,19,22,24,31,33,40,45,48,50,50,50],"damage_taken":[{"damage":0,"enemies":"Small Slimes","floor":1,"turns":6},{"damage":0,"enemies":"2 Louse","floor":4,"turns":2},{"damage":3,"enemies":"Jaw Worm","floor":5,"turns":4},{"damage":32,"enemies":"Gremlin Nob","floor":6,"turns":6},{"damage":7,"enemies":"Looter","floor":10,"turns":3},{"damage":0,"enemies":"Blue Slaver","floor":14,"turns":4},{"damage":43,"enemies":"The Guardian","floor":16,"turns":12},{"damage":3,"enemies":"Chosen","floor":18,"turns":7},{"damage":16,"enemies":"3 Byrds","floor":19,"turns":4},{"damage":34,"enemies":"Colosseum Slavers","floor":22,"turns":6},{"damage":34,"enemies":"Colosseum Nobs","floor":22,"turns":4},{"damage":26,"enemies":"Gremlin Leader","floor":24,"turns":4},{"damage":7,"enemies":"Centurion and Healer","floor":29,"turns":4},{"damage":22,"enemies":"Slavers","floor":31,"turns":6},{"damage":11,"enemies":"Champ","floor":33,"turns":6},{"damage":33,"enemies":"3 Shapes","floor":35,"turns":5},{"damage":30,"enemies":"Giant Head","floor":40,"turns":7},{"damage":34,"enemies":"Nemesis","floor":45,"turns":5},{"damage":15,"enemies":"3 Darklings","floor":48,"turns":4},{"damage":51,"enemies":"Time Eater","floor":50,"turns":5}],"seed_played":"195873838171127004","potions_obtained":[{"floor":6,"key":"BloodPotion"},{"floor":14,"key":"BloodPotion"},{"floor":18,"key":"LiquidBronze"},{"floor":19,"key":"Fruit Juice"},{"floor":22,"key":"LiquidBronze"},{"floor":24,"key":"Swift Potion"},{"floor":29,"key":"Swift Potion"},{"floor":31,"key":"Ancient Potion"},{"floor":33,"key":"Fire Potion"},{"floor":35,"key":"Weak Potion"},{"floor":40,"key":"Strength Potion"},{"floor":45,"key":"Fruit Juice"},{"floor":48,"key":"Regen Potion"}],"is_trial":false,"path_per_floor":["M","?","?","M","M","E","R","?","T","M","?","T","R","M","R","B",null,"M","M","?","T","?","R","E","R","T","?","$","M","$","E","R","B",null,"M","T","?","$","?","E","?","R","T","R","E","?","R","M","R","B",null],"character_chosen":"IRONCLAD","items_purchased":["Heavy Blade","Meat on the Bone","Shrug It Off+1","Finesse+1","Enlightenment+1"],"campfire_rested":2,"item_purchase_floors":[28,28,28,28,38],"current_hp_per_floor":[88,70,67,73,76,50,50,50,50,57,57,57,57,63,63,34,88,88,78,62,62,11,38,20,47,47,47,47,60,60,56,56,53,93,68,68,68,68,68,58,58,58,58,58,44,44,44,54,54,37],"gold":536,"neow_bonus":"TEN_PERCENT_HP_BONUS","is_prod":false,"is_daily":false,"chose_seed":false,"campfire_upgraded":8,"win_rate":0.0,"timestamp":1555740281,"path_taken":["M","?","?","M","M","E","R","?","T","?","?","?","R","?","R","BOSS","M","M","?","?","?","R","E","R","T","?","$","M","$","E","R","BOSS","M","?","?","$","?","E","?","R","T","R","E","?","R","M","R","BOSS"],"build_version":"2019-01-23","purchased_purges":1,"victory":true,"max_hp_per_floor":[88,88,88,88,88,88,88,88,88,88,88,88,88,88,88,88,88,88,88,88,88,93,93,93,93,93,93,93,93,93,93,93,93,93,93,93,93,93,93,93,88,88,88,88,88,88,88,93,93,93],"card_choices":[{"not_picked":["Heavy Blade","Thunderclap"],"picked":"Clothesline","floor":1},{"not_picked":["Warcry","Bloodletting"],"picked":"Flame Barrier","floor":4},{"not_picked":["Heavy Blade","Thunderclap"],"picked":"Armaments","floor":5},{"not_picked":["Hemokinesis","Wild Strike"],"picked":"Cleave","floor":6},{"not_picked":["Flex","Warcry"],"picked":"Body Slam","floor":10},{"not_picked":["Twin Strike","Shockwave"],"picked":"Flex","floor":14},{"not_picked":["Barricade","Fiend Fire"],"picked":"Demon Form","floor":16},{"not_picked":["Feel No Pain","Warcry"],"picked":"Twin Strike","floor":18},{"not_picked":["Second Wind","Perfected Strike"],"picked":"Heavy Blade+1","floor":19},{"not_picked":["Reckless Charge","Inflame"],"picked":"Perfected Strike","floor":22},{"not_picked":["True Grit+1","Anger","Rampage"],"picked":"SKIP","floor":24},{"not_picked":["Pommel Strike","Battle Trance+1"],"picked":"Perfected Strike","floor":29},{"not_picked":["Evolve","Inflame+1","Warcry+1"],"picked":"SKIP","floor":31},{"not_picked":["Reaper","Bludgeon"],"picked":"Double Tap+1","floor":33},{"not_picked":["Body Slam","Second Wind+1"],"picked":"Searing Blow","floor":35},{"not_picked":["Swift Strike","Forethought+1"],"picked":"Trip+1","floor":39},{"not_picked":["Wild Strike+1","Dark Embrace"],"picked":"Iron Wave+1","floor":40},{"not_picked":["Combust+1","Whirlwind+1","Evolve+1"],"picked":"SKIP","floor":45},{"not_picked":["Clash","Flex+1","Rampage"],"picked":"SKIP","floor":48}],"player_experience":33502,"relics_obtained":[{"floor":6,"key":"Ginger"},{"floor":9,"key":"Shuriken"},{"floor":12,"key":"Calipers"},{"floor":20,"key":"Necronomicon"},{"floor":21,"key":"Juzu Bracelet"},{"floor":22,"key":"Bird Faced Urn"},{"floor":22,"key":"Toxic Egg 2"},{"floor":24,"key":"Du-Vu Doll"},{"floor":26,"key":"Happy Flower"},{"floor":31,"key":"Ornamental Fan"},{"floor":36,"key":"Bottled Tornado"},{"floor":40,"key":"Mercury Hourglass"},{"floor":40,"key":"Old Coin"},{"floor":43,"key":"MawBank"},{"floor":45,"key":"Whetstone"},{"floor":45,"key":"Anchor"}],"event_choices":[{"damage_healed":0,"gold_gain":0,"player_choice":"Entered Light","damage_taken":18,"max_hp_gain":0,"max_hp_loss":0,"event_name":"Shining Light","floor":2,"gold_loss":0,"cards_upgraded":["Defend_R","Strike_R"]},{"damage_healed":0,"gold_gain":0,"player_choice":"Success","damage_taken":3,"relics_obtained":["Mummified Hand"],"max_hp_gain":0,"max_hp_loss":0,"event_name":"Scrap Ooze","floor":3,"gold_loss":0},{"damage_healed":0,"gold_gain":0,"cards_transformed":["Strike_R"],"player_choice":"Change","damage_taken":0,"max_hp_gain":0,"max_hp_loss":0,"event_name":"Living Wall","floor":8,"gold_loss":0,"cards_obtained":["Entrench"]},{"damage_healed":0,"gold_gain":0,"player_choice":"Ignored","damage_taken":0,"max_hp_gain":0,"max_hp_loss":0,"event_name":"Golden Idol","floor":11,"gold_loss":0},{"damage_healed":0,"gold_gain":0,"player_choice":"Obtained Book","damage_taken":16,"max_hp_gain":0,"max_hp_loss":0,"event_name":"Cursed Tome","floor":20,"gold_loss":0},{"damage_healed":0,"gold_gain":0,"player_choice":"Fight","damage_taken":0,"max_hp_gain":0,"max_hp_loss":0,"event_name":"Colosseum","floor":22,"gold_loss":0},{"damage_healed":0,"gold_gain":0,"player_choice":"Fought Nobs","damage_taken":0,"max_hp_gain":0,"max_hp_loss":0,"event_name":"Colosseum","floor":22,"gold_loss":0},{"cards_removed":["Strike_R"],"damage_healed":0,"gold_gain":0,"player_choice":"Offered Basic","damage_taken":0,"max_hp_gain":0,"max_hp_loss":0,"event_name":"Bonfire Elementals","floor":27,"gold_loss":0},{"damage_healed":0,"gold_gain":0,"player_choice":"Ignored","damage_taken":0,"max_hp_gain":0,"max_hp_loss":0,"event_name":"Tomb of Lord Red Mask","floor":37,"gold_loss":0},{"damage_healed":0,"gold_gain":0,"player_choice":"Memory 1","damage_taken":0,"max_hp_gain":0,"max_hp_loss":0,"event_name":"SensoryStone","floor":39,"gold_loss":0},{"damage_healed":0,"gold_gain":0,"player_choice":"Max HP","damage_taken":0,"max_hp_gain":0,"max_hp_loss":5,"event_name":"Winding Halls","floor":41,"gold_loss":0},{"cards_removed":["Strike_R"],"damage_healed":0,"gold_gain":0,"player_choice":"Removed Attack","damage_taken":0,"max_hp_gain":0,"max_hp_loss":0,"event_name":"Falling","floor":46,"gold_loss":0}],"is_beta":false,"boss_relics":[{"not_picked":["Fusion Hammer","Runic Dome"],"picked":"White Beast Statue"},{"not_picked":["Cursed Key","Lizard Tail"],"picked":"Black Star"}],"items_purged_floors":[38],"is_endless":false,"potions_floor_spawned":[6,14,18,19,22,22,24,29,31,33,35,40,45,48],"ascension_level":0}