{"gold_per_floor":[119,119,134,148,223,249,249,279,279,292,304,323,323,392,392,491,491,507,519,537,29,48,48,80,80,131,131,131,147,172,172,172,273,273,283,300,40,53,63,63,63,63,87,102,114,139,158,158],"floor_reached":48,"playtime":4749,"items_purged":[],"score":521,"play_id":"25897dd3-8237-4de9-9d05-72509628fc54","local_time":"20190916154953","is_ascension_mode":false,"campfire_choices":[{"floor":7,"key":"REST"},{"floor":13,"key":"REST"},{"data":"Anger","floor":15,"key":"SMITH"},{"floor":23,"key":"REST"},{"floor":25,"key":"REST"},{"data":"Double Tap","floor":28,"key":"SMITH"},{"floor":32,"key":"REST"},{"data":"RitualDagger","floor":40,"key":"SMITH"},{"data":"Infernal Blade","floor":42,"key":"SMITH"}],"neow_cost":"","seed_source_timestamp":344965200382800,"circlet_count":0,"master_deck":["Strike_R","Strike_R","Strike_R","Strike_R","Strike_R","Defend_R","Defend_R","Defend_R","Defend_R","Bash","Flex","Bash","Brutality","Shrug It Off","Anger+1","Clash","Infernal Blade+1","Bloodletting","Headbutt","Flex","Double Tap+1","Rage+1","Disarm","Clash+1","Anger","Flex","RitualDagger+1","Demon Form","Shrug It Off+1","Warcry+1","Parasite","Battle Trance","Inflame+1","Seeing Red+1","Ghostly Armor","Inflame"],"relics":["Black Blood","Sundial","Regal Pillow","Mummified Hand","Gremlin Horn","Letter Opener","Bottled Lightning","Vajra","Meat on the Bone","Bag of Preparation","Eternal Feather","Mercury Hourglass","GremlinMask","Oddly Smooth Stone","PreservedInsect"],"potions_floor_usage":[6,8,16,20,33,36,39,45,48,48],"damage_taken":[{"damage":8,"enemies":"Small Slimes","floor":1,"turns":4},{"damage":3,"enemies":"Cultist","floor":3,"turns":3},{"damage":0,"enemies":"2 Louse","floor":4,"turns":2},{"damage":37,"enemies":"Lagavulin","floor":6,"turns":8},{"damage":23,"enemies":"3 Sentries","floor":8,"turns":7},{"damage":9,"enemies":"Blue Slaver","floor":10,"turns":3},{"damage":6,"enemies":"Exordium Wildlife","floor":11,"turns":3},{"damage":3,"enemies":"Lots of Slimes","floor":12,"turns":3},{"damage":59,"enemies":"The Guardian","floor":16,"turns":8},{"damage":10,"enemies":"Chosen","floor":18,"turns":4},{"damage":17,"enemies":"3 Byrds","floor":19,"turns":5},{"damage":14,"enemies":"Snake Plant","floor":20,"turns":4},{"damage":30,"enemies":"Sentry and Sphere","floor":22,"turns":4},{"damage":65,"enemies":"Book of Stabbing","floor":24,"turns":6},{"damage":31,"enemies":"Snecko","floor":29,"turns":6},{"damage":54,"enemies":"Champ","floor":33,"turns":10},{"damage":16,"enemies":"3 Shapes","floor":35,"turns":4},{"damage":0,"enemies":"Orb Walker","floor":36,"turns":1},{"damage":45,"enemies":"Writhing Mass","floor":38,"turns":4},{"damage":35,"enemies":"Spire Growth","floor":39,"turns":4},{"damage":18,"enemies":"Transient","floor":44,"turns":5},{"damage":4,"enemies":"4 Shapes","floor":45,"turns":3},{"damage":45,"enemies":"Giant Head","floor":46,"turns":7},{"damage":26,"enemies":"Spire Growth","floor":47,"turns":3},{"damage":71,"enemies":"2 Orb Walkers","floor":48,"turns":4}],"seed_played":"-65189938884605135","potions_obtained":[{"floor":1,"key":"PowerPotion"},{"floor":3,"key":"BloodPotion"},{"floor":4,"key":"Explosive Potion"},{"floor":12,"key":"Dexterity Potion"},{"floor":16,"key":"Weak Potion"},{"floor":22,"key":"Ancient Potion"},{"floor":24,"key":"Explosive Potion"},{"floor":33,"key":"Regen Potion"},{"floor":35,"key":"Fire Potion"},{"floor":38,"key":"Swift Potion"},{"floor":46,"key":"SpeedPotion"}],"is_trial":false,"path_per_floor":["M","?","M","M","?","E","R","E","T","M","M","M","R","?","R","B",null,"M","M","M","$","M","R","E","R","T","?","R","M","T","?","R","B",null,"M","M","$","M","M","R","?","R","T","M","M","E","M","?"],"character_chosen":"IRONCLAD","items_purchased":["Gremlin Horn","Letter Opener","Mercury Hourglass"],"campfire_rested":5,"item_purchase_floors":[21,21,37],"current_hp_per_floor":[78,78,80,80,69,38,62,45,45,42,42,45,80,80,80,27,80,80,73,69,69,49,80,25,64,64,64,64,55,55,49,80,48,80,74,80,80,57,44,62,62,80,80,72,78,55,51,0],"gold":158,"neow_bonus":"","is_prod":false,"is_daily":false,"chose_seed":false,"campfire_upgraded":4,"win_rate":0.0,"timestamp":1568663393,"path_taken":["M","?","M","?","?","E","R","E","T","M","M","M","R","?","R","BOSS","M","M","M","$","M","R","E","R","T","?","R","M","?","?","R","BOSS","M","M","$","M","M","R","?","R","T","?","M","E","M","?"],"build_version":"2019-07-17","purchased_purges":0,"victory":false,"max_hp_per_floor":[80,80,80,80,80,80,80,80,80,80,80,80,80,80,80,80,80,80,80,80,80,80,80,80,80,80,80,80,80,80,80,80,80,80,80,80,80,80,80,80,80,80,80,80,80,80,80,80],"card_choices":[{"not_picked":["Perfected Strike","Sword Boomerang"],"picked":"Flex","floor":1},{"not_picked":["Headbutt","Armaments"],"picked":"Shrug It Off","floor":3},{"not_picked":["Sword Boomerang","Searing Blow"],"picked":"Anger","floor":4},{"not_picked":["Headbutt","Iron Wave"],"picked":"Clash","floor":6},{"not_picked":["Twin Strike","Pummel"],"picked":"Infernal Blade","floor":8},{"not_picked":["Flex","Impervious"],"picked":"Bloodletting","floor":10},{"not_picked":["Body Slam","Perfected Strike"],"picked":"Headbutt","floor":11},{"not_picked":["Sword Boomerang","Headbutt"],"picked":"Flex","floor":12},{"not_picked":["Berserk","Fiend Fire"],"picked":"Double Tap","floor":16},{"not_picked":["Armaments","Cleave+1"],"picked":"Rage+1","floor":18},{"not_picked":["Corruption+1","Whirlwind"],"picked":"Disarm","floor":19},{"not_picked":["Power Through","Anger"],"picked":"Clash+1","floor":20},{"not_picked":["Reckless Charge","Perfected Strike","Searing Blow"],"picked":"SKIP","floor":22},{"not_picked":["Sever Soul","Carnage+1"],"picked":"Anger","floor":24},{"not_picked":["Dark Embrace","Clothesline+1"],"picked":"Flex","floor":29},{"not_picked":["Bludgeon","Offering"],"picked":"Demon Form","floor":33},{"not_picked":["Searing Blow","Power Through"],"picked":"Shrug It Off+1","floor":35},{"not_picked":["Perfected Strike+1","Disarm+1"],"picked":"Warcry+1","floor":36},{"not_picked":["Perfected Strike+1","Infernal Blade"],"picked":"Battle Trance","floor":38},{"not_picked":["Headbutt","Sword Boomerang"],"picked":"Inflame+1","floor":39},{"not_picked":["Sword Boomerang","Rage"],"picked":"Seeing Red+1","floor":44},{"not_picked":["Perfected Strike","Sever Soul+1","Twin Strike+1"],"picked":"SKIP","floor":45},{"not_picked":["Twin Strike+1","Carnage+1"],"picked":"Ghostly Armor","floor":46},{"not_picked":["Cleave","Impervious"],"picked":"Inflame","floor":47}],"player_experience":0,"relics_obtained":[{"floor":6,"key":"Sundial"},{"floor":8,"key":"Regal Pillow"},{"floor":9,"key":"Mummified Hand"},{"floor":24,"key":"Bottled Lightning"},{"floor":26,"key":"Vajra"},{"floor":30,"key":"Bag of Preparation"},{"floor":43,"key":"Oddly Smooth Stone"},{"floor":46,"key":"PreservedInsect"}],"event_choices":[{"damage_healed":0,"gold_gain":0,"player_choice":"2 cards matched","damage_taken":0,"max_hp_gain":0,"max_hp_loss":0,"event_name":"Match and Keep!","floor":2,"gold_loss":0,"cards_obtained":["Bash","Brutality"]},{"damage_healed":0,"gold_gain":75,"player_choice":"Gather Gold","damage_taken":11,"max_hp_gain":0,"max_hp_loss":0,"event_name":"World of Goop","floor":5,"gold_loss":0},{"damage_healed":0,"gold_gain":69,"player_choice":"Gained Gold","damage_taken":0,"max_hp_gain":0,"max_hp_loss":0,"event_name":"Golden Wing","floor":14,"gold_loss":0},{"damage_healed":0,"gold_gain":0,"player_choice":"Opened","damage_taken":0,"relics_obtained":["Meat on the Bone"],"max_hp_gain":0,"max_hp_loss":0,"event_name":"The Mausoleum","floor":27,"gold_loss":0},{"damage_healed":0,"gold_gain":0,"player_choice":"Joined the Cult","damage_taken":6,"max_hp_gain":0,"max_hp_loss":0,"event_name":"Nest","floor":31,"gold_loss":0,"cards_obtained":["RitualDagger"]},{"damage_healed":0,"gold_gain":0,"player_choice":"Trade","damage_taken":0,"relics_obtained":["GremlinMask"],"max_hp_gain":0,"max_hp_loss":0,"event_name":"FaceTrader","floor":41,"gold_loss":0},{"damage_healed":0,"gold_gain":0,"player_choice":"Fight","damage_taken":0,"max_hp_gain":0,"max_hp_loss":0,"event_name":"Mysterious Sphere","floor":48,"gold_loss":0}],"is_beta":false,"boss_relics":[{"not_picked":["Mark of Pain","White Beast Statue"],"picked":"Black Blood"},{"not_picked":["Cursed Key","Philosopher\u0027s Stone"],"picked":"Eternal Feather"}],"items_purged_floors":[],"is_endless":false,"potions_floor_spawned":[1,3,4,12,16,22,24,33,35,38,46],"killed_by":"2 Orb Walkers","ascension_level":0}