{"gold_per_floor":[119,145,162,81,99,133,145,145,145,145,180,204,204,223,223,324,324,339,373,373,373],"floor_reached":21,"playtime":4529,"items_purged":[],"score":299,"play_id":"ffb7aa01-5a97-4dc6-83cb-8ec9823c3ef3","local_time":"20181219223221","is_ascension_mode":true,"campfire_choices":[{"floor":8.0,"key":"REST"},{"floor":10.0,"key":"REST"},{"floor":15,"key":"REST"}],"neow_cost":"NONE","seed_source_timestamp":0,"circlet_count":0,"master_deck":["AscendersBane","Strike_B","Strike_B","Defend_B","Defend_B","Defend_B","Defend_B","Zap","Dualcast","Chaos","Reinforced Body","Capacitor","FTL","Sweeping Beam","Conserve Battery","Sunder+1","Glacier","Core Surge"],"special_seed":0,"relics":["Cracked Core","Bronze Scales","Pen Nib","Happy Flower","Smiling Mask","Odd Mushroom","Snecko Eye","Red Mask"],"potions_floor_usage":[],"damage_taken":[{"damage":0.0,"enemies":"Cultist","floor":1.0,"turns":3.0},{"damage":5.0,"enemies":"Small Slimes","floor":3.0,"turns":3.0},{"damage":11.0,"enemies":"2 Louse","floor":5.0,"turns":2.0},{"damage":27.0,"enemies":"Lagavulin","floor":6.0,"turns":9.0},{"damage":2.0,"enemies":"2 Fungi Beasts","floor":7.0,"turns":3.0},{"damage":17.0,"enemies":"Gremlin Nob","floor":11.0,"turns":5.0},{"damage":5,"enemies":"The Mushroom Lair","floor":12,"turns":4},{"damage":3,"enemies":"Blue Slaver","floor":14,"turns":3},{"damage":37,"enemies":"Hexaghost","floor":16,"turns":10},{"damage":22,"enemies":"2 Thieves","floor":18,"turns":4},{"damage":9,"enemies":"Masked Bandits","floor":19,"turns":4},{"damage":1,"enemies":"Colosseum Slavers","floor":21,"turns":3},{"damage":44,"enemies":"Colosseum Nobs","floor":21,"turns":4}],"seed_played":"-1093942714832593101","potions_obtained":[{"floor":3.0,"key":"Dexterity Potion"},{"floor":12,"key":"SteroidPotion"}],"is_trial":false,"path_per_floor":["M","T","M","$","M","E","M","R","T","R","E","E","?","?","M","R","B",null,"M","?","?","?"],"character_chosen":"DEFECT","items_purchased":["Capacitor"],"campfire_rested":3,"item_purchase_floors":[4],"current_hp_per_floor":[68,68,63,63,52,25,23,45,45,67,50,45,45,42,64,27,63,41,32,32,0],"gold":373,"neow_bonus":"REMOVE_CARD","is_prod":false,"is_daily":false,"chose_seed":false,"campfire_upgraded":0,"win_rate":0,"timestamp":1545280341,"path_taken":["M","?","M","$","M","E","M","R","T","R","E","?","?","M","R","BOSS","M","?","?","?"],"build_version":"2018-12-13","purchased_purges":0,"victory":false,"max_hp_per_floor":[75,75,75,75,75,75,75,75,75,75,75,75,75,75,75,75,75,75,75,75,75],"card_choices":[{"not_picked":["Gash","Stack"],"picked":"Chaos","floor":1.0},{"not_picked":["Redo","Beam Cell"],"picked":"Reinforced Body","floor":3.0},{"not_picked":["Storm","Hologram","Scrape"],"picked":"SKIP","floor":5.0},{"not_picked":["Storm","Hologram","Scrape"],"picked":"SKIP","floor":5.0},{"not_picked":["Stack","Beam Cell"],"picked":"FTL","floor":6.0},{"not_picked":["Beam Cell","Leap"],"picked":"Sweeping Beam","floor":7.0},{"not_picked":["Skim","Steam"],"picked":"Conserve Battery","floor":11},{"not_picked":["Rip and Tear","Rebound"],"picked":"Sunder","floor":12},{"not_picked":["Compile Driver","Streamline"],"picked":"Glacier","floor":14},{"not_picked":["Machine Learning","Thunder Strike"],"picked":"Core Surge","floor":16},{"not_picked":["Leap","Double Energy","Hologram"],"picked":"SKIP","floor":18}],"player_experience":878996,"relics_obtained":[{"floor":2.0,"key":"Bronze Scales"},{"floor":6.0,"key":"Pen Nib"},{"floor":9.0,"key":"Happy Flower"},{"floor":11,"key":"Smiling Mask"},{"floor":12,"key":"Odd Mushroom"},{"floor":19,"key":"Red Mask"}],"event_choices":[{"damage_healed":0,"gold_gain":0,"player_choice":"Fought Mushrooms","damage_taken":0,"max_hp_gain":0,"max_hp_loss":0,"event_name":"Mushrooms","floor":12,"gold_loss":0},{"damage_healed":0,"gold_gain":0,"player_choice":"Grow","damage_taken":0,"max_hp_gain":0,"max_hp_loss":0,"event_name":"Living Wall","floor":13,"gold_loss":0,"cards_upgraded":["Sunder"]},{"damage_healed":0,"gold_gain":0,"player_choice":"Fought Bandits","damage_taken":0,"max_hp_gain":0,"max_hp_loss":0,"event_name":"Masked Bandits","floor":19,"gold_loss":0},{"cards_removed":["Strike_B"],"damage_healed":0,"gold_gain":0,"player_choice":"Elegance","damage_taken":0,"max_hp_gain":0,"max_hp_loss":0,"event_name":"Back to Basics","floor":20,"gold_loss":0},{"damage_healed":0,"gold_gain":0,"player_choice":"Fight","damage_taken":0,"max_hp_gain":0,"max_hp_loss":0,"event_name":"Colosseum","floor":21,"gold_loss":0},{"damage_healed":0,"gold_gain":0,"player_choice":"Fought Nobs","damage_taken":0,"max_hp_gain":0,"max_hp_loss":0,"event_name":"Colosseum","floor":21,"gold_loss":0}],"is_beta":false,"boss_relics":[{"not_picked":["Eternal Feather","Runic Pyramid"],"picked":"Snecko Eye"}],"items_purged_floors":[],"is_endless":false,"potions_floor_spawned":[3,12,21],"killed_by":"Colosseum Nobs","ascension_level":12}