{"gold_per_floor":[111,125,55,55,68,96,96,108,120,150,162,209,221,264,276,384,396,425,66,166,184,194,194,213,213,281,281,292,292,324,336,336,336],"floor_reached":33,"playtime":1858,"items_purged":[],"score":385,"play_id":"1276267c-b53f-45e6-af2c-959fcef35d82","local_time":"20190928094258","is_ascension_mode":true,"campfire_choices":[{"floor":11,"key":"REST"},{"floor":13,"key":"REST"},{"floor":15,"key":"REST"},{"floor":23,"key":"REST"},{"floor":25,"key":"REST"},{"floor":27,"key":"DIG"},{"floor":32,"key":"REST"}],"neow_cost":"CURSE","seed_source_timestamp":1362655249718400,"circlet_count":0,"master_deck":["Defend_G","Defend_G","Defend_G","Defend_G","Defend_G","Survivor","Neutralize","Flash of Steel","Swift Strike","Parasite","Slice","Finisher","Deflect","Slice","Dagger Spray","Outmaneuver","Blur","Sucker Punch+1","Flying Knee+1","Leg Sweep","Unload+1","Wraith Form v2+1","Grand Finale+1","After Image+1","Blur","Endless Agony+1","Well Laid Plans","Slice+1","Dash+1"],"relics":["Ring of the Snake","Gremlin Horn","MawBank","Molten Egg 2","Mercury Hourglass","Shovel","Astrolabe","Unceasing Top","Singing Bowl","Ornamental Fan","Vajra"],"potions_floor_usage":[18,21,29,30,30,33,33,33],"damage_taken":[{"damage":0,"enemies":"2 Louse","floor":1,"turns":2},{"damage":0,"enemies":"Jaw Worm","floor":2,"turns":4},{"damage":0,"enemies":"Cultist","floor":5,"turns":3},{"damage":21,"enemies":"Gremlin Nob","floor":6,"turns":4},{"damage":18,"enemies":"Large Slime","floor":10,"turns":7},{"damage":12,"enemies":"3 Sentries","floor":12,"turns":7},{"damage":23,"enemies":"Gremlin Nob","floor":14,"turns":4},{"damage":37,"enemies":"The Guardian","floor":16,"turns":15},{"damage":16,"enemies":"Spheric Guardian","floor":18,"turns":5},{"damage":14,"enemies":"2 Thieves","floor":21,"turns":4},{"damage":14,"enemies":"Snake Plant","floor":22,"turns":6},{"damage":11,"enemies":"Sentry and Sphere","floor":24,"turns":6},{"damage":10,"enemies":"3 Cultists","floor":28,"turns":7},{"damage":2,"enemies":"Book of Stabbing","floor":30,"turns":3},{"damage":21,"enemies":"Snake Plant","floor":31,"turns":4},{"damage":75,"enemies":"Collector","floor":33,"turns":14}],"seed_played":"-2844778489974120096","potions_obtained":[{"floor":2,"key":"FearPotion"},{"floor":6,"key":"Poison Potion"},{"floor":18,"key":"AttackPotion"},{"floor":29,"key":"Fruit Juice"},{"floor":29,"key":"SneckoOil"},{"floor":29,"key":"SteroidPotion"},{"floor":30,"key":"SneckoOil"},{"floor":31,"key":"GhostInAJar"}],"is_trial":false,"path_per_floor":["M","M","$","?","M","E","?","?","T","M","R","E","R","E","R","B",null,"M","$","?","M","M","R","M","R","T","R","M","?","E","M","R","B"],"character_chosen":"THE_SILENT","items_purchased":["Deflect","Slice","Endless Agony+1","Unceasing Top"],"campfire_rested":6,"item_purchase_floors":[3,3,19,19],"current_hp_per_floor":[63,63,63,63,63,42,39,39,39,21,42,30,51,28,49,12,56,40,40,40,26,12,33,22,43,43,43,35,40,40,21,45,0],"gold":336,"neow_bonus":"RANDOM_COLORLESS_2","is_prod":false,"is_daily":false,"chose_seed":false,"campfire_upgraded":0,"win_rate":0,"timestamp":1569678178,"path_taken":["M","M","$","?","M","E","?","?","T","?","R","E","R","E","R","BOSS","M","$","?","M","M","R","M","R","T","R","?","?","E","M","R","BOSS"],"build_version":"2019-07-17","purchased_purges":0,"victory":false,"max_hp_per_floor":[70,70,70,70,70,70,70,70,70,70,70,70,70,70,70,70,70,70,70,70,70,70,70,70,70,70,70,72,77,79,81,81,81],"card_choices":[{"not_picked":["Backflip","Sucker Punch"],"picked":"Slice","floor":1},{"not_picked":["Blur","Footwork"],"picked":"Finisher","floor":2},{"not_picked":["Calculated Gamble","Outmaneuver"],"picked":"Dagger Spray","floor":5},{"not_picked":["Dagger Throw","Acrobatics"],"picked":"Outmaneuver","floor":6},{"not_picked":["Deflect","Backflip"],"picked":"Sucker Punch+1","floor":10},{"not_picked":["Calculated Gamble","Acrobatics"],"picked":"Flying Knee+1","floor":12},{"not_picked":["Underhanded Strike+1","Poisoned Stab+1"],"picked":"Leg Sweep","floor":14},{"not_picked":["Storm of Steel","Grand Finale+1"],"picked":"Unload+1","floor":16},{"not_picked":["Bane+1","Blade Dance"],"picked":"Blur","floor":18},{"not_picked":["Dagger Spray+1","Catalyst"],"picked":"Well Laid Plans","floor":21},{"not_picked":["Tactician","Endless Agony+1"],"picked":"Slice+1","floor":22},{"not_picked":["Riddle With Holes+1","Sucker Punch+1"],"picked":"Dash+1","floor":24},{"not_picked":["Backflip","Poisoned Stab+1","Masterful Stab+1"],"picked":"Singing Bowl","floor":28},{"not_picked":["Riddle With Holes+1","Endless Agony+1","Crippling Poison"],"picked":"Singing Bowl","floor":30},{"not_picked":["Flechettes+1","Poisoned Stab+1","Dagger Spray+1"],"picked":"Singing Bowl","floor":31}],"player_experience":162068,"relics_obtained":[{"floor":6,"key":"Gremlin Horn"},{"floor":9,"key":"Molten Egg 2"},{"floor":12,"key":"Mercury Hourglass"},{"floor":14,"key":"Shovel"},{"floor":26,"key":"Singing Bowl"},{"floor":27,"key":"Ornamental Fan"},{"floor":30,"key":"Vajra"}],"event_choices":[{"cards_removed":["Strike_G"],"damage_healed":0,"gold_gain":0,"player_choice":"Forget","damage_taken":0,"max_hp_gain":0,"max_hp_loss":0,"event_name":"Living Wall","floor":4,"gold_loss":0},{"damage_healed":0,"gold_gain":0,"player_choice":"Success","damage_taken":3,"relics_obtained":["MawBank"],"max_hp_gain":0,"max_hp_loss":0,"event_name":"Scrap Ooze","floor":7,"gold_loss":0},{"damage_healed":0,"gold_gain":0,"cards_transformed":["Strike_G"],"player_choice":"Transformed","damage_taken":0,"max_hp_gain":0,"max_hp_loss":0,"event_name":"Transmorgrifier","floor":8,"gold_loss":0,"cards_obtained":["Blur"]},{"damage_healed":0,"gold_gain":100,"player_choice":"Pray","damage_taken":0,"max_hp_gain":0,"max_hp_loss":0,"event_name":"Golden Shrine","floor":20,"gold_loss":0},{"damage_healed":0,"gold_gain":0,"player_choice":"Got Potions","damage_taken":0,"max_hp_gain":0,"max_hp_loss":0,"event_name":"Lab","floor":29,"gold_loss":0}],"is_beta":false,"boss_relics":[{"not_picked":["Lizard Tail","Calling Bell"],"picked":"Astrolabe"}],"items_purged_floors":[],"is_endless":false,"potions_floor_spawned":[2,6,18,30,31],"killed_by":"Collector","ascension_level":7}