{"gold_per_floor":[119,119,119,138,64,64,90,166,178,202,224,265,277,319,331,441,453,454,466,478,510,547,559],"floor_reached":23,"playtime":3823,"items_purged":[],"score":228,"play_id":"98a296a9-0781-419f-9204-c50549de8ff5","local_time":"20180826094036","is_ascension_mode":true,"campfire_choices":[{"data":"Shockwave","floor":6,"key":"SMITH"},{"floor":13,"key":"REST"},{"floor":15,"key":"REST"}],"neow_cost":"","seed_source_timestamp":987820341178706,"circlet_count":0,"master_deck":["Strike_R+1","Strike_R","Strike_R","Strike_R","Defend_R","Defend_R","Defend_R","Defend_R","Bash+1","Shockwave+1","Sentinel","Inflame","Ghostly Armor","Shrug It Off","Barricade+1","Limit Break","Armaments+1","Anger"],"relics":["Burning Blood","Ancient Tea Set","MawBank","Letter Opener","Whetstone","Frozen Egg 2","Ornamental Fan","Runic Dome","Matryoshka","Red Mask"],"potions_floor_usage":[7,12,16,22],"damage_taken":[{"damage":3,"enemies":"Jaw Worm","floor":1,"turns":5},{"damage":6,"enemies":"2 Louse","floor":4,"turns":4},{"damage":25,"enemies":"Lagavulin","floor":7,"turns":8},{"damage":18,"enemies":"Gremlin Nob","floor":8,"turns":5},{"damage":8,"enemies":"Small Slimes","floor":10,"turns":4},{"damage":5,"enemies":"Exordium Wildlife","floor":11,"turns":8},{"damage":18,"enemies":"Gremlin Nob","floor":12,"turns":5},{"damage":17,"enemies":"Lagavulin","floor":14,"turns":7},{"damage":17,"enemies":"The Guardian","floor":16,"turns":20},{"damage":21,"enemies":"2 Thieves","floor":18,"turns":4},{"damage":10,"enemies":"3 Byrds","floor":21,"turns":8},{"damage":24,"enemies":"Masked Bandits","floor":22,"turns":5},{"damage":31,"enemies":"Gremlin Leader","floor":23,"turns":4}],"seed_played":"-5350057842241675186","potions_obtained":[{"floor":1,"key":"Poison Potion"},{"floor":4,"key":"SpeedPotion"},{"floor":14,"key":"PowerPotion"},{"floor":18,"key":"SkillPotion"}],"is_trial":false,"path_per_floor":["M","?","?","M","$","R","E","?","T","M","M","E","R","E","R","B",null,"M","T","?","M","?"],"character_chosen":"IRONCLAD","items_purchased":["Inflame"],"campfire_rested":2,"item_purchase_floors":[5],"current_hp_per_floor":[80,55,55,55,55,55,36,24,24,22,23,11,35,24,48,37,80,65,65,50,46,28,0],"gold":559,"neow_bonus":"","is_prod":false,"is_daily":false,"chose_seed":false,"campfire_upgraded":1,"win_rate":0,"timestamp":1535294436,"path_taken":["M","?","?","M","$","R","E","?","T","M","?","E","R","E","R","BOSS","M","?","?","?","?","E"],"build_version":"2018-08-23v2","purchased_purges":0,"victory":false,"max_hp_per_floor":[80,80,80,80,80,80,80,80,80,80,80,80,80,80,80,80,80,80,80,85,85,85,85],"card_choices":[{"not_picked":["Armaments","Pommel Strike"],"picked":"Shockwave","floor":1},{"not_picked":["Body Slam","Warcry","Heavy Blade"],"picked":"SKIP","floor":4},{"not_picked":["Hemokinesis","Burning Pact","Sever Soul"],"picked":"SKIP","floor":7},{"not_picked":["Cleave","Sword Boomerang"],"picked":"Ghostly Armor","floor":10},{"not_picked":["Flex","Intimidate","Wild Strike"],"picked":"SKIP","floor":11},{"not_picked":["Sever Soul","Clash"],"picked":"Shrug It Off","floor":12},{"not_picked":["Twin Strike","Heavy Blade"],"picked":"Barricade+1","floor":14},{"not_picked":["Brutality+1","Impervious"],"picked":"Limit Break","floor":16},{"not_picked":["Headbutt","Sentinel"],"picked":"Armaments+1","floor":18},{"not_picked":["Twin Strike","Disarm"],"picked":"Anger","floor":21}],"player_experience":281038,"relics_obtained":[{"floor":7,"key":"MawBank"},{"floor":9,"key":"Whetstone"},{"floor":12,"key":"Frozen Egg 2"},{"floor":14,"key":"Ornamental Fan"},{"floor":19,"key":"Matryoshka"},{"floor":22,"key":"Red Mask"}],"event_choices":[{"event_name":"Scrap Ooze","player_choice":"success","floor":2,"damage_taken":25},{"event_name":"Living Wall","player_choice":"Change","floor":3,"damage_taken":0},{"event_name":"Dead Adventurer","player_choice":"Searched \u00273\u0027 times","floor":8,"damage_taken":0},{"event_name":"Forgotten Altar","player_choice":"Shed Blood","floor":20,"damage_taken":0},{"event_name":"Masked Bandits","player_choice":"Fought Bandits","floor":22,"damage_taken":0}],"is_beta":false,"boss_relics":[{"not_picked":["White Beast Statue","Calling Bell"],"picked":"Runic Dome"}],"items_purged_floors":[],"is_endless":false,"potions_floor_spawned":[1,4,14,18],"killed_by":"Gremlin Leader","ascension_level":2}