{"gold_per_floor":[111,111,35,35,53,53,85,85,109,109,139,214,9,37,37,137,137,122,133,133,133,7,7],"floor_reached":23,"playtime":796,"items_purged":["Regret"],"score":296,"play_id":"826f2f82-3912-4b12-bb14-14f0ac7f1906","local_time":"20190928082506","is_ascension_mode":true,"campfire_choices":[{"data":"Predator","floor":6,"key":"SMITH"},{"floor":10,"key":"REST"},{"floor":15,"key":"REST"}],"neow_cost":"NONE","seed_source_timestamp":1359044750627700,"circlet_count":0,"master_deck":["Strike_G+1","Strike_G","Strike_G","Strike_G","Defend_G","Defend_G","Defend_G","Defend_G","Defend_G","Survivor","Neutralize+1","Deflect","Predator+1","Backflip","Outmaneuver","Sucker Punch","Quick Slash","Burst","Dodge and Roll+1","Quick Slash","Decay","Deflect"],"relics":["Runic Dome","Juzu Bracelet","Shuriken","Oddly Smooth Stone","Anchor","Pen Nib","StoneCalendar","White Beast Statue"],"potions_floor_usage":[7,14,19,19,23],"damage_taken":[{"damage":0,"enemies":"2 Louse","floor":1,"turns":3},{"damage":5,"enemies":"Cultist","floor":5,"turns":4},{"damage":22,"enemies":"Gremlin Nob","floor":7,"turns":5},{"damage":5,"enemies":"Lagavulin","floor":11,"turns":5},{"damage":0,"enemies":"Gremlin Nob","floor":14,"turns":3},{"damage":23,"enemies":"The Guardian","floor":16,"turns":7},{"damage":2,"enemies":"2 Thieves","floor":18,"turns":4},{"damage":21,"enemies":"3 Byrds","floor":19,"turns":7},{"damage":36,"enemies":"Slavers","floor":23,"turns":4}],"seed_played":"5786351018220952507","potions_obtained":[{"floor":1,"key":"SpeedPotion"},{"floor":7,"key":"SneckoOil"},{"floor":18,"key":"Swift Potion"},{"floor":19,"key":"EssenceOfSteel"}],"is_trial":false,"path_per_floor":["M","?","$","?","M","R","E","?","T","R","E","?","$","E","R","B",null,"M","M","?","?","$","E"],"character_chosen":"THE_SILENT","items_purchased":["Predator","Pen Nib","FearPotion","Deflect"],"campfire_rested":2,"item_purchase_floors":[3,13,13,22],"current_hp_per_floor":[63,63,63,63,58,58,36,22,22,43,38,27,27,27,48,25,59,57,36,36,36,36,0],"gold":7,"neow_bonus":"BOSS_RELIC","is_prod":false,"is_daily":false,"chose_seed":false,"campfire_upgraded":1,"win_rate":0,"timestamp":1569673506,"path_taken":["M","?","?","?","M","R","E","?","T","R","E","?","$","E","R","BOSS","M","M","?","?","?","E"],"build_version":"2019-07-17","purchased_purges":1,"victory":false,"max_hp_per_floor":[70,70,70,70,70,70,70,70,70,70,70,70,70,70,70,70,70,70,70,70,70,70,70],"card_choices":[{"not_picked":["Underhanded Strike","Blade Dance"],"picked":"Deflect","floor":1},{"not_picked":["Tactician","Endless Agony"],"picked":"Backflip","floor":5},{"not_picked":["Dodge and Roll","Accuracy"],"picked":"Outmaneuver","floor":7},{"not_picked":["Infinite Blades","PiercingWail"],"picked":"Sucker Punch","floor":11},{"not_picked":["Poisoned Stab","Backflip"],"picked":"Quick Slash","floor":14},{"not_picked":["Venomology","Envenom"],"picked":"Burst","floor":16},{"not_picked":["Concentrate","Caltrops"],"picked":"Dodge and Roll+1","floor":18},{"not_picked":["Calculated Gamble","Bane"],"picked":"Quick Slash","floor":19}],"player_experience":158522,"relics_obtained":[{"floor":7,"key":"Shuriken"},{"floor":9,"key":"Oddly Smooth Stone"},{"floor":11,"key":"Anchor"},{"floor":14,"key":"StoneCalendar"}],"event_choices":[{"cards_removed":["Strike_G"],"damage_healed":0,"gold_gain":0,"player_choice":"Card Removal","damage_taken":0,"max_hp_gain":0,"max_hp_loss":0,"event_name":"Wheel of Change","floor":2,"gold_loss":0},{"damage_healed":0,"gold_gain":0,"player_choice":"Box","damage_taken":0,"relics_obtained":["Juzu Bracelet"],"max_hp_gain":0,"max_hp_loss":0,"event_name":"Big Fish","floor":4,"gold_loss":0,"cards_obtained":["Regret"]},{"damage_healed":0,"gold_gain":0,"player_choice":"Entered Light","damage_taken":14,"max_hp_gain":0,"max_hp_loss":0,"event_name":"Shining Light","floor":8,"gold_loss":0,"cards_upgraded":["Strike_G","Neutralize"]},{"damage_healed":0,"gold_gain":75,"player_choice":"Gather Gold","damage_taken":11,"max_hp_gain":0,"max_hp_loss":0,"event_name":"World of Goop","floor":12,"gold_loss":0},{"damage_healed":0,"gold_gain":0,"player_choice":"Smashed Altar","damage_taken":0,"max_hp_gain":0,"max_hp_loss":0,"event_name":"Forgotten Altar","floor":20,"gold_loss":0,"cards_obtained":["Decay"]},{"damage_healed":0,"gold_gain":0,"player_choice":"Ignored","damage_taken":0,"max_hp_gain":0,"max_hp_loss":0,"event_name":"Ghosts","floor":21,"gold_loss":0}],"is_beta":false,"boss_relics":[{"not_picked":["Black Star","Calling Bell"],"picked":"White Beast Statue"}],"items_purged_floors":[22],"is_endless":false,"potions_floor_spawned":[1,7,18,19],"killed_by":"Slavers","ascension_level":6}