{"gold_per_floor":[116,126,126,142,159,159,187,187,236,253,282,300,149,161,161,262,262,275,275,287,32,52,52,85,85,85,104,135,135,155,169,169,266,266,278,296,396,406,419,450,461,461,461,202,216,231,248,277,277,277],"floor_reached":51,"playtime":8012,"items_purged":["Strike_G","Strike_G","Defend_G"],"score":1135,"play_id":"af40d63b-3b01-41e5-9955-9ca1d9a3b978","local_time":"20181028151849","is_ascension_mode":true,"campfire_choices":[{"floor":6.0,"key":"REST"},{"floor":8.0,"key":"REST"},{"floor":15.0,"key":"REST"},{"floor":23.0,"key":"REST"},{"floor":29.0,"key":"REST"},{"floor":32.0,"key":"REST"},{"floor":42.0,"key":"REST"},{"floor":49,"key":"REST"}],"neow_cost":"NONE","seed_source_timestamp":0,"circlet_count":0,"master_deck":["Defend_G+1","Defend_G","Defend_G","Defend_G","Strike_G+1","Strike_G+1","Survivor+1","Neutralize","AscendersBane","Cloak And Dagger","Backflip","Bouncing Flask","Backstab","Footwork+1","Noxious Fumes+1","Deflect","Tools of the Trade+1","Leg Sweep","Footwork+1","Bandage Up","Crippling Poison","Venomology+1","Prepared+1","Envenom+1","Backflip+1","Blur+1","Bouncing Flask+1","Caltrops+1","Well Laid Plans+1","Footwork+1","Deadly Poison+1"],"special_seed":0,"relics":["Ring of the Snake","Frozen Egg 2","Whetstone","War Paint","Odd Mushroom","Fusion Hammer","The Courier","Tingsha","Toxic Egg 2","Boot","Busted Crown","Thread and Needle","Strawberry","Question Card","Turnip"],"potions_floor_usage":[45,46,47,50,50],"damage_taken":[{"damage":0.0,"enemies":"2 Louse","floor":1.0,"turns":3.0},{"damage":0.0,"enemies":"Small Slimes","floor":2.0,"turns":4.0},{"damage":0.0,"enemies":"Cultist","floor":4.0,"turns":3.0},{"damage":17.0,"enemies":"3 Louse","floor":5.0,"turns":6.0},{"damage":33.0,"enemies":"3 Sentries","floor":7.0,"turns":12.0},{"damage":3.0,"enemies":"Looter","floor":10.0,"turns":3.0},{"damage":19.0,"enemies":"The Mushroom Lair","floor":11.0,"turns":7.0},{"damage":0.0,"enemies":"2 Fungi Beasts","floor":12.0,"turns":3.0},{"damage":0.0,"enemies":"Blue Slaver","floor":14.0,"turns":4.0},{"damage":21.0,"enemies":"The Guardian","floor":16.0,"turns":10.0},{"damage":0.0,"enemies":"Spheric Guardian","floor":18.0,"turns":5.0},{"damage":2.0,"enemies":"Chosen","floor":20.0,"turns":6.0},{"damage":1.0,"enemies":"Centurion and Healer","floor":22.0,"turns":9.0},{"damage":27.0,"enemies":"Book of Stabbing","floor":24.0,"turns":6.0},{"damage":0.0,"enemies":"Snecko","floor":27.0,"turns":6.0},{"damage":5.0,"enemies":"Gremlin Leader","floor":28.0,"turns":8.0},{"damage":5.0,"enemies":"3 Cultists","floor":30.0,"turns":5.0},{"damage":0.0,"enemies":"Snake Plant","floor":31.0,"turns":6.0},{"damage":16.0,"enemies":"Automaton","floor":33.0,"turns":13.0},{"damage":0.0,"enemies":"3 Shapes","floor":35.0,"turns":5.0},{"damage":0.0,"enemies":"3 Darklings","floor":36.0,"turns":6.0},{"damage":10.0,"enemies":"Mind Bloom Boss Battle","floor":37.0,"turns":7.0},{"damage":1.0,"enemies":"Sphere and 2 Shapes","floor":38.0,"turns":6.0},{"damage":0.0,"enemies":"Jaw Worm Horde","floor":39.0,"turns":5.0},{"damage":10.0,"enemies":"Nemesis","floor":40.0,"turns":7.0},{"damage":55.0,"enemies":"Transient","floor":41.0,"turns":5.0},{"damage":0,"enemies":"4 Shapes","floor":45,"turns":7},{"damage":0,"enemies":"Spire Growth","floor":46,"turns":7},{"damage":16,"enemies":"Transient","floor":47,"turns":5},{"damage":0,"enemies":"Giant Head","floor":48,"turns":9},{"damage":28,"enemies":"Time Eater","floor":50,"turns":13}],"seed_played":"3794977572562253973","potions_obtained":[{"floor":2.0,"key":"Strength Potion"},{"floor":7.0,"key":"Weak Potion"},{"floor":10.0,"key":"Poison Potion"},{"floor":16.0,"key":"Block Potion"},{"floor":24.0,"key":"GamblersBrew"},{"floor":28.0,"key":"Weak Potion"},{"floor":37.0,"key":"FairyPotion"},{"floor":39.0,"key":"Fire Potion"},{"floor":47,"key":"Ancient Potion"}],"is_trial":false,"path_per_floor":["M","M","?","M","M","R","E","R","T","M","?","M","$","M","R","B",null,"M","?","M","$","M","R","E","?","T","M","E","R","M","M","R","B",null,"M","M","?","M","M","E","M","R","T","$","M","M","M","E","R","B"],"character_chosen":"THE_SILENT","items_purchased":["Noxious Fumes+1","Footwork+1","Bandage Up","Well Laid Plans+1","Footwork+1","Deadly Poison+1"],"campfire_rested":8,"item_purchase_floors":[13,21,21,44,44,44],"current_hp_per_floor":[63,63,56,56,39,60,27,48,48,45,26,26,26,26,47,26,59,59,59,57,57,60,70,47,47,47,51,50,70,69,69,70,56,67,67,67,61,64,68,69,18,41,41,41,45,49,37,41,64,40],"gold":277,"neow_bonus":"THREE_CARDS","is_prod":false,"is_daily":false,"chose_seed":false,"campfire_upgraded":0,"win_rate":0,"timestamp":1540757929,"path_taken":["M","M","?","M","M","R","E","R","T","M","?","M","$","M","R","BOSS","M","?","?","$","?","R","E","?","T","M","E","R","M","?","R","BOSS","M","M","?","M","M","E","M","R","T","$","M","?","M","E","R","BOSS"],"build_version":"2018-10-25v2","purchased_purges":3,"victory":true,"max_hp_per_floor":[70,70,70,70,70,70,70,70,70,70,70,70,70,70,70,70,70,70,70,70,70,70,70,70,70,70,70,70,70,70,70,70,70,70,70,70,70,70,70,77,77,77,77,77,77,77,77,77,77,77],"card_choices":[{"not_picked":["Dodge and Roll","Blade Dance"],"picked":"Cloak And Dagger","floor":0.0},{"not_picked":["Prepared","Blade Dance"],"picked":"Backflip","floor":1.0},{"not_picked":["Slice","Dagger Spray"],"picked":"Bouncing Flask","floor":2.0},{"not_picked":["Riddle With Holes","Deadly Poison","Blade Dance"],"picked":"SKIP","floor":4.0},{"not_picked":["Slice","Quick Slash","Acrobatics"],"picked":"SKIP","floor":5.0},{"not_picked":["Blur","Slice"],"picked":"Backstab","floor":7.0},{"not_picked":["PiercingWail","Outmaneuver","Acrobatics"],"picked":"SKIP","floor":10.0},{"not_picked":["Poisoned Stab","Unload"],"picked":"Footwork+1","floor":12.0},{"not_picked":["Distraction","Bane"],"picked":"Deflect","floor":14.0},{"not_picked":["Bullet Time","A Thousand Cuts+1"],"picked":"Tools of the Trade+1","floor":16.0},{"not_picked":["Dagger Spray","Deadly Poison"],"picked":"Leg Sweep","floor":18.0},{"not_picked":["Dagger Spray","Deadly Poison","Dagger Throw"],"picked":"SKIP","floor":20.0},{"not_picked":["PiercingWail","Reflex"],"picked":"Crippling Poison","floor":22.0},{"not_picked":["Blade Dance","Expertise","Deadly Poison"],"picked":"SKIP","floor":24.0},{"not_picked":["Backflip+1","Dash"],"picked":"Venomology+1","floor":27.0},{"not_picked":["Bane","Dagger Spray","Riddle With Holes"],"picked":"SKIP","floor":28.0},{"not_picked":["Dodge and Roll+1","Predator","Acrobatics+1"],"picked":"SKIP","floor":30.0},{"not_picked":["Distraction+1","Bane"],"picked":"Prepared+1","floor":31.0},{"not_picked":["Phantasmal Killer+1","Unload"],"picked":"Envenom+1","floor":33.0},{"not_picked":[],"picked":"Backflip+1","floor":35.0},{"not_picked":["Acrobatics+1"],"picked":"SKIP","floor":36.0},{"not_picked":[],"picked":"Blur+1","floor":37.0},{"not_picked":[],"picked":"Bouncing Flask+1","floor":38.0},{"not_picked":["PiercingWail+1"],"picked":"SKIP","floor":39.0},{"not_picked":[],"picked":"Caltrops+1","floor":40.0},{"not_picked":["Sucker Punch+1"],"picked":"SKIP","floor":41.0},{"not_picked":["Quick Slash","Accuracy+1"],"picked":"SKIP","floor":45},{"not_picked":["Dagger Spray+1","Dodge and Roll+1"],"picked":"SKIP","floor":46},{"not_picked":["Masterful Stab+1","Terror+1"],"picked":"SKIP","floor":47},{"not_picked":["Masterful Stab","Finisher"],"picked":"SKIP","floor":48}],"player_experience":833657,"relics_obtained":[{"floor":7.0,"key":"Whetstone"},{"floor":9.0,"key":"War Paint"},{"floor":11.0,"key":"Odd Mushroom"},{"floor":24.0,"key":"The Courier"},{"floor":26.0,"key":"Toxic Egg 2"},{"floor":28.0,"key":"Boot"},{"floor":37.0,"key":"Thread and Needle"},{"floor":40.0,"key":"Strawberry"},{"floor":43.0,"key":"Question Card"},{"floor":48,"key":"Turnip"}],"event_choices":[{"damage_healed":0.0,"max_hp_gain":0.0,"max_hp_loss":0.0,"gold_gain":0.0,"event_name":"Scrap Ooze","player_choice":"Success","floor":3.0,"gold_loss":0.0,"damage_taken":7.0,"relics_obtained":["Frozen Egg 2"]},{"damage_healed":0.0,"max_hp_gain":0.0,"max_hp_loss":0.0,"gold_gain":0.0,"event_name":"Mushrooms","player_choice":"Fought Mushrooms","floor":11.0,"gold_loss":0.0,"damage_taken":0.0},{"cards_removed":["Strike_G"],"damage_healed":0.0,"max_hp_gain":0.0,"max_hp_loss":0.0,"gold_gain":0.0,"event_name":"Purifier","player_choice":"Purged","floor":19.0,"gold_loss":0.0,"damage_taken":0.0},{"damage_healed":0.0,"max_hp_gain":0.0,"max_hp_loss":0.0,"gold_gain":0.0,"event_name":"The Mausoleum","player_choice":"Opened","floor":25.0,"gold_loss":0.0,"damage_taken":0.0,"relics_obtained":["Tingsha"]},{"damage_healed":0.0,"max_hp_gain":0.0,"max_hp_loss":0.0,"gold_gain":0.0,"event_name":"MindBloom","player_choice":"Fight","floor":37.0,"gold_loss":0.0,"damage_taken":0.0}],"is_beta":false,"boss_relics":[{"not_picked":["Sozu","Tiny House"],"picked":"Fusion Hammer"},{"not_picked":["Runic Pyramid","HoveringKite"],"picked":"Busted Crown"}],"items_purged_floors":[13,21,44],"is_endless":false,"potions_floor_spawned":[2,7,10,16,24,28,31,33,37,39,41,46,47],"ascension_level":11}