{"gold_per_floor":[114,189,204,204,219,219,234,234,259,289,304,28,43,58,58,158,158,173,188,203,203,218,218,18,33,33,33,33,33,63,90,102,214,226,253,280,307,49,64,94,94,109,109,19,19,0,50,65,65,65],"floor_reached":51,"playtime":1647,"items_purged":[],"score":1103,"play_id":"50026e8c-3f2a-40e3-9d42-8d4e440892eb","local_time":"20180901141757","daily_mods":["Shiny","Cursed Run","Uncertain Future"],"is_ascension_mode":false,"campfire_choices":[{"data":"Bludgeon","floor":6,"key":"SMITH"},{"data":"Demon Form","floor":8,"key":"SMITH"},{"data":"Immolate","floor":15,"key":"SMITH"},{"data":"True Grit","floor":23,"key":"SMITH"},{"data":"1","floor":29,"key":"LIFT"},{"data":"2","floor":32,"key":"LIFT"},{"data":"3","floor":41,"key":"LIFT"},{"data":"Metallicize","floor":45,"key":"SMITH"},{"data":"Barricade","floor":49,"key":"SMITH"}],"neow_cost":"","seed_source_timestamp":0,"circlet_count":0,"master_deck":["Double Tap","Demon Form+1","Bludgeon+1","Feed","Limit Break","Barricade+1","Fiend Fire","Impervious","Brutality","Exhume","Offering","Immolate+1","True Grit+1","Infernal Blade","True Grit+1","Fiend Fire","Shame","Sentinel+1","Shrug It Off+1","Disarm+1","Havoc+1","Warcry+1","True Grit+1","Writhe","Immolate","Bludgeon+1","Uppercut+1","Wild Strike+1","Iron Wave+1","Sword Boomerang+1","Flame Barrier+1","Feel No Pain","Dropkick","Pain","True Grit+1","True Grit+1","Regret","Limit Break+1","Writhe","Shame","Doubt","Sword Boomerang+1","Thunderclap+1","Power Through+1","Whirlwind+1","Metallicize+1","Metallicize","Double Tap+1","Havoc+1","Injury","Normality","Shrug It Off+1","Decay"],"special_seed":17775,"relics":["Cursed Key","Darkstone Periapt","Du-Vu Doll","Toxic Egg 2","Oddly Smooth Stone","Ornamental Fan","Bag of Preparation","Astrolabe","Orichalcum","Sling","Girya","Enchiridion","FaceOfCleric","MawBank","Calling Bell","Art of War","Pear","Torii","Happy Flower","Boot","Smiling Mask","Red Mask","Lantern"],"potions_floor_usage":[16,16,16,33,40,50,50,50],"damage_taken":[{"damage":0,"enemies":"Jaw Worm","floor":1,"turns":2},{"damage":11,"enemies":"2 Louse","floor":3,"turns":3},{"damage":0,"enemies":"Cultist","floor":5,"turns":2},{"damage":16,"enemies":"Large Slime","floor":7,"turns":5},{"damage":12,"enemies":"Lagavulin","floor":10,"turns":4},{"damage":26,"enemies":"3 Louse","floor":11,"turns":3},{"damage":0,"enemies":"Looter","floor":13,"turns":1},{"damage":14,"enemies":"Exordium Wildlife","floor":14,"turns":3},{"damage":10,"enemies":"Slime Boss","floor":16,"turns":6},{"damage":9,"enemies":"3 Byrds","floor":18,"turns":3},{"damage":1,"enemies":"Shell Parasite","floor":19,"turns":2},{"damage":12,"enemies":"Centurion and Healer","floor":20,"turns":1},{"damage":0,"enemies":"3 Cultists","floor":22,"turns":3},{"damage":9,"enemies":"Cultist and Chosen","floor":25,"turns":3},{"damage":10,"enemies":"Book of Stabbing","floor":30,"turns":4},{"damage":1,"enemies":"Shelled Parasite and Fungi","floor":31,"turns":2},{"damage":19,"enemies":"Automaton","floor":33,"turns":7},{"damage":0,"enemies":"Orb Walker","floor":35,"turns":1},{"damage":8,"enemies":"3 Darklings","floor":36,"turns":3},{"damage":19,"enemies":"4 Shapes","floor":37,"turns":3},{"damage":6,"enemies":"Reptomancer","floor":39,"turns":4},{"damage":9,"enemies":"Giant Head","floor":40,"turns":5},{"damage":1,"enemies":"Spire Growth","floor":42,"turns":2},{"damage":6,"enemies":"Jaw Worm Horde","floor":48,"turns":3},{"damage":35,"enemies":"Awakened One","floor":50,"turns":7}],"seed_played":"7006954628493323479","potions_obtained":[{"floor":1,"key":"SkillPotion"},{"floor":11,"key":"SkillPotion"},{"floor":14,"key":"SpeedPotion"},{"floor":19,"key":"FearPotion"},{"floor":22,"key":"GamblersBrew"},{"floor":30,"key":"LiquidBronze"},{"floor":33,"key":"SneckoOil"},{"floor":37,"key":"Explosive Potion"},{"floor":42,"key":"SteroidPotion"}],"is_trial":false,"path_per_floor":["M","?","M","?","M","R","M","R","T","E","M","$","M","M","R","B",null,"M","M","M","?","M","R","$","M","T","?","?","R","E","M","R","B",null,"M","M","M","$","M","E","R","M","T","?","R","?","T","M","R","B"],"character_chosen":"IRONCLAD","items_purchased":["Bag of Preparation","Disarm+1","Havoc+1","Sling","Whirlwind","Happy Flower","Metallicize"],"campfire_rested":0,"item_purchase_floors":[12,12,12,24,38,38,38],"current_hp_per_floor":[83,72,68,65,65,65,60,60,66,54,45,45,45,34,34,30,110,107,106,97,97,103,103,103,97,103,87,87,87,88,91,91,82,171,172,165,147,147,154,146,146,146,152,152,152,152,158,153,153,125],"gold":65,"neow_bonus":"","is_prod":false,"is_daily":true,"chose_seed":false,"campfire_upgraded":6,"win_rate":0,"timestamp":1535786277,"path_taken":["M","?","M","?","?","R","M","R","T","E","M","$","M","M","R","BOSS","M","M","M","?","M","R","$","M","T","?","?","R","E","M","R","BOSS","M","M","M","$","M","E","R","M","T","?","R","?","?","M","R","BOSS"],"build_version":"2018-08-30","purchased_purges":0,"victory":true,"max_hp_per_floor":[83,83,86,86,86,86,89,89,95,95,101,101,101,104,104,110,110,110,110,113,113,119,119,119,122,128,128,128,128,129,133,133,143,171,172,173,174,174,178,179,179,180,186,186,186,186,192,193,193,200],"card_choices":[{"not_picked":["Hemokinesis","Havoc"],"picked":"True Grit","floor":1},{"not_picked":["Hemokinesis","Clash"],"picked":"Infernal Blade","floor":3},{"not_picked":["Flex+1","Dropkick"],"picked":"True Grit+1","floor":5},{"not_picked":["Warcry+1","Iron Wave"],"picked":"Fiend Fire","floor":7},{"not_picked":["Reckless Charge","Wild Strike"],"picked":"Sentinel+1","floor":10},{"not_picked":["Pommel Strike","Wild Strike"],"picked":"Shrug It Off+1","floor":11},{"not_picked":["Intimidate+1","Anger"],"picked":"Warcry+1","floor":13},{"not_picked":["Disarm+1","Combust"],"picked":"True Grit+1","floor":14},{"not_picked":["Juggernaut","Brutality"],"picked":"Immolate","floor":16},{"not_picked":["Clothesline","Thunderclap"],"picked":"Iron Wave+1","floor":18},{"not_picked":["Hemokinesis","Body Slam"],"picked":"Sword Boomerang+1","floor":19},{"not_picked":["Anger+1","Uppercut"],"picked":"Flame Barrier+1","floor":20},{"not_picked":["Uppercut","Sever Soul"],"picked":"Feel No Pain","floor":22},{"not_picked":["Uppercut","Sentinel+1"],"picked":"Dropkick","floor":25},{"not_picked":["Inflame","Rupture+1"],"picked":"True Grit+1","floor":30},{"not_picked":["Body Slam","Wild Strike"],"picked":"True Grit+1","floor":31},{"not_picked":["Feed","Fiend Fire"],"picked":"Limit Break+1","floor":33},{"not_picked":["Twin Strike","Wild Strike"],"picked":"Sword Boomerang+1","floor":35},{"not_picked":["Body Slam","Armaments+1"],"picked":"Thunderclap+1","floor":36},{"not_picked":["Sword Boomerang+1","Entrench+1"],"picked":"Power Through+1","floor":37},{"not_picked":["Sword Boomerang","Headbutt+1"],"picked":"Metallicize","floor":39},{"not_picked":["Flex+1","Searing Blow"],"picked":"Double Tap+1","floor":40},{"not_picked":["Reckless Charge","Armaments+1"],"picked":"Havoc+1","floor":42},{"not_picked":["Headbutt+1","Feel No Pain+1"],"picked":"Shrug It Off+1","floor":48}],"player_experience":332991,"relics_obtained":[{"floor":9,"key":"Oddly Smooth Stone"},{"floor":10,"key":"Ornamental Fan"},{"floor":26,"key":"Girya"},{"floor":27,"key":"Enchiridion"},{"floor":30,"key":"MawBank"},{"floor":34,"key":"Art of War"},{"floor":34,"key":"Pear"},{"floor":34,"key":"Torii"},{"floor":40,"key":"Boot"},{"floor":43,"key":"Smiling Mask"},{"floor":47,"key":"Lantern"}],"event_choices":[{"event_name":"World of Goop","player_choice":"Gather Gold","floor":2,"damage_taken":0},{"event_name":"Scrap Ooze","player_choice":"success","floor":4,"damage_taken":3},{"event_name":"The Mausoleum","player_choice":"Yes","floor":21,"damage_taken":0},{"event_name":"Cursed Tome","player_choice":"Obtained Book","floor":27,"damage_taken":0},{"event_name":"FaceTrader","player_choice":"Trade","floor":28,"damage_taken":0},{"event_name":"Designer","player_choice":"Full Service","floor":44,"damage_taken":0},{"event_name":"Tomb of Lord Red Mask","player_choice":"Paid","floor":46,"damage_taken":0}],"is_beta":true,"boss_relics":[{"not_picked":["Runic Cube","Runic Dome"],"picked":"Astrolabe"},{"not_picked":["Lizard Tail","Empty Cage"],"picked":"Calling Bell"}],"items_purged_floors":[],"is_endless":false,"potions_floor_spawned":[1,11,14,19,22,30,33,37,42],"ascension_level":0}