{"gold_per_floor":[366,366,378,389,314,314,349,349,349,349,363,383,401,401,401,478,478,492,417,417,234,249,277,277,291,291,303,330,342,18,18,18,97,97,114,114,133,0,15,46,46,71,71,106,119,119,0,17,17,17,17],"floor_reached":51,"playtime":4046,"items_purged":["Strike_G"],"score":1525,"play_id":"7eacafa2-99e5-4c64-868b-a2e01df9d047","local_time":"20190402235427","is_ascension_mode":true,"campfire_choices":[{"data":"Neutralize","floor":6,"key":"SMITH"},{"floor":8,"key":"DIG"},{"floor":10,"key":"DIG"},{"data":"Dodge and Roll","floor":15,"key":"SMITH"},{"floor":24,"key":"REST"},{"floor":29,"key":"REST"},{"floor":32,"key":"REST"},{"floor":41,"key":"DIG"},{"floor":46,"key":"REST"},{"floor":49,"key":"DIG"}],"neow_cost":"TEN_PERCENT_HP_LOSS","seed_source_timestamp":437802008583798,"circlet_count":0,"master_deck":["AscendersBane","Defend_G","Defend_G","Defend_G","Defend_G+1","Defend_G","Strike_G","Survivor","Neutralize+1","Dagger Throw","Finisher","Flying Knee+1","Leg Sweep","Dodge and Roll+1","Dash","Bouncing Flask","Adrenaline","Flechettes+1","Backstab","Footwork","Backflip","Caltrops+1","PiercingWail+1","Dagger Spray+1","Flying Knee+1","Apotheosis","Noxious Fumes","Dodge and Roll","Envenom","Catalyst","Dagger Spray+1","Deflect","Well Laid Plans","Catalyst","Dodge and Roll","Cloak And Dagger+1","After Image","PiercingWail"],"relics":["Ring of the Snake","Shovel","Pen Nib","Gambling Chip","Gremlin Horn","White Beast Statue","Molten Egg 2","Ginger","MawBank","Philosopher\u0027s Stone","Strawberry","Orichalcum","Question Card","Pantograph","Red Mask","Tingsha"],"potions_floor_usage":[18,22,23,25,28,28,37,40,42,44,44,48,51,51],"damage_taken":[{"damage":0,"enemies":"2 Louse","floor":1,"turns":3},{"damage":0,"enemies":"Small Slimes","floor":3,"turns":3},{"damage":0,"enemies":"Jaw Worm","floor":4,"turns":4},{"damage":19,"enemies":"Gremlin Nob","floor":7,"turns":4},{"damage":1,"enemies":"Exordium Wildlife","floor":11,"turns":4},{"damage":0,"enemies":"Looter","floor":12,"turns":4},{"damage":2,"enemies":"Large Slime","floor":13,"turns":7},{"damage":15,"enemies":"The Guardian","floor":16,"turns":11},{"damage":0,"enemies":"3 Byrds","floor":18,"turns":6},{"damage":12,"enemies":"Shell Parasite","floor":22,"turns":7},{"damage":15,"enemies":"Gremlin Leader","floor":23,"turns":9},{"damage":2,"enemies":"Centurion and Healer","floor":25,"turns":8},{"damage":0,"enemies":"Cultist and Chosen","floor":27,"turns":8},{"damage":30,"enemies":"Slavers","floor":28,"turns":9},{"damage":30,"enemies":"Automaton","floor":33,"turns":14},{"damage":1,"enemies":"3 Shapes","floor":35,"turns":7},{"damage":4,"enemies":"Orb Walker","floor":37,"turns":4},{"damage":13,"enemies":"Spire Growth","floor":39,"turns":6},{"damage":7,"enemies":"Reptomancer","floor":40,"turns":6},{"damage":21,"enemies":"Giant Head","floor":42,"turns":7},{"damage":7,"enemies":"Reptomancer","floor":44,"turns":4},{"damage":10,"enemies":"Sphere and 2 Shapes","floor":45,"turns":6},{"damage":7,"enemies":"Transient","floor":48,"turns":6},{"damage":38,"enemies":"Time Eater","floor":50,"turns":14},{"damage":39,"enemies":"Awakened One","floor":51,"turns":14}],"seed_played":"-1855756290572210278","potions_obtained":[{"floor":3,"key":"GamblersBrew"},{"floor":7,"key":"AttackPotion"},{"floor":11,"key":"Strength Potion"},{"floor":18,"key":"PowerPotion"},{"floor":22,"key":"Block Potion"},{"floor":23,"key":"Energy Potion"},{"floor":25,"key":"LiquidBronze"},{"floor":27,"key":"EssenceOfSteel"},{"floor":28,"key":"SpeedPotion"},{"floor":33,"key":"LiquidBronze"},{"floor":35,"key":"SkillPotion"},{"floor":37,"key":"GamblersBrew"},{"floor":39,"key":"Regen Potion"},{"floor":40,"key":"Explosive Potion"},{"floor":42,"key":"Fire Potion"},{"floor":44,"key":"SkillPotion"},{"floor":45,"key":"Energy Potion"},{"floor":48,"key":"GamblersBrew"}],"is_trial":false,"path_per_floor":["M","?","M","M","?","R","E","R","T","R","M","M","M","?","R","B",null,"M","?","?","$","M","E","R","M","T","M","E","R","$","?","R","B",null,"M","?","M","$","M","E","R","E","T","E","M","R","?","M","R","B","B"],"character_chosen":"THE_SILENT","items_purchased":["Footwork","Backflip","Apotheosis","Noxious Fumes","Dodge and Roll","GhostInAJar","Deflect"],"campfire_rested":4,"item_purchase_floors":[21,21,30,30,30,38,38],"current_hp_per_floor":[59,64,64,64,64,64,45,45,45,45,44,44,42,22,22,7,51,51,51,51,51,39,24,43,41,41,41,11,30,30,30,49,19,54,53,53,49,49,36,51,51,30,30,23,13,34,34,27,27,14,0],"gold":17,"neow_bonus":"TWO_FIFTY_GOLD","is_prod":false,"is_daily":false,"chose_seed":false,"campfire_upgraded":2,"win_rate":0,"timestamp":1554263667,"path_taken":["M","?","M","M","?","R","E","R","T","R","M","M","M","?","R","BOSS","M","?","?","$","M","E","R","M","T","M","E","R","$","?","R","BOSS","M","?","?","$","M","E","R","E","T","E","?","R","?","M","R","BOSS","BOSS"],"build_version":"2019-01-23","purchased_purges":1,"victory":false,"max_hp_per_floor":[60,65,65,65,65,65,65,65,65,65,65,65,65,65,65,65,65,65,65,65,65,65,65,65,65,65,65,65,65,65,65,65,65,65,65,65,65,65,65,72,72,72,72,72,72,72,72,72,72,72,72],"card_choices":[{"not_picked":["Acrobatics","Sucker Punch"],"picked":"Dagger Throw","floor":1},{"not_picked":["Flying Knee","Bane"],"picked":"Finisher","floor":3},{"not_picked":["Backflip","Riddle With Holes"],"picked":"Flying Knee","floor":4},{"not_picked":["Flechettes","Infinite Blades"],"picked":"Leg Sweep","floor":7},{"not_picked":["Acrobatics","Bouncing Flask"],"picked":"Dodge and Roll","floor":11},{"not_picked":["Acrobatics","Deflect"],"picked":"Dash","floor":12},{"not_picked":["Accuracy","Underhanded Strike"],"picked":"Bouncing Flask","floor":13},{"not_picked":["Glass Knife","Malaise"],"picked":"Adrenaline","floor":16},{"not_picked":["Bane","Blade Dance"],"picked":"Flechettes+1","floor":18},{"not_picked":["Outmaneuver","Bane"],"picked":"Caltrops+1","floor":22},{"not_picked":["Outmaneuver","Caltrops","Prepared"],"picked":"SKIP","floor":23},{"not_picked":["Prepared","Sucker Punch+1"],"picked":"PiercingWail+1","floor":25},{"not_picked":["Prepared","Blade Dance"],"picked":"Dagger Spray+1","floor":27},{"not_picked":["Dagger Throw+1","Outmaneuver"],"picked":"Flying Knee+1","floor":28},{"not_picked":["Night Terror","Phantasmal Killer"],"picked":"Envenom","floor":33},{"not_picked":["Dagger Spray+1","Sucker Punch+1"],"picked":"Catalyst","floor":35},{"not_picked":["Flechettes+1","Slice+1"],"picked":"Dagger Spray+1","floor":37},{"not_picked":["Quick Slash+1","Setup"],"picked":"Well Laid Plans","floor":39},{"not_picked":["Dodge and Roll","Glass Knife+1"],"picked":"Catalyst","floor":40},{"not_picked":["Dagger Spray+1","Acrobatics"],"picked":"Dodge and Roll","floor":42},{"not_picked":["Dodge and Roll","Dagger Throw+1","Slice+1"],"picked":"Cloak And Dagger+1","floor":44},{"not_picked":["Dagger Throw+1","Deflect","Escape Plan"],"picked":"After Image","floor":45},{"not_picked":["Distraction","Bane+1","Flechettes+1"],"picked":"PiercingWail","floor":48}],"player_experience":633880,"relics_obtained":[{"floor":7,"key":"Shovel"},{"floor":8,"key":"Pen Nib"},{"floor":9,"key":"Gambling Chip"},{"floor":10,"key":"Gremlin Horn"},{"floor":23,"key":"Molten Egg 2"},{"floor":26,"key":"Ginger"},{"floor":28,"key":"MawBank"},{"floor":40,"key":"Strawberry"},{"floor":41,"key":"Orichalcum"},{"floor":42,"key":"Question Card"},{"floor":44,"key":"Pantograph"},{"floor":49,"key":"Tingsha"}],"event_choices":[{"damage_healed":0,"gold_gain":0,"player_choice":"Donut","damage_taken":0,"max_hp_gain":5,"max_hp_loss":0,"event_name":"Big Fish","floor":2,"gold_loss":0},{"cards_removed":["Strike_G"],"damage_healed":0,"gold_gain":0,"player_choice":"Card Removal","damage_taken":0,"max_hp_gain":0,"max_hp_loss":0,"event_name":"The Cleric","floor":5,"gold_loss":75},{"damage_healed":0,"gold_gain":0,"player_choice":"Entered Light","damage_taken":20,"max_hp_gain":0,"max_hp_loss":0,"event_name":"Shining Light","floor":14,"gold_loss":0,"cards_upgraded":["Defend_G","Flying Knee"]},{"cards_removed":["Strike_G"],"damage_healed":0,"gold_gain":0,"player_choice":"Gave Gold","damage_taken":0,"max_hp_gain":0,"max_hp_loss":0,"event_name":"Beggar","floor":19,"gold_loss":75},{"damage_healed":0,"gold_gain":0,"player_choice":"Read","damage_taken":0,"max_hp_gain":0,"max_hp_loss":0,"event_name":"The Library","floor":20,"gold_loss":0,"cards_obtained":["Backstab"]},{"damage_healed":0,"gold_gain":0,"player_choice":"Ignored","damage_taken":0,"max_hp_gain":0,"max_hp_loss":0,"event_name":"Vampires","floor":31,"gold_loss":0},{"cards_removed":["Strike_G"],"damage_healed":0,"gold_gain":0,"player_choice":"Purged","damage_taken":0,"max_hp_gain":0,"max_hp_loss":0,"event_name":"Purifier","floor":36,"gold_loss":0},{"damage_healed":0,"gold_gain":0,"player_choice":"Paid","damage_taken":0,"relics_obtained":["Red Mask"],"max_hp_gain":0,"max_hp_loss":0,"event_name":"Tomb of Lord Red Mask","floor":47,"gold_loss":119}],"is_beta":false,"boss_relics":[{"not_picked":["WristBlade","Calling Bell"],"picked":"White Beast Statue"},{"not_picked":["Astrolabe","Runic Dome"],"picked":"Philosopher\u0027s Stone"}],"items_purged_floors":[21],"is_endless":false,"potions_floor_spawned":[3,7,11,18,22,23,25,27,28,33,35,37,39,40,42,44,45,48],"killed_by":"Awakened One","ascension_level":20}