{"path_per_floor":["M","M","?","M","M","E","M","?","T","M","R","E","M","M","R","B",null,"M","M","M","M","M","E","M","R","T","R","M","M","E","M","R","B",null,"M","M","M","?","M","R","E","$","T","E","?","?","?","M","R","B"],"character_chosen":"IRONCLAD","items_purchased":["War Paint","Gambling Chip","EntropicBrew","Armaments"],"gold_per_floor":[114,129,79,94,109,139,154,154,154,169,169,199,244,259,259,359,359,374,389,404,419,434,464,479,479,529,529,544,559,589,604,604,704,704,719,734,749,749,764,764,794,193,218,248,248,248,293,308,308,308],"floor_reached":51,"campfire_rested":0,"playtime":1797,"item_purchase_floors":[42,42,42,42],"current_hp_per_floor":[81,83,82,81,80,79,65,65,65,75,75,84,83,89,89,88,87,86,85,84,80,84,84,92,91,90,89,90,95,96,95,94,92,98,97,96,95,94,93,92,97,96,95,100,101,88,98,104,103,102],"items_purged":["Juggernaut"],"gold":308,"score":1119,"play_id":"fe26e8cf-95e2-4feb-b561-eb0521d8d1ce","local_time":"20180612222532","daily_mods":["Shiny","Terminal","Vintage"],"is_prod":false,"is_daily":true,"chose_seed":false,"is_ascension_mode":false,"campfire_upgraded":7,"win_rate":0,"timestamp":1528817132,"campfire_choices":[{"data":"Offering","floor":11,"key":"SMITH"},{"data":"Demon Form","floor":15,"key":"SMITH"},{"data":"Immolate","floor":25,"key":"SMITH"},{"data":"Double Tap","floor":27,"key":"SMITH"},{"data":"Offering","floor":32,"key":"SMITH"},{"data":"Barricade","floor":40,"key":"SMITH"},{"data":"Armaments","floor":49,"key":"SMITH"}],"path_taken":["M","M","?","M","M","E","M","?","T","M","R","E","M","M","R","BOSS","M","M","M","M","M","E","M","R","T","R","M","M","E","M","R","BOSS","M","M","M","?","M","R","E","$","T","E","?","?","?","M","R","BOSS"],"build_version":"2018-06-11","seed_source_timestamp":0,"purchased_purges":1,"victory":true,"master_deck":["Double Tap+1","Demon Form+1","Bludgeon+1","Feed+1","Limit Break+1","Barricade+1","Fiend Fire","Dark Embrace","Impervious","Brutality","Reaper+1","Exhume+1","Offering+1","Immolate+1","Pummel+1","Offering+1","Thunderclap+1","Armaments+1","Madness","Madness"],"max_hp_per_floor":[81,83,82,81,80,79,81,80,79,82,81,84,87,90,89,88,87,86,85,88,95,94,93,92,91,90,89,92,95,96,95,94,99,98,97,96,95,94,93,92,97,96,95,100,101,100,101,104,103,102],"special_seed":17694,"relics":["Burning Blood","Omamori","The Courier","Unceasing Top","Question Card","Champion Belt","Molten Egg 2","Mercury Hourglass","Paper Frog","Bird Faced Urn","Tiny Chest","Singing Bowl","Shuriken","Black Star","Happy Flower","Blood Vial","Ornamental Fan","Bottled Flame","Bronze Scales","Turnip","Charon\u0027s Ashes","Regal Pillow","Boot","Kunai","Potion Belt","Bag of Marbles","Bag of Preparation","Centennial Puzzle","Frozen Egg 2","Philosopher\u0027s Stone","Pen Nib","Anchor","Orichalcum","Juzu Bracelet","Art of War","Ancient Tea Set","War Paint","Gambling Chip","Lantern","Whetstone","Vajra","Du-Vu Doll","Bottled Lightning"],"card_choices":[{"not_picked":["Rampage","Perfected Strike","Havoc","Flex"],"picked":"SKIP","floor":6},{"not_picked":["Metallicize","Shockwave","Warcry"],"picked":"Pummel+1","floor":12},{"not_picked":["Dark Embrace","Berserk","Exhume"],"picked":"Offering","floor":16},{"not_picked":["Warcry","Ghostly Armor","Immolate+1"],"picked":"Thunderclap+1","floor":23},{"not_picked":["Cleave+1","Feel No Pain+1","Sword Boomerang+1","Wild Strike+1"],"picked":"Singing Bowl","floor":30},{"not_picked":["Exhume","Dark Embrace","Fiend Fire+1","Brutality"],"picked":"Singing Bowl","floor":33},{"not_picked":["Pommel Strike+1","Clash+1","Burning Pact+1","Headbutt+1"],"picked":"Singing Bowl","floor":41},{"not_picked":["Carnage+1","Infernal Blade+1","Anger+1","Perfected Strike+1"],"picked":"Singing Bowl","floor":44},{"not_picked":["Good Instincts","Madness","Panacea","Enlightenment"],"picked":"Singing Bowl","floor":45},{"not_picked":["Spot Weakness+1","Wild Strike+1","Searing Blow+1","Ghostly Armor+1"],"picked":"Singing Bowl","floor":47}],"player_experience":58137,"potions_floor_usage":[6,16,19,23,33,50,50,50,50,50,50,50,50,50,50],"damage_taken":[{"damage":1,"enemies":"2 Louse","floor":1,"turns":2},{"damage":0,"enemies":"Small Slimes","floor":2,"turns":2},{"damage":5,"enemies":"Cultist","floor":4,"turns":3},{"damage":1,"enemies":"Exordium Wildlife","floor":5,"turns":2},{"damage":5,"enemies":"3 Sentries","floor":6,"turns":2},{"damage":23,"enemies":"Blue Slaver","floor":7,"turns":3},{"damage":0,"enemies":"3 Louse","floor":10,"turns":3},{"damage":7,"enemies":"Lagavulin","floor":12,"turns":8},{"damage":21,"enemies":"Exordium Thugs","floor":13,"turns":4},{"damage":4,"enemies":"Looter","floor":14,"turns":1},{"damage":5,"enemies":"The Guardian","floor":16,"turns":3},{"damage":4,"enemies":"Spheric Guardian","floor":18,"turns":1},{"damage":0,"enemies":"2 Thieves","floor":19,"turns":1},{"damage":11,"enemies":"Centurion and Healer","floor":20,"turns":2},{"damage":24,"enemies":"3 Cultists","floor":21,"turns":5},{"damage":4,"enemies":"Snecko","floor":22,"turns":2},{"damage":14,"enemies":"Book of Stabbing","floor":23,"turns":3},{"damage":8,"enemies":"Cultist and Chosen","floor":24,"turns":4},{"damage":9,"enemies":"Sentry and Sphere","floor":28,"turns":3},{"damage":4,"enemies":"3 Cultists","floor":29,"turns":1},{"damage":0,"enemies":"Slavers","floor":30,"turns":1},{"damage":4,"enemies":"Cultist and Chosen","floor":31,"turns":1},{"damage":18,"enemies":"Champ","floor":33,"turns":4},{"damage":0,"enemies":"3 Darklings","floor":35,"turns":1},{"damage":0,"enemies":"Flame Bruiser 1 Orb","floor":36,"turns":1},{"damage":11,"enemies":"Transient","floor":37,"turns":5},{"damage":0,"enemies":"3 Darklings","floor":39,"turns":1},{"damage":4,"enemies":"2 Orb Walkers","floor":41,"turns":1},{"damage":4,"enemies":"Nemesis","floor":44,"turns":1},{"damage":0,"floor":47,"turns":1},{"damage":4,"enemies":"Maw","floor":48,"turns":5},{"damage":6,"enemies":"Awakened One","floor":50,"turns":4}],"relics_obtained":[{"floor":1,"key":"Omamori"},{"floor":2,"key":"The Courier"},{"floor":4,"key":"Unceasing Top"},{"floor":5,"key":"Question Card"},{"floor":6,"key":"Champion Belt"},{"floor":7,"key":"Molten Egg 2"},{"floor":9,"key":"Mercury Hourglass"},{"floor":10,"key":"Paper Frog"},{"floor":12,"key":"Bird Faced Urn"},{"floor":13,"key":"Tiny Chest"},{"floor":14,"key":"Singing Bowl"},{"floor":16,"key":"Shuriken"},{"floor":18,"key":"Happy Flower"},{"floor":19,"key":"Blood Vial"},{"floor":20,"key":"Ornamental Fan"},{"floor":21,"key":"Bottled Flame"},{"floor":22,"key":"Bronze Scales"},{"floor":23,"key":"Turnip"},{"floor":23,"key":"Charon\u0027s Ashes"},{"floor":24,"key":"Regal Pillow"},{"floor":26,"key":"Boot"},{"floor":28,"key":"Kunai"},{"floor":29,"key":"Potion Belt"},{"floor":30,"key":"Bag of Marbles"},{"floor":30,"key":"Bag of Preparation"},{"floor":31,"key":"Centennial Puzzle"},{"floor":33,"key":"Frozen Egg 2"},{"floor":35,"key":"Pen Nib"},{"floor":36,"key":"Anchor"},{"floor":37,"key":"Orichalcum"},{"floor":39,"key":"Juzu Bracelet"},{"floor":41,"key":"Art of War"},{"floor":41,"key":"Ancient Tea Set"},{"floor":43,"key":"Lantern"},{"floor":44,"key":"Whetstone"},{"floor":44,"key":"Vajra"},{"floor":47,"key":"Du-Vu Doll"},{"floor":48,"key":"Bottled Lightning"}],"event_choices":[{"event_name":"The Cleric","player_choice":"Card Removal","floor":3,"damage_taken":0},{"event_name":"Accursed Blacksmith","player_choice":"Forge","floor":8,"damage_taken":0},{"event_name":"Tomb of Lord Red Mask","player_choice":"Ignored","floor":38,"damage_taken":0},{"event_name":"SensoryStone","player_choice":"Memory 1","floor":45,"damage_taken":0},{"event_name":"Winding Halls","player_choice":"Embrace Madness","floor":46,"damage_taken":0},{"event_name":"Mysterious Sphere","player_choice":"Fight","floor":47,"damage_taken":0}],"boss_relics":[{"not_picked":["Tiny House","Eternal Feather"],"picked":"Black Star"},{"not_picked":["Black Blood","Orrery"],"picked":"Philosopher\u0027s Stone"}],"items_purged_floors":[42],"potions_floor_spawned":[1,12,13,14,18,20,21,23,31,33,35,36,39,48],"seed_played":"1328188015315742708","ascension_level":0,"potions_obtained":[{"floor":1,"key":"GamblersBrew"},{"floor":12,"key":"SpeedPotion"},{"floor":13,"key":"SteroidPotion"},{"floor":14,"key":"LiquidBronze"},{"floor":18,"key":"Dexterity Potion"},{"floor":20,"key":"SteroidPotion"},{"floor":23,"key":"Weak Potion"},{"floor":31,"key":"PowerPotion"},{"floor":33,"key":"Regen Potion"},{"floor":35,"key":"Explosive Potion"},{"floor":36,"key":"SteroidPotion"},{"floor":39,"key":"Strength Potion"}],"is_trial":false}