{"gold_per_floor":[114,124,74,93,112,112,137,137,185,185,110,185,200,233,233,334,334,346,346,346,54,54,83,83,83,83,83,112,67,77,96,96,96],"floor_reached":33,"playtime":3971,"items_purged":["Strike_R"],"score":451,"play_id":"219cd8bd-dacd-4b12-ac71-4e74137e795f","local_time":"20181028222453","is_ascension_mode":true,"campfire_choices":[{"data":"Whirlwind","floor":6,"key":"SMITH"},{"data":"Shockwave","floor":8,"key":"SMITH"},{"data":"Armaments","floor":10,"key":"SMITH"},{"floor":15,"key":"REST"},{"data":"J.A.X.","floor":25,"key":"SMITH"},{"floor":27,"key":"REST"},{"floor":32,"key":"REST"}],"neow_cost":"NONE","seed_source_timestamp":1569167503148801,"circlet_count":0,"master_deck":["Strike_R","Strike_R","Strike_R","Defend_R","Defend_R","Defend_R","Defend_R","Bash","AscendersBane","Impervious","Shockwave+1","Armaments+1","Whirlwind+1","Impervious","Reaper","Evolve","Writhe","J.A.X.+1","Bandage Up","Doppelganger+1","Shrug It Off+1","Auto Shields+1","Backflip+1"],"relics":["Burning Blood","Darkstone Periapt","Vajra","Happy Flower","Mark of Pain","Red Skull","PrismaticShard","Lantern","Toxic Egg 2","Anchor"],"potions_floor_usage":[5,14,16,31,33],"damage_taken":[{"damage":25,"enemies":"Jaw Worm","floor":1,"turns":7},{"damage":8,"enemies":"Small Slimes","floor":2,"turns":5},{"damage":2,"enemies":"Cultist","floor":4,"turns":5},{"damage":9,"enemies":"Exordium Wildlife","floor":5,"turns":7},{"damage":7,"enemies":"3 Sentries","floor":7,"turns":4},{"damage":0,"enemies":"Large Slime","floor":13,"turns":3},{"damage":7,"enemies":"Lagavulin","floor":14,"turns":7},{"damage":16,"enemies":"The Guardian","floor":16,"turns":15},{"damage":11,"enemies":"Shell Parasite","floor":18,"turns":6},{"damage":45,"enemies":"Book of Stabbing","floor":23,"turns":6},{"damage":52,"enemies":"Slavers","floor":28,"turns":5},{"damage":27,"enemies":"3 Byrds","floor":30,"turns":4},{"damage":0,"enemies":"Centurion and Healer","floor":31,"turns":7},{"damage":97,"enemies":"Champ","floor":33,"turns":10}],"seed_played":"8136931300428142222","potions_obtained":[{"floor":4,"key":"Poison Potion"},{"floor":5,"key":"Weak Potion"},{"floor":13,"key":"Strength Potion"},{"floor":28,"key":"Explosive Potion"},{"floor":30,"key":"AttackPotion"}],"is_trial":false,"path_per_floor":["M","M","?","M","M","R","E","R","T","R","$","?","M","E","R","B",null,"M","?","?","$","$","E","?","R","T","R","E","$","M","M","R"],"character_chosen":"IRONCLAD","items_purchased":["PrismaticShard","Bandage Up","Shrug It Off+1"],"campfire_rested":3,"item_purchase_floors":[21,21,29],"current_hp_per_floor":[53,51,51,55,52,52,51,51,51,51,51,40,46,45,69,59,75,70,76,76,76,76,48,48,48,48,73,31,31,30,52,77,0],"gold":96,"neow_bonus":"ONE_RANDOM_RARE_CARD","is_prod":false,"is_daily":false,"chose_seed":false,"campfire_upgraded":4,"win_rate":0,"timestamp":1540783493,"path_taken":["M","M","?","M","M","R","E","R","T","R","$","?","?","E","R","BOSS","M","?","?","?","$","E","?","R","T","R","E","?","M","M","R","BOSS"],"build_version":"2018-10-25v2","purchased_purges":1,"victory":false,"max_hp_per_floor":[80,80,80,80,80,80,80,80,80,80,80,80,80,80,80,80,80,80,86,86,86,86,86,86,86,86,86,86,86,86,86,86,86],"card_choices":[{"not_picked":["Twin Strike","Havoc"],"picked":"Shockwave","floor":1},{"not_picked":["Clash","Iron Wave"],"picked":"Armaments","floor":2},{"not_picked":["Cleave","Heavy Blade"],"picked":"Whirlwind","floor":4},{"not_picked":["Headbutt","Rampage","Anger"],"picked":"SKIP","floor":5},{"not_picked":["Power Through","Warcry"],"picked":"Impervious","floor":7},{"not_picked":["Iron Wave","Heavy Blade","Headbutt"],"picked":"SKIP","floor":13},{"not_picked":["Hemokinesis","Feel No Pain","Entrench"],"picked":"SKIP","floor":14},{"not_picked":["Offering","Fiend Fire"],"picked":"Reaper","floor":16},{"not_picked":["Dropkick","Thunderclap+1"],"picked":"Evolve","floor":18},{"not_picked":["Deflect","Havoc","Barrage+1"],"picked":"SKIP","floor":23},{"not_picked":["Prepared+1","Thunderclap"],"picked":"Doppelganger+1","floor":28},{"not_picked":["Sentinel+1","Headbutt"],"picked":"Auto Shields+1","floor":30},{"not_picked":["Uppercut","Deflect+1"],"picked":"Backflip+1","floor":31}],"player_experience":841669,"relics_obtained":[{"floor":7,"key":"Darkstone Periapt"},{"floor":9,"key":"Vajra"},{"floor":14,"key":"Happy Flower"},{"floor":23,"key":"Lantern"},{"floor":26,"key":"Toxic Egg 2"},{"floor":28,"key":"Anchor"}],"event_choices":[{"cards_removed":["Strike_R"],"damage_healed":0,"gold_gain":0,"player_choice":"Card Removal","damage_taken":0,"max_hp_gain":0,"max_hp_loss":0,"event_name":"The Cleric","floor":3,"gold_loss":50},{"damage_healed":0,"gold_gain":75,"player_choice":"Gather Gold","damage_taken":11,"max_hp_gain":0,"max_hp_loss":0,"event_name":"World of Goop","floor":12,"gold_loss":0},{"damage_healed":0,"gold_gain":0,"player_choice":"Opened","damage_taken":0,"relics_obtained":["Red Skull"],"max_hp_gain":0,"max_hp_loss":0,"event_name":"The Mausoleum","floor":19,"gold_loss":0,"cards_obtained":["Writhe"]},{"damage_healed":0,"gold_gain":0,"player_choice":"Obtain J.A.X.","damage_taken":0,"max_hp_gain":0,"max_hp_loss":0,"event_name":"Drug Dealer","floor":20,"gold_loss":0,"cards_obtained":["J.A.X."]},{"damage_healed":0,"gold_gain":0,"player_choice":"Ignored","damage_taken":0,"max_hp_gain":0,"max_hp_loss":0,"event_name":"Ghosts","floor":24,"gold_loss":0}],"is_beta":false,"boss_relics":[{"not_picked":["White Beast Statue","Runic Dome"],"picked":"Mark of Pain"}],"items_purged_floors":[11],"is_endless":false,"potions_floor_spawned":[4,5,13,28,30],"killed_by":"Champ","ascension_level":11}