{"gold_per_floor":[116,291,162,162,174,174,206,206,232,75,87,87,123,147,147,277,277,297,297,317,217,235,235,268,268,321,321,335,59,59,85,85,85],"floor_reached":33,"playtime":1146,"items_purged":["Shame","Injury"],"score":339,"play_id":"652a252f-7865-407f-aa19-e5014537ef41","local_time":"20190821155558","is_ascension_mode":true,"campfire_choices":[{"data":"Bludgeon","floor":6.0,"key":"SMITH"},{"data":"Perfected Strike","floor":8.0,"key":"SMITH"},{"data":"Shrug It Off","floor":15.0,"key":"SMITH"},{"data":"Pommel Strike","floor":23.0,"key":"SMITH"},{"data":"Metallicize","floor":25.0,"key":"SMITH"},{"data":"Bash","floor":27.0,"key":"SMITH"},{"data":"Mayhem","floor":32.0,"key":"SMITH"}],"neow_cost":"CURSE","seed_source_timestamp":0,"circlet_count":0,"master_deck":["Strike_R","Strike_R","Strike_R","Strike_R","Strike_R","Defend_R","Defend_R+1","Defend_R+1","Bash+1","Bludgeon+1","Perfected Strike+1","Pommel Strike+1","Feed+1","Shrug It Off+1","Perfected Strike+1","Metallicize+1","Mayhem+1"],"special_seed":0,"relics":["Burning Blood","Molten Egg 2","Orichalcum","Golden Idol","Happy Flower","Sozu","Smiling Mask","War Paint","Membership Card","Toxic Egg 2","Anchor"],"potions_floor_usage":[33],"damage_taken":[{"damage":7.0,"enemies":"Small Slimes","floor":1.0,"turns":2.0},{"damage":4.0,"enemies":"Jaw Worm","floor":5.0,"turns":3.0},{"damage":25.0,"enemies":"3 Sentries","floor":7.0,"turns":7.0},{"damage":0.0,"enemies":"2 Louse","floor":11.0,"turns":2.0},{"damage":10.0,"enemies":"Gremlin Nob","floor":13.0,"turns":3.0},{"damage":2.0,"enemies":"Blue Slaver","floor":14.0,"turns":4.0},{"damage":43.0,"enemies":"Hexaghost","floor":16.0,"turns":8.0},{"damage":1.0,"enemies":"Chosen","floor":18.0,"turns":4.0},{"damage":6.0,"enemies":"Shell Parasite","floor":20.0,"turns":4.0},{"damage":1.0,"enemies":"Snecko","floor":22.0,"turns":3.0},{"damage":30.0,"enemies":"Gremlin Leader","floor":24.0,"turns":4.0},{"damage":10.0,"enemies":"Shelled Parasite and Fungi","floor":28.0,"turns":3.0},{"damage":63,"enemies":"Collector","floor":33,"turns":7}],"seed_played":"1590331998925336129","potions_obtained":[{"floor":1.0,"key":"SteroidPotion"},{"floor":11.0,"key":"BloodPotion"},{"floor":14.0,"key":"Weak Potion"},{"floor":16.0,"key":"Explosive Potion"}],"is_trial":false,"path_per_floor":["M","?","$","?","M","R","E","R","T","$","M","?","E","M","R","B",null,"M","?","M","$","M","R","E","R","T","R","M","$","?","T","R","B"],"character_chosen":"IRONCLAD","items_purchased":["Pommel Strike","Feed+1","Membership Card","Mayhem"],"campfire_rested":0,"item_purchase_floors":[3,10,29,29],"current_hp_per_floor":[79,79,79,79,80,80,61,61,61,61,71,71,67,71,71,34,72,77,77,77,77,82,82,62,62,62,62,62,62,62,62,62,0],"gold":85,"neow_bonus":"THREE_RARE_CARDS","is_prod":false,"is_daily":false,"chose_seed":false,"campfire_upgraded":7,"win_rate":0,"timestamp":1566395758,"path_taken":["M","?","$","?","M","R","E","R","T","$","M","?","E","M","R","BOSS","M","?","?","$","M","R","E","R","T","R","M","$","?","?","R","BOSS"],"build_version":"2019-07-17","purchased_purges":2,"victory":false,"max_hp_per_floor":[80,80,80,80,80,80,80,80,80,80,84,84,84,84,84,84,84,84,84,84,84,84,84,88,88,88,88,92,92,92,92,92,92],"card_choices":[{"not_picked":["Fiend Fire","Reaper"],"picked":"Bludgeon","floor":0.0},{"not_picked":["Dual Wield","Thunderclap"],"picked":"Perfected Strike","floor":1.0},{"not_picked":["Burning Pact","Corruption","Rampage"],"picked":"SKIP","floor":5.0},{"not_picked":["Spot Weakness","Clash","Juggernaut"],"picked":"SKIP","floor":7.0},{"not_picked":["Iron Wave+1","Body Slam+1"],"picked":"Shrug It Off","floor":11.0},{"not_picked":["Rupture","Flex"],"picked":"Perfected Strike+1","floor":13.0},{"not_picked":["Cleave+1","Fire Breathing","Thunderclap+1"],"picked":"SKIP","floor":14.0},{"not_picked":["Warcry","Wild Strike+1","Rampage+1"],"picked":"SKIP","floor":18.0},{"not_picked":["Iron Wave+1","Headbutt+1","Flex+1"],"picked":"SKIP","floor":20.0},{"not_picked":["Anger+1","Searing Blow+1","Flex"],"picked":"SKIP","floor":22.0},{"not_picked":["Iron Wave+1","Wild Strike+1","Inflame"],"picked":"SKIP","floor":24.0},{"not_picked":["Clothesline+1","Rage","Dual Wield"],"picked":"SKIP","floor":28.0}],"player_experience":312270,"relics_obtained":[{"floor":7.0,"key":"Molten Egg 2"},{"floor":9.0,"key":"Orichalcum"},{"floor":13.0,"key":"Happy Flower"},{"floor":24.0,"key":"Smiling Mask"},{"floor":26.0,"key":"War Paint"},{"floor":31.0,"key":"Anchor"}],"event_choices":[{"damage_healed":0.0,"max_hp_gain":0.0,"max_hp_loss":0.0,"gold_gain":175.0,"event_name":"Liars Game","player_choice":"AGREE","floor":2.0,"gold_loss":0.0,"damage_taken":0.0,"cards_obtained":["Doubt"]},{"cards_removed":["Doubt"],"damage_healed":0.0,"max_hp_gain":0.0,"max_hp_loss":0.0,"gold_gain":0.0,"event_name":"Living Wall","player_choice":"Forget","floor":4.0,"gold_loss":0.0,"damage_taken":0.0},{"damage_healed":0.0,"max_hp_gain":0.0,"max_hp_loss":0.0,"gold_gain":0.0,"event_name":"Golden Idol","player_choice":"Take Wound","floor":12.0,"gold_loss":0.0,"damage_taken":0.0,"relics_obtained":["Golden Idol"],"cards_obtained":["Injury"]},{"damage_healed":0.0,"max_hp_gain":0.0,"max_hp_loss":0.0,"gold_gain":0.0,"cards_transformed":["Defend_R"],"event_name":"Transmorgrifier","player_choice":"Transformed","floor":19.0,"gold_loss":0.0,"damage_taken":0.0,"cards_obtained":["Metallicize"]},{"damage_healed":0.0,"max_hp_gain":0.0,"max_hp_loss":0.0,"gold_gain":0.0,"event_name":"The Mausoleum","player_choice":"Opened","floor":30.0,"gold_loss":0.0,"damage_taken":0.0,"relics_obtained":["Toxic Egg 2"]}],"is_beta":false,"boss_relics":[{"not_picked":["Empty Cage","Cursed Key"],"picked":"Sozu"}],"items_purged_floors":[3,21],"is_endless":false,"potions_floor_spawned":[1,11,14,16,18,20,28],"killed_by":"Collector","ascension_level":5}