{"gold_per_floor":[359,372,372,92,103,103,138,138,138,138,138,149,181,196,196,273,273,284,184,99,24,24,24,0,0,0,0,0,0,0,0],"floor_reached":31,"playtime":669,"items_purged":["Strike_R","Strike_R"],"score":474,"play_id":"d853db3f-9066-4912-9bc2-ff39ba486a05","local_time":"20190925125908","is_ascension_mode":true,"campfire_choices":[{"data":"Spot Weakness","floor":6,"key":"SMITH"},{"data":"Rage","floor":11,"key":"SMITH"},{"data":"Anger","floor":15,"key":"SMITH"},{"data":"Berserk","floor":23,"key":"SMITH"},{"data":"Master of Strategy","floor":25,"key":"SMITH"},{"floor":27,"key":"REST"},{"data":"Exhume","floor":30,"key":"SMITH"}],"neow_cost":"TEN_PERCENT_HP_LOSS","seed_source_timestamp":736878954137600,"circlet_count":0,"master_deck":["AscendersBane","Defend_R","Defend_R","Defend_R","Defend_R","Bash","Spot Weakness+1","Master of Strategy+1","Anger+1","Rage+1","Feel No Pain","Warcry","Berserk+1","Exhume+1"],"relics":["Burning Blood","Mummified Hand","Omamori","Incense Burner","SlaversCollar","Blue Candle","Kunai"],"potions_floor_usage":[13,18],"damage_taken":[{"damage":9,"enemies":"Jaw Worm","floor":1,"turns":5},{"damage":4,"enemies":"Small Slimes","floor":2,"turns":3},{"damage":6,"enemies":"2 Louse","floor":5,"turns":3},{"damage":25,"enemies":"Lagavulin","floor":7,"turns":7},{"damage":8,"enemies":"Blue Slaver","floor":12,"turns":3},{"damage":41,"enemies":"Gremlin Nob","floor":13,"turns":4},{"damage":1,"enemies":"Looter","floor":14,"turns":3},{"damage":29,"enemies":"Hexaghost","floor":16,"turns":8},{"damage":3,"enemies":"Chosen","floor":18,"turns":9},{"damage":24,"enemies":"2 Thieves","floor":24,"turns":4},{"damage":45,"enemies":"Cultist and Chosen","floor":31,"turns":5}],"seed_played":"-8588658169873280029","potions_obtained":[{"floor":2,"key":"FairyPotion"},{"floor":12,"key":"Swift Potion"},{"floor":13,"key":"Fire Potion"}],"is_trial":false,"path_per_floor":["M","M","?","$","M","R","E","?","T","?","R","M","E","M","R","B",null,"M","$","?","?","?","R","M","R","T","R","$","?","R","M"],"character_chosen":"IRONCLAD","items_purchased":["Master of Strategy"],"campfire_rested":1,"item_purchase_floors":[4],"current_hp_per_floor":[65,67,67,67,67,67,48,48,48,41,41,39,26,31,31,8,53,56,56,56,56,56,56,38,38,38,58,58,58,58,13],"gold":0,"neow_bonus":"TWO_FIFTY_GOLD","is_prod":false,"is_daily":false,"chose_seed":false,"campfire_upgraded":6,"win_rate":0,"timestamp":1569441548,"path_taken":["M","M","?","$","M","R","E","?","T","?","R","M","E","M","R","BOSS","M","$","?","?","?","R","M","R","T","R","$","?","R","M"],"build_version":"2019-09-24","purchased_purges":2,"victory":false,"max_hp_per_floor":[68,68,68,68,68,68,68,68,68,68,68,68,68,68,68,68,68,68,68,68,68,68,68,68,68,68,68,68,68,68,68],"card_choices":[{"not_picked":["Pommel Strike","Warcry"],"picked":"Spot Weakness","floor":1},{"not_picked":["Iron Wave","Heavy Blade","Clothesline"],"picked":"SKIP","floor":2},{"not_picked":["Thunderclap","Shrug It Off"],"picked":"Anger","floor":5},{"not_picked":["Exhume","Anger"],"picked":"Rage","floor":7},{"not_picked":["Perfected Strike","Armaments"],"picked":"Feel No Pain","floor":12},{"not_picked":["Sword Boomerang","Wild Strike"],"picked":"Warcry","floor":13},{"not_picked":["Heavy Blade","Thunderclap","Flame Barrier"],"picked":"SKIP","floor":14},{"not_picked":["Double Tap","Feed"],"picked":"Berserk","floor":16},{"not_picked":["Shrug It Off","Flex","Heavy Blade"],"picked":"SKIP","floor":18},{"not_picked":["Sword Boomerang","Clothesline","Reckless Charge"],"picked":"SKIP","floor":24}],"player_experience":1031696,"relics_obtained":[{"floor":7,"key":"Mummified Hand"},{"floor":9,"key":"Omamori"},{"floor":13,"key":"Incense Burner"},{"floor":26,"key":"Kunai"}],"event_choices":[{"damage_healed":0,"gold_gain":0,"player_choice":"Ignored","damage_taken":0,"max_hp_gain":0,"max_hp_loss":0,"event_name":"Liars Game","floor":3,"gold_loss":0},{"damage_healed":0,"gold_gain":0,"player_choice":"Searched \u00270\u0027 times","damage_taken":0,"max_hp_gain":0,"max_hp_loss":0,"event_name":"Dead Adventurer","floor":8,"gold_loss":0},{"cards_removed":["Strike_R"],"damage_healed":0,"gold_gain":0,"player_choice":"Card Removal","damage_taken":7,"max_hp_gain":0,"max_hp_loss":0,"event_name":"Golden Wing","floor":10,"gold_loss":0},{"damage_healed":0,"gold_gain":0,"player_choice":"Obtained Relic","damage_taken":0,"relics_obtained":["Blue Candle"],"max_hp_gain":0,"max_hp_loss":0,"event_name":"Addict","floor":20,"gold_loss":85},{"cards_removed":["Strike_R"],"damage_healed":0,"gold_gain":0,"player_choice":"Gave Gold","damage_taken":0,"max_hp_gain":0,"max_hp_loss":0,"event_name":"Beggar","floor":21,"gold_loss":75},{"damage_healed":0,"gold_gain":0,"player_choice":"Ignored","damage_taken":0,"max_hp_gain":0,"max_hp_loss":0,"event_name":"Ghosts","floor":22,"gold_loss":0},{"damage_healed":0,"gold_gain":0,"cards_transformed":["Strike_R"],"player_choice":"Transformed","damage_taken":0,"max_hp_gain":0,"max_hp_loss":0,"event_name":"Transmorgrifier","floor":29,"gold_loss":0,"cards_obtained":["Exhume"]}],"is_beta":true,"boss_relics":[{"not_picked":["Ectoplasm","Black Star"],"picked":"SlaversCollar"}],"items_purged_floors":[4,19],"is_endless":false,"potions_floor_spawned":[2,12,13],"killed_by":"Cultist and Chosen","ascension_level":20}