{"gold_per_floor":[117,71,81,97,109,135,135,60,107,171,171,181,181,198,198,302,302,319,338,338,338,253,253],"floor_reached":23,"playtime":3527,"items_purged":["Bash"],"score":221,"play_id":"5add4ec5-6cc2-4fd2-918c-be637571fed4","local_time":"20180826103950","is_ascension_mode":true,"campfire_choices":[{"data":"Pommel Strike","floor":7,"key":"SMITH"},{"data":"Fiend Fire","floor":11,"key":"SMITH"},{"data":"Whirlwind","floor":15,"key":"SMITH"}],"neow_cost":"NONE","seed_source_timestamp":991671587221364,"circlet_count":0,"master_deck":["Strike_R","Strike_R","Strike_R","Strike_R","Strike_R","Defend_R","Defend_R","Defend_R","Defend_R","Fiend Fire+1","Anger","Anger","Rampage","Pommel Strike+1","True Grit","Iron Wave","Whirlwind+1","Inflame","Demon Form","Anger","Spot Weakness+1"],"relics":["Burning Blood","Self Forming Clay","Juzu Bracelet","Tiny Chest","Toxic Egg 2","Sozu","MutagenicStrength","Champion Belt"],"potions_floor_usage":[6,16,16,23],"damage_taken":[{"damage":1,"enemies":"Cultist","floor":1,"turns":3},{"damage":0,"enemies":"2 Louse","floor":3,"turns":3},{"damage":9,"enemies":"Jaw Worm","floor":4,"turns":3},{"damage":5,"enemies":"Exordium Wildlife","floor":5,"turns":3},{"damage":21,"enemies":"Lagavulin","floor":6,"turns":5},{"damage":12,"enemies":"Gremlin Nob","floor":10,"turns":4},{"damage":8,"enemies":"3 Louse","floor":12,"turns":3},{"damage":5,"enemies":"2 Fungi Beasts","floor":14,"turns":3},{"damage":38,"enemies":"Slime Boss","floor":16,"turns":8},{"damage":16,"enemies":"Spheric Guardian","floor":18,"turns":4},{"damage":22,"enemies":"2 Thieves","floor":19,"turns":3},{"damage":39,"enemies":"Colosseum Slavers","floor":20,"turns":4},{"damage":21,"enemies":"Gremlin Leader","floor":23,"turns":7}],"seed_played":"-9091419224142341576","potions_obtained":[{"floor":1,"key":"AttackPotion"},{"floor":4,"key":"Swift Potion"},{"floor":12,"key":"SkillPotion"},{"floor":16,"key":"Dexterity Potion"}],"is_trial":false,"path_per_floor":["M","$","M","M","M","E","R","$","T","E","R","M","T","M","R","B",null,"M","M","?","?","?"],"character_chosen":"IRONCLAD","items_purchased":["Anger"],"campfire_rested":0,"item_purchase_floors":[2],"current_hp_per_floor":[80,80,80,77,78,63,63,63,63,57,57,55,55,56,56,24,80,70,54,21,21,21,0],"gold":253,"neow_bonus":"ONE_RANDOM_RARE_CARD","is_prod":false,"is_daily":false,"chose_seed":false,"campfire_upgraded":3,"win_rate":0,"timestamp":1535297990,"path_taken":["M","$","M","M","M","E","R","$","T","E","R","M","?","M","R","BOSS","M","M","?","?","?","E"],"build_version":"2018-08-23v2","purchased_purges":1,"victory":false,"max_hp_per_floor":[80,80,80,80,80,80,80,80,80,80,80,80,80,80,80,80,80,80,80,80,80,80,80],"card_choices":[{"not_picked":["Warcry","Twin Strike"],"picked":"Anger","floor":1},{"not_picked":["Body Slam","Combust","Twin Strike"],"picked":"SKIP","floor":3},{"not_picked":["Disarm","Thunderclap"],"picked":"Rampage","floor":4},{"not_picked":["Iron Wave","Warcry"],"picked":"Pommel Strike","floor":5},{"not_picked":["Dark Embrace","Flex"],"picked":"True Grit","floor":6},{"not_picked":["Clothesline","Cleave"],"picked":"Iron Wave","floor":10},{"not_picked":["Body Slam","Immolate"],"picked":"Whirlwind","floor":12},{"not_picked":["True Grit+1","Havoc+1"],"picked":"Inflame","floor":14},{"not_picked":["Feed","Brutality"],"picked":"Demon Form","floor":16},{"not_picked":["Perfected Strike","Intimidate+1"],"picked":"Anger","floor":18},{"not_picked":["Searing Blow","Pommel Strike"],"picked":"Spot Weakness+1","floor":19}],"player_experience":284861,"relics_obtained":[{"floor":6,"key":"Self Forming Clay"},{"floor":9,"key":"Juzu Bracelet"},{"floor":10,"key":"Tiny Chest"},{"floor":13,"key":"Toxic Egg 2"}],"event_choices":[{"event_name":"Colosseum","player_choice":"Fight","floor":20,"damage_taken":0},{"event_name":"Colosseum","player_choice":"Fled From Nobs","floor":20,"damage_taken":0},{"event_name":"Drug Dealer","player_choice":"Inject Mutagens","floor":21,"damage_taken":0},{"event_name":"Addict","player_choice":"Obtained Relic","floor":22,"damage_taken":0}],"is_beta":false,"boss_relics":[{"not_picked":["Pandora\u0027s Box","Tiny House"],"picked":"Sozu"}],"items_purged_floors":[8],"is_endless":false,"potions_floor_spawned":[1,4,12,16,19,20],"killed_by":"Gremlin Leader","ascension_level":2}