{"gold_per_floor":[111,124,24,24,24,49,49,62,104,114,135,145,169,179,189,277,287,317,337,360,370,380,390,410,430,440,2,2,2,12,12,12,12],"floor_reached":33,"playtime":1091,"items_purged":["Strike_R","Strike_R"],"score":556,"play_id":"03d45ea5-5a1f-493d-bea8-e407f114b104","local_time":"20190906192840","is_ascension_mode":true,"campfire_choices":[{"data":"Uppercut","floor":7,"key":"SMITH"},{"data":"Disarm","floor":12,"key":"SMITH"},{"data":"True Grit","floor":15,"key":"SMITH"},{"data":"Shrug It Off","floor":23,"key":"SMITH"},{"data":"Immolate","floor":29,"key":"SMITH"},{"floor":32,"key":"REST"}],"neow_cost":"NONE","seed_source_timestamp":25904111075511,"circlet_count":0,"master_deck":["Defend_R","Defend_R","Defend_R","Bash","AscMod:ascendersbane","Exhume+1","Rampage+1","Fire Breathing+1","True Grit+1","Uppercut+1","Disarm+1","Shrug It Off+1","Immolate+1"],"special_seed":0,"relics":["Astrolabe","Bloody Idol","PreservedInsect","Juzu Bracelet","MawBank","Matryoshka","Busted Crown","Boot","Happy Flower","Blood Vial","Centennial Puzzle","MutagenicStrength"],"potions_floor_usage":[11,19,19,30,33],"damage_taken":[{"damage":4.0,"enemies":"Small Slimes","floor":1.0,"turns":4.0},{"damage":6.0,"enemies":"Cultist","floor":2.0,"turns":4.0},{"damage":30,"enemies":"Lagavulin","floor":6,"turns":8},{"damage":0,"enemies":"2 Louse","floor":8,"turns":3},{"damage":14,"enemies":"Lots of Slimes","floor":11,"turns":4},{"damage":5,"enemies":"3 Louse","floor":13,"turns":4},{"damage":2,"enemies":"Hexaghost","floor":16,"turns":10},{"damage":2,"enemies":"Shell Parasite","floor":18,"turns":6},{"damage":12,"enemies":"Chosen","floor":19,"turns":7},{"damage":8,"enemies":"Snecko","floor":20,"turns":8},{"damage":28,"enemies":"3 Cultists","floor":24,"turns":5},{"damage":6,"enemies":"Snake Plant","floor":25,"turns":6},{"damage":18,"enemies":"Centurion and Healer","floor":30,"turns":6},{"damage":0,"enemies":"Automaton","floor":33,"turns":1}],"seed_played":"-8073271783836842196","potions_obtained":[{"floor":2.0,"key":"Regen Potion"},{"floor":8,"key":"BloodPotion"},{"floor":11,"key":"Block Potion"},{"floor":18,"key":"AttackPotion"},{"floor":20,"key":"FearPotion"},{"floor":25,"key":"EssenceOfSteel"},{"floor":28,"key":"Strength Potion"}],"is_trial":false,"path_per_floor":["M","M","$","?","?","E","R","M","T","?","M","R","M","?","R","B",null,"M","M","M","?","?","R","M","M","T","$","?","R","M","?","R","B"],"character_chosen":"IRONCLAD","items_purchased":["Blood Vial","Centennial Puzzle"],"campfire_rested":1,"item_purchase_floors":[27,27],"current_hp_per_floor":[64,58,58,58,58,28,28,28,28,32,32,32,27,9,9,7,47,45,33,25,25,29,33,13,15,19,23,23,23,11,11,28,30],"gold":12,"neow_bonus":"BOSS_RELIC","is_prod":false,"is_daily":false,"chose_seed":false,"campfire_upgraded":5,"win_rate":0,"timestamp":1567772920,"path_taken":["M","M","$","?","?","E","R","M","T","?","M","R","M","?","R","BOSS","M","M","M","?","?","R","M","M","T","$","?","R","M","?","R","BOSS"],"build_version":"2019-07-17","purchased_purges":2,"victory":false,"max_hp_per_floor":[75,75,75,68,68,68,68,68,68,73,73,73,73,73,73,73,73,73,73,73,73,73,73,73,73,73,73,73,73,73,73,73,73],"card_choices":[{"not_picked":["Cleave","Flex","Armaments"],"picked":"SKIP","floor":1.0},{"not_picked":["Inflame","Havoc"],"picked":"True Grit","floor":2.0},{"not_picked":["Carnage","Pummel"],"picked":"Uppercut","floor":6},{"not_picked":["Iron Wave","Clothesline"],"picked":"Disarm","floor":8},{"not_picked":["Perfected Strike","Sentinel"],"picked":"Shrug It Off","floor":11},{"not_picked":["Iron Wave","Warcry","Searing Blow"],"picked":"SKIP","floor":13},{"not_picked":["Limit Break","Brutality"],"picked":"Immolate","floor":16},{"not_picked":["Warcry"],"picked":"SKIP","floor":18},{"not_picked":["Combust"],"picked":"SKIP","floor":19},{"not_picked":["Searing Blow+1"],"picked":"SKIP","floor":20},{"not_picked":["Thunderclap"],"picked":"SKIP","floor":24},{"not_picked":["Wild Strike"],"picked":"SKIP","floor":25},{"not_picked":["Pummel"],"picked":"SKIP","floor":30}],"player_experience":1146476,"relics_obtained":[{"floor":6,"key":"Juzu Bracelet"},{"floor":9,"key":"MawBank"},{"floor":26,"key":"Boot"},{"floor":26,"key":"Happy Flower"}],"event_choices":[{"damage_healed":0.0,"max_hp_gain":0.0,"max_hp_loss":7.0,"gold_gain":0.0,"event_name":"Golden Idol","player_choice":"Lose Max HP","floor":4.0,"gold_loss":0.0,"damage_taken":0.0,"relics_obtained":["Golden Idol"]},{"damage_healed":0.0,"max_hp_gain":0.0,"max_hp_loss":0.0,"gold_gain":0.0,"event_name":"WeMeetAgain","player_choice":"Gave Potion","floor":5.0,"gold_loss":0.0,"damage_taken":0.0,"relics_obtained":["PreservedInsect"]},{"damage_healed":0,"gold_gain":0,"player_choice":"Donut","damage_taken":0,"max_hp_gain":5,"max_hp_loss":0,"event_name":"Big Fish","floor":10,"gold_loss":0},{"damage_healed":0,"gold_gain":0,"player_choice":"Success","damage_taken":18,"relics_obtained":["Matryoshka"],"max_hp_gain":0,"max_hp_loss":0,"event_name":"Scrap Ooze","floor":14,"gold_loss":0},{"damage_healed":0,"gold_gain":0,"player_choice":"Gave Idol","damage_taken":0,"relics_obtained":["Bloody Idol"],"max_hp_gain":0,"max_hp_loss":0,"event_name":"Forgotten Altar","floor":21,"relics_lost":["Golden Idol"],"gold_loss":0},{"cards_removed":["Strike_R"],"damage_healed":0,"gold_gain":0,"player_choice":"Elegance","damage_taken":0,"max_hp_gain":0,"max_hp_loss":0,"event_name":"Back to Basics","floor":22,"gold_loss":0},{"damage_healed":0,"gold_gain":0,"player_choice":"Got Potions","damage_taken":0,"max_hp_gain":0,"max_hp_loss":0,"event_name":"Lab","floor":28,"gold_loss":0},{"damage_healed":0,"gold_gain":0,"player_choice":"Inject Mutagens","damage_taken":0,"relics_obtained":["MutagenicStrength"],"max_hp_gain":0,"max_hp_loss":0,"event_name":"Drug Dealer","floor":31,"gold_loss":0}],"is_beta":false,"boss_relics":[{"not_picked":["VoidEssence"],"picked":"Scatterbrain"},{"not_picked":["VoidEssence"],"picked":"Scatterbrain"},{"not_picked":["Black Star","Pandora\u0027s Box"],"picked":"Busted Crown"}],"items_purged_floors":[3,27],"is_endless":false,"potions_floor_spawned":[2,8,11,18,20,25],"killed_by":"Automaton","ascension_level":25}