{"gold_per_floor":[109,34,34,46,56,91,64,82,82,82,107,107,123,135,135,239,239,249,249,249,249,130,130,159,159,159,172,191,23,51,71,71,168,168,182,143,0,0,15,15,40,40,64,82,92,17,36,55,55,55],"floor_reached":50,"playtime":18328,"items_purged":["Strike_G","Doubt"],"score":846,"play_id":"f5796eaf-58f5-42a5-baf8-33b2d5c7c324","local_time":"20181012150812","is_ascension_mode":true,"campfire_choices":[{"floor":10,"key":"REST"},{"floor":12,"key":"REST"},{"data":"Leg Sweep","floor":15,"key":"SMITH"},{"data":"Noxious Fumes","floor":23,"key":"SMITH"},{"floor":25,"key":"REST"},{"floor":32,"key":"REST"},{"floor":40,"key":"REST"},{"data":"A Thousand Cuts","floor":42,"key":"SMITH"},{"floor":49,"key":"REST"}],"neow_cost":"NONE","seed_source_timestamp":67369974840312,"circlet_count":0,"master_deck":["Defend_G+1","Defend_G+1","Defend_G+1","Defend_G+1","Defend_G+1","Strike_G+1","Strike_G+1","Strike_G+1","Strike_G+1","Survivor","Neutralize+1","AscendersBane","Predator","Leg Sweep+1","Crippling Poison","Blur","Dodge and Roll","Bouncing Flask","Bouncing Flask","Blur","Tools of the Trade","Deadly Poison","Noxious Fumes+1","Noxious Fumes","Backflip","Leg Sweep+1","Well Laid Plans+1","Dash+1","Catalyst","Backstab","Cloak And Dagger","A Thousand Cuts+1","Bane+1","Footwork+1","Blur","A Thousand Cuts+1","Infinite Blades+1","Catalyst"],"relics":["Philosopher\u0027s Stone","Ninja Scroll","Calipers","Pocketwatch","Cursed Key","Enchiridion","Vajra","Boot","Omamori","Lizard Tail","Red Mask","Frozen Egg 2","Art of War"],"potions_floor_usage":[11,16,18,24,24,31,41,45,50],"damage_taken":[{"damage":3,"enemies":"Jaw Worm","floor":1,"turns":6},{"damage":0,"enemies":"Small Slimes","floor":4,"turns":3},{"damage":1,"enemies":"Cultist","floor":5,"turns":4},{"damage":15,"enemies":"3 Sentries","floor":6,"turns":13},{"damage":7,"enemies":"Gremlin Gang","floor":8,"turns":8},{"damage":5,"enemies":"Gremlin Nob","floor":11,"turns":5},{"damage":2,"enemies":"Lots of Slimes","floor":13,"turns":3},{"damage":0,"enemies":"Red Slaver","floor":14,"turns":3},{"damage":7,"enemies":"Hexaghost","floor":16,"turns":8},{"damage":0,"enemies":"3 Byrds","floor":18,"turns":6},{"damage":25,"enemies":"Slavers","floor":24,"turns":6},{"damage":0,"enemies":"Spheric Guardian","floor":27,"turns":2},{"damage":2,"enemies":"Chosen and Byrds","floor":28,"turns":4},{"damage":3,"enemies":"Gremlin Leader","floor":30,"turns":6},{"damage":0,"enemies":"Centurion and Healer","floor":31,"turns":5},{"damage":23,"enemies":"Champ","floor":33,"turns":12},{"damage":25,"enemies":"3 Darklings","floor":35,"turns":7},{"damage":5,"enemies":"Orb Walker","floor":39,"turns":3},{"damage":0,"enemies":"Giant Head","floor":41,"turns":9},{"damage":4,"enemies":"Transient","floor":44,"turns":5},{"damage":0,"enemies":"Reptomancer","floor":45,"turns":5},{"damage":11,"enemies":"Sphere and 2 Shapes","floor":47,"turns":4},{"damage":33,"enemies":"Spire Growth","floor":48,"turns":5},{"damage":66,"enemies":"Donu and Deca","floor":50,"turns":4}],"seed_played":"-3063146266082982779","potions_obtained":[{"floor":1,"key":"GhostInAJar"},{"floor":8,"key":"GamblersBrew"},{"floor":11,"key":"GhostInAJar"},{"floor":13,"key":"GhostInAJar"},{"floor":18,"key":"Weak Potion"},{"floor":28,"key":"Swift Potion"},{"floor":35,"key":"LiquidBronze"},{"floor":39,"key":"Swift Potion"},{"floor":44,"key":"Explosive Potion"}],"is_trial":false,"path_per_floor":["M","$","?","M","M","E","$","M","T","R","E","R","M","M","R","B",null,"M","?","?","?","$","R","E","R","T","M","M","$","E","M","R","B",null,"M","$","?","?","M","R","E","R","T","M","M","$","M","M","R"],"character_chosen":"THE_SILENT","items_purchased":["Dodge and Roll","Noxious Fumes","Backflip","Catalyst","Footwork","Catalyst"],"campfire_rested":6,"item_purchase_floors":[7,22,22,29,36,46],"current_hp_per_floor":[60,60,46,46,45,30,30,23,23,44,39,60,58,58,58,51,65,65,65,65,49,49,49,24,45,45,45,43,43,40,40,61,38,62,37,37,37,37,32,53,53,53,53,49,49,49,38,5,26,0],"gold":55,"neow_bonus":"BOSS_RELIC","is_prod":false,"is_daily":false,"chose_seed":false,"campfire_upgraded":3,"win_rate":0,"timestamp":1539374892,"path_taken":["M","$","?","?","?","E","?","M","T","R","E","R","?","?","R","BOSS","M","?","?","?","$","R","E","R","T","M","M","$","E","M","R","BOSS","M","$","?","?","?","R","E","R","T","M","M","$","?","M","R","BOSS"],"build_version":"2018-10-04v2","purchased_purges":2,"victory":false,"max_hp_per_floor":[70,70,70,70,70,70,70,70,70,70,70,70,70,70,70,70,70,70,70,70,70,70,70,70,70,70,70,70,70,70,70,70,70,70,70,70,70,70,70,70,70,70,70,70,70,70,70,70,70,70],"card_choices":[{"not_picked":["Deflect","Setup"],"picked":"Predator","floor":1},{"not_picked":["Infinite Blades","Reflex"],"picked":"Leg Sweep","floor":4},{"not_picked":["Cloak And Dagger","Terror"],"picked":"Crippling Poison","floor":5},{"not_picked":["Deadly Poison","Quick Slash"],"picked":"Blur","floor":6},{"not_picked":["Dagger Spray","Prepared"],"picked":"Bouncing Flask","floor":8},{"not_picked":["Prepared","Endless Agony","Reflex"],"picked":"SKIP","floor":11},{"not_picked":["Blur","Caltrops"],"picked":"Bouncing Flask","floor":13},{"not_picked":["Blade Dance","Calculated Gamble"],"picked":"Blur","floor":14},{"not_picked":["Night Terror","Glass Knife"],"picked":"Tools of the Trade","floor":16},{"not_picked":["Blade Dance","Dodge and Roll"],"picked":"Deadly Poison","floor":18},{"not_picked":["Outmaneuver","Die Die Die"],"picked":"Leg Sweep+1","floor":24},{"not_picked":["Accuracy","Backflip+1"],"picked":"Well Laid Plans+1","floor":27},{"not_picked":["PiercingWail+1","Bane+1"],"picked":"Dash+1","floor":28},{"not_picked":["Outmaneuver","Choke"],"picked":"Backstab","floor":30},{"not_picked":["Poisoned Stab","Terror"],"picked":"Cloak And Dagger","floor":31},{"not_picked":["Doppelganger","Wraith Form v2"],"picked":"A Thousand Cuts","floor":33},{"not_picked":["Flying Knee+1","PiercingWail"],"picked":"Bane+1","floor":35},{"not_picked":["PiercingWail+1","Flying Knee+1"],"picked":"Blur","floor":39},{"not_picked":["Leg Sweep+1","Eviscerate"],"picked":"A Thousand Cuts","floor":41},{"not_picked":["Slice+1","Riddle With Holes","Deflect"],"picked":"SKIP","floor":44},{"not_picked":["Eviscerate+1","Bane+1"],"picked":"Infinite Blades+1","floor":45},{"not_picked":["All Out Attack","Dagger Spray","Dodge and Roll"],"picked":"SKIP","floor":47},{"not_picked":["Endless Agony+1","Dodge and Roll","Dagger Spray+1"],"picked":"SKIP","floor":48}],"player_experience":763291,"relics_obtained":[{"floor":6,"key":"Ninja Scroll"},{"floor":9,"key":"Calipers"},{"floor":11,"key":"Pocketwatch"},{"floor":21,"key":"Enchiridion"},{"floor":24,"key":"Vajra"},{"floor":26,"key":"Boot"},{"floor":30,"key":"Omamori"},{"floor":41,"key":"Frozen Egg 2"},{"floor":43,"key":"Art of War"}],"event_choices":[{"event_name":"Shining Light","player_choice":"Entered Light","floor":3,"damage_taken":0},{"event_name":"Back to Basics","player_choice":"Simplicity","floor":19,"damage_taken":0},{"event_name":"The Library","player_choice":"Read","floor":20,"damage_taken":0},{"event_name":"Cursed Tome","player_choice":"Obtained Book","floor":21,"damage_taken":0},{"event_name":"Tomb of Lord Red Mask","player_choice":"Paid","floor":37,"damage_taken":0},{"event_name":"Upgrade Shrine","player_choice":"Upgraded","floor":38,"damage_taken":0}],"is_beta":false,"boss_relics":[{"not_picked":["WristBlade","White Beast Statue"],"picked":"Cursed Key"},{"not_picked":["Empty Cage","Astrolabe"],"picked":"Lizard Tail"}],"items_purged_floors":[2,29],"is_endless":false,"potions_floor_spawned":[1,8,11,13,18,28,35,39,44],"killed_by":"Donu and Deca","ascension_level":10}