{"path_per_floor":["M","T","M","M","M","R","E","R","T","?","M","?","E","M","R","B",null,"M","?","?","?","M","E","M","E","T","?","?","E","M","?","R","B",null,"M","$","?","M","?","R","?","R","T","E","M","T","E","?","R","B"],"character_chosen":"DEFECT","items_purchased":["Gash","Swift Strike","Girya","Gremlin Horn","Thinking Ahead"],"gold_per_floor":[114,114,129,144,159,159,189,189,239,239,254,254,284,299,299,399,399,414,434,359,359,374,404,419,449,474,474,474,504,519,519,819,919,919,934,43,43,58,280,280,317,317,317,347,362,362,392,392,392,392],"floor_reached":51,"campfire_rested":0,"playtime":1683,"item_purchase_floors":[36,36,36,36,36],"current_hp_per_floor":[75,75,67,63,63,63,58,58,58,63,47,40,48,46,46,40,87,87,87,87,87,87,69,69,69,69,69,53,57,57,57,57,57,87,87,87,87,87,87,87,87,87,87,87,87,87,87,87,87,87],"items_purged":[],"gold":392,"score":1196,"play_id":"a9861cc0-047c-4096-85c1-c7077b7e1eb5","local_time":"20180611153032","daily_mods":["Allstar","Lethality","Hoarder"],"is_prod":false,"is_daily":true,"chose_seed":false,"is_ascension_mode":false,"campfire_upgraded":3,"win_rate":0,"timestamp":1528705832,"campfire_choices":[{"data":"Deep Breath","floor":6,"key":"SMITH"},{"data":"Deep Breath","floor":8,"key":"SMITH"},{"data":"Zap","floor":15,"key":"SMITH"},{"floor":32,"key":"DIG"},{"data":"1","floor":40,"key":"LIFT"},{"data":"2","floor":42,"key":"LIFT"},{"data":"3","floor":49,"key":"LIFT"}],"path_taken":["M","?","M","M","M","R","E","R","T","?","M","?","E","M","R","BOSS","M","?","?","?","M","E","M","E","T","?","?","E","M","?","R","BOSS","M","$","?","M","?","R","?","R","T","E","M","?","E","?","R","BOSS"],"build_version":"2018-06-08","seed_source_timestamp":0,"purchased_purges":0,"victory":true,"master_deck":["Strike_B+1","Defend_B+1","Defend_B+1","Defend_B+1","Defend_B+1","Zap+1","Dualcast+1","Thinking Ahead+1","Thinking Ahead+1","Thinking Ahead+1","Panache+1","Panache+1","Panache+1","Jack Of All Trades+1","Jack Of All Trades+1","Jack Of All Trades+1","Deep Breath+1","Deep Breath+1","Deep Breath+1","Enlightenment+1","Enlightenment+1","Enlightenment+1","Go for the Eyes+1","Go for the Eyes","Go for the Eyes","Gash","Gash","Gash","Go for the Eyes","Go for the Eyes","Go for the Eyes","Sweeping Beam","Sweeping Beam","Sweeping Beam","Reinforced Body","Reinforced Body","Reinforced Body","Stack","Stack","Stack","All For One","All For One","All For One","Scrape+1","Scrape+1","Scrape+1","Scrape+1","Scrape+1","Scrape+1","Gash+1","Gash+1","Gash+1","Beam Cell","Beam Cell","Beam Cell","Gash","Gash","Gash","Swift Strike","Swift Strike","Swift Strike","Thinking Ahead","Thinking Ahead","Thinking Ahead","Gash+1","Gash+1","Gash+1"],"max_hp_per_floor":[75,75,75,75,75,75,82,82,82,87,87,87,87,87,87,87,87,87,87,87,87,87,87,87,87,87,87,87,87,87,87,87,87,87,87,87,87,87,87,87,87,87,87,87,87,87,87,87,87,87],"relics":["Cracked Core","Juzu Bracelet","Strawberry","Bag of Preparation","Unceasing Top","Nuclear Battery","Red Mask","Shuriken","Boot","Vajra","Nilry\u0027s Codex","Shovel","Old Coin","Philosopher\u0027s Stone","Girya","Gremlin Horn","Bird Faced Urn","Dodecahedron","Smiling Mask","Kunai","Centennial Puzzle","Mark of the Bloom"],"card_choices":[{"not_picked":["Rebound","Steam"],"picked":"Go for the Eyes","floor":1},{"not_picked":["Turbo","Chaos","Redo"],"picked":"SKIP","floor":3},{"not_picked":["Turbo","Tempest"],"picked":"Gash","floor":4},{"not_picked":["Blizzard","Compile Driver"],"picked":"Go for the Eyes","floor":5},{"not_picked":["Rebound","Turbo"],"picked":"Sweeping Beam","floor":7},{"not_picked":["White Noise","Rebound"],"picked":"Reinforced Body","floor":11},{"not_picked":["Force Field","Conserve Battery","Thunder Strike"],"picked":"SKIP","floor":13},{"not_picked":["Sweeping Beam","Rebound","Stack"],"picked":"SKIP","floor":14},{"not_picked":["Sweeping Beam","Rebound"],"picked":"Stack","floor":14},{"not_picked":["Hyperbeam","Amplify"],"picked":"All For One","floor":16},{"not_picked":["Beam Cell","Leap"],"picked":"Scrape+1","floor":18},{"not_picked":["Doom and Gloom+1","White Noise"],"picked":"Scrape+1","floor":19},{"not_picked":["Leap","Barrage","Coolheaded"],"picked":"SKIP","floor":22},{"not_picked":["Rebound","Consume+1","Cold Snap+1"],"picked":"SKIP","floor":23},{"not_picked":["Sweeping Beam+1","Coolheaded"],"picked":"Gash+1","floor":24},{"not_picked":["Cold Snap","Core Surge","Coolheaded"],"picked":"SKIP","floor":25},{"not_picked":["Leap+1","Conserve Battery","Compile Driver"],"picked":"SKIP","floor":29},{"not_picked":["Glacier+1","Streamline","Leap"],"picked":"SKIP","floor":30},{"not_picked":["Reinforced Body+1","Auto Shields+1"],"picked":"Beam Cell","floor":35},{"not_picked":["Blizzard+1","Redo"],"picked":"Gash+1","floor":38},{"not_picked":["Darkness+1","Leap+1","Sunder"],"picked":"SKIP","floor":44},{"not_picked":["Conserve Battery+1","Streamline+1","Hologram"],"picked":"SKIP","floor":45},{"not_picked":["Blizzard+1","Redo","Rebound"],"picked":"SKIP","floor":47}],"player_experience":56454,"potions_floor_usage":[13,24,25,29,50,50,50,50,50,50],"damage_taken":[{"damage":0,"enemies":"Cultist","floor":1,"turns":2},{"damage":8,"enemies":"Small Slimes","floor":3,"turns":2},{"damage":4,"enemies":"Jaw Worm","floor":4,"turns":2},{"damage":0,"enemies":"Large Slime","floor":5,"turns":3},{"damage":12,"enemies":"Gremlin Nob","floor":7,"turns":3},{"damage":16,"enemies":"3 Louse","floor":11,"turns":2},{"damage":0,"enemies":"3 Sentries","floor":13,"turns":2},{"damage":2,"enemies":"Blue Slaver","floor":14,"turns":2},{"damage":6,"enemies":"The Guardian","floor":16,"turns":7},{"damage":0,"enemies":"3 Byrds","floor":18,"turns":1},{"damage":0,"floor":19,"turns":1},{"damage":0,"enemies":"Spheric Guardian","floor":22,"turns":1},{"damage":18,"enemies":"Slavers","floor":23,"turns":2},{"damage":0,"enemies":"Chosen and Byrds","floor":24,"turns":1},{"damage":0,"enemies":"Gremlin Leader","floor":25,"turns":3},{"damage":0,"enemies":"Book of Stabbing","floor":29,"turns":2},{"damage":0,"enemies":"Snecko","floor":30,"turns":1},{"damage":0,"enemies":"Automaton","floor":33,"turns":2},{"damage":0,"enemies":"3 Shapes","floor":35,"turns":2},{"damage":0,"enemies":"Flame Bruiser 1 Orb","floor":38,"turns":1},{"damage":0,"floor":41,"turns":1},{"damage":0,"enemies":"2 Orb Walkers","floor":44,"turns":1},{"damage":0,"enemies":"4 Shapes","floor":45,"turns":1},{"damage":0,"enemies":"Nemesis","floor":47,"turns":1},{"damage":0,"enemies":"Awakened One","floor":50,"turns":3}],"relics_obtained":[{"floor":2,"key":"Juzu Bracelet"},{"floor":7,"key":"Strawberry"},{"floor":9,"key":"Bag of Preparation"},{"floor":13,"key":"Unceasing Top"},{"floor":19,"key":"Red Mask"},{"floor":23,"key":"Shuriken"},{"floor":25,"key":"Boot"},{"floor":26,"key":"Vajra"},{"floor":28,"key":"Nilry\u0027s Codex"},{"floor":29,"key":"Shovel"},{"floor":32,"key":"Old Coin"},{"floor":41,"key":"Bird Faced Urn"},{"floor":43,"key":"Dodecahedron"},{"floor":44,"key":"Smiling Mask"},{"floor":46,"key":"Kunai"},{"floor":47,"key":"Centennial Puzzle"}],"event_choices":[{"event_name":"Big Fish","player_choice":"Donut","floor":10,"damage_taken":0},{"event_name":"Golden Wing","player_choice":"Card Removal","floor":12,"damage_taken":0},{"event_name":"Masked Bandits","player_choice":"Fought over 414 gold","floor":19,"damage_taken":0},{"event_name":"Beggar","player_choice":"Gave Gold","floor":20,"damage_taken":0},{"event_name":"Back to Basics","player_choice":"Elegance","floor":21,"damage_taken":0},{"event_name":"Accursed Blacksmith","player_choice":"Forge","floor":27,"damage_taken":0},{"event_name":"Cursed Tome","player_choice":"Obtained Book","floor":28,"damage_taken":0},{"event_name":"Ghosts","player_choice":"Ignored","floor":31,"damage_taken":0},{"event_name":"The Lab","player_choice":"Got Potions","floor":37,"damage_taken":0},{"event_name":"Tomb of Lord Red Mask","player_choice":"Wore Mask","floor":39,"damage_taken":0},{"event_name":"Mysterious Sphere","player_choice":"Fight","floor":41,"damage_taken":0},{"event_name":"MindBloom","player_choice":"Upgrade","floor":48,"damage_taken":0}],"boss_relics":[{"not_picked":["Sozu","Inserter"],"picked":"Nuclear Battery"},{"not_picked":["Snecko Eye","Astrolabe"],"picked":"Philosopher\u0027s Stone"}],"items_purged_floors":[],"potions_floor_spawned":[5,11,16,18,24,30,33,38,41,45],"seed_played":"-3332908943780289604","ascension_level":0,"potions_obtained":[{"floor":5,"key":"Weak Potion"},{"floor":11,"key":"Explosive Potion"},{"floor":16,"key":"SpeedPotion"},{"floor":18,"key":"Fire Potion"},{"floor":24,"key":"Energy Potion"},{"floor":30,"key":"Dexterity Potion"},{"floor":33,"key":"AttackPotion"},{"floor":37,"key":"EntropicBrew"},{"floor":45,"key":"EssenceOfSteel"}],"is_trial":false}