{"gold_per_floor":[119,119,132,143,154,154,154,184,264,264],"floor_reached":10,"playtime":383,"items_purged":[],"score":136,"play_id":"948f85d9-b442-45b7-a4a9-7d3c8b1171e9","local_time":"20190422195955","is_ascension_mode":true,"campfire_choices":[{"data":"Zap","floor":6,"key":"SMITH"},{"floor":7,"key":"REST"}],"neow_cost":"TEN_PERCENT_HP_LOSS","seed_source_timestamp":73040718427165,"circlet_count":0,"master_deck":["AscendersBane","Strike_B","Strike_B","Strike_B","Strike_B","Defend_B","Defend_B","Defend_B","Defend_B","Zap+1","Dualcast","Loop+1","Compile Driver","Compile Driver","Sweeping Beam"],"relics":["Cracked Core","WingedGreaves","Nunchaku","Mummified Hand"],"potions_floor_usage":[8,10],"damage_taken":[{"damage":0,"enemies":"Cultist","floor":1,"turns":3},{"damage":12,"enemies":"Small Slimes","floor":3,"turns":3},{"damage":9,"enemies":"Jaw Worm","floor":4,"turns":3},{"damage":7,"enemies":"3 Louse","floor":5,"turns":4},{"damage":30,"enemies":"3 Sentries","floor":8,"turns":6},{"damage":31,"enemies":"Gremlin Nob","floor":10,"turns":3}],"seed_played":"2279702447698719322","potions_obtained":[{"floor":1,"key":"FocusPotion"},{"floor":8,"key":"PowerPotion"}],"is_trial":false,"path_per_floor":["M","?","M","M","M","R","R","E","T","E"],"character_chosen":"DEFECT","items_purchased":[],"campfire_rested":1,"item_purchase_floors":[],"current_hp_per_floor":[64,64,52,43,36,36,55,25,25,0],"gold":264,"neow_bonus":"ONE_RARE_RELIC","is_prod":false,"is_daily":false,"chose_seed":false,"campfire_upgraded":1,"win_rate":0,"timestamp":1555977595,"path_taken":["M","?","M","M","M","R","R","E","T","E"],"build_version":"2019-01-23","purchased_purges":0,"victory":false,"max_hp_per_floor":[64,64,64,64,64,64,64,64,64,64],"card_choices":[{"not_picked":["Auto Shields","Redo"],"picked":"Loop","floor":1},{"not_picked":["Recycle","Chaos"],"picked":"Compile Driver","floor":3},{"not_picked":["Leap","Recycle"],"picked":"Compile Driver","floor":4},{"not_picked":["Rebound","Tempest","Streamline"],"picked":"SKIP","floor":5},{"not_picked":["Go for the Eyes","Machine Learning"],"picked":"Sweeping Beam","floor":8}],"player_experience":768562,"relics_obtained":[{"floor":8,"key":"Nunchaku"},{"floor":9,"key":"Mummified Hand"}],"event_choices":[{"damage_healed":0,"gold_gain":0,"player_choice":"Grow","damage_taken":0,"max_hp_gain":0,"max_hp_loss":0,"event_name":"Living Wall","floor":2,"gold_loss":0,"cards_upgraded":["Loop"]}],"is_beta":false,"boss_relics":[],"items_purged_floors":[],"is_endless":false,"potions_floor_spawned":[1,8],"killed_by":"Gremlin Nob","ascension_level":20}