{"gold_per_floor":[118,43,53,53,53,78,78,78,78,96,96,108,41,70,70,145,145,110,110,126,138,86,86,11,11,59,59],"floor_reached":27,"playtime":2745,"items_purged":["Strike_B"],"score":415,"play_id":"fa98773f-71cf-44d4-96da-0ce8c04dde68","local_time":"20190518084937","is_ascension_mode":true,"campfire_choices":[{"data":"1","floor":7.0,"key":"LIFT"},{"data":"Zap","floor":11.0,"key":"SMITH"},{"floor":15.0,"key":"REST"},{"floor":23.0,"key":"REST"}],"neow_cost":"NONE","seed_source_timestamp":0,"circlet_count":0,"master_deck":["AscendersBane","Strike_B","Strike_B","Defend_B","Defend_B","Defend_B","Defend_B+1","Zap+1","Dualcast+1","Capacitor","Cold Snap","Melter","Self Repair","Coolheaded","All For One","Chill","Coolheaded+1","Capacitor","Conserve Battery"],"special_seed":0,"relics":["FrozenCore","NeowsBlessing","Kunai","Girya","Dodecahedron","Bag of Marbles","Pen Nib"],"potions_floor_usage":[],"damage_taken":[{"damage":0.0,"enemies":"Jaw Worm","floor":1.0,"turns":1.0},{"damage":0.0,"enemies":"Cultist","floor":3.0,"turns":1.0},{"damage":0.0,"enemies":"Lagavulin","floor":6.0,"turns":1.0},{"damage":0.0,"enemies":"Small Slimes","floor":10.0,"turns":3.0},{"damage":1.0,"enemies":"Blue Slaver","floor":12.0,"turns":3.0},{"damage":7.0,"enemies":"Gremlin Nob","floor":14.0,"turns":3.0},{"damage":23.0,"enemies":"The Guardian","floor":16.0,"turns":12.0},{"damage":16.0,"enemies":"2 Thieves","floor":18.0,"turns":5.0},{"damage":21.0,"enemies":"3 Byrds","floor":20.0,"turns":8.0},{"damage":28.0,"enemies":"Cultist and Chosen","floor":21.0,"turns":10.0},{"damage":65,"enemies":"Slavers","floor":27,"turns":7}],"seed_played":"-2015263852325793043","potions_obtained":[{"floor":1.0,"key":"Poison Potion"},{"floor":3.0,"key":"FocusPotion"},{"floor":16.0,"key":"FairyPotion"},{"floor":19.0,"key":"Weak Potion"},{"floor":20.0,"key":"Fire Potion"}],"is_trial":false,"path_per_floor":["M","$","M","?","?","E","R","?","T","M","R","M","$","E","R","B",null,"M","?","M","M","$","R","?","$","T","E"],"character_chosen":"DEFECT","items_purchased":["Self Repair","Conserve Battery"],"campfire_rested":2,"item_purchase_floors":[13,22],"current_hp_per_floor":[64,64,64,46,32,32,32,37,37,37,37,36,36,36,58,42,68,59,59,38,17,17,39,39,39,39,0],"gold":59,"neow_bonus":"THREE_ENEMY_KILL","is_prod":false,"is_daily":false,"chose_seed":false,"campfire_upgraded":1,"win_rate":0,"timestamp":1558187377,"path_taken":["M","$","M","?","?","E","R","?","T","?","R","M","?","E","R","BOSS","M","?","M","?","$","R","?","$","T","E"],"build_version":"2019-01-23","purchased_purges":1,"victory":false,"max_hp_per_floor":[71,71,71,71,71,71,71,76,76,76,76,76,76,76,76,76,76,76,76,76,76,76,76,76,76,76,76],"card_choices":[{"not_picked":["Doom and Gloom","Steam","Streamline"],"picked":"SKIP","floor":1.0},{"not_picked":["Beam Cell","Loop"],"picked":"Capacitor","floor":3.0},{"not_picked":["Thunder Strike","Sweeping Beam"],"picked":"Cold Snap","floor":6.0},{"not_picked":["Double Energy","Stack","Steam"],"picked":"SKIP","floor":10.0},{"not_picked":["Coolheaded","Beam Cell"],"picked":"Melter","floor":12.0},{"not_picked":["Doom and Gloom","Barrage"],"picked":"Coolheaded","floor":14.0},{"not_picked":["Meteor Strike","Hyperbeam"],"picked":"All For One","floor":16.0},{"not_picked":["Capacitor","Streamline"],"picked":"Chill","floor":18.0},{"not_picked":["Capacitor","Self Repair"],"picked":"Coolheaded+1","floor":20.0},{"not_picked":["Aggregate","Beam Cell"],"picked":"Capacitor","floor":21.0}],"player_experience":1215313,"relics_obtained":[{"floor":6.0,"key":"Girya"},{"floor":9.0,"key":"Dodecahedron"},{"floor":14.0,"key":"Bag of Marbles"},{"floor":26,"key":"Pen Nib"}],"event_choices":[{"damage_healed":0.0,"max_hp_gain":0.0,"max_hp_loss":0.0,"gold_gain":0.0,"event_name":"Scrap Ooze","player_choice":"Success","floor":4.0,"gold_loss":0.0,"damage_taken":18.0,"relics_obtained":["Kunai"]},{"damage_healed":0.0,"max_hp_gain":0.0,"max_hp_loss":0.0,"gold_gain":0.0,"event_name":"Shining Light","player_choice":"Entered Light","floor":5.0,"gold_loss":0.0,"damage_taken":14.0,"cards_upgraded":["Defend_B","Dualcast"]},{"damage_healed":0.0,"max_hp_gain":5.0,"max_hp_loss":0.0,"gold_gain":0.0,"event_name":"Big Fish","player_choice":"Donut","floor":8.0,"gold_loss":0.0,"damage_taken":0.0},{"damage_healed":0.0,"max_hp_gain":0.0,"max_hp_loss":0.0,"gold_gain":0.0,"event_name":"Lab","player_choice":"Got Potions","floor":19.0,"gold_loss":0.0,"damage_taken":0.0},{"cards_removed":["Strike_B"],"damage_healed":0.0,"max_hp_gain":0.0,"max_hp_loss":0.0,"gold_gain":0.0,"event_name":"Beggar","player_choice":"Gave Gold","floor":24.0,"gold_loss":75.0,"damage_taken":0.0}],"is_beta":false,"boss_relics":[{"not_picked":["Calling Bell","Empty Cage"],"picked":"FrozenCore"}],"items_purged_floors":[2],"is_endless":false,"potions_floor_spawned":[1,3,16,20],"killed_by":"Slavers","ascension_level":14}