{"gold_per_floor":[114,184,184,203,203,203,230,246,246,278,296,61,89,103,103,182,182,201,217,167,184,164,194,194,207,207,207],"floor_reached":27,"playtime":1168,"items_purged":["Strike_B"],"score":506,"play_id":"635aeef5-1619-4dc4-ad33-295e1897851c","local_time":"20190813224213","is_ascension_mode":true,"campfire_choices":[{"data":"Melter","floor":6.0,"key":"SMITH"},{"floor":15.0,"key":"REST"},{"floor":24,"key":"REST"}],"neow_cost":"PERCENT_DAMAGE","seed_source_timestamp":174082512828900,"circlet_count":0,"master_deck":["AscendersBane","Defend_B","Defend_B","Defend_B","Defend_B","Zap","Dualcast","Genetic Algorithm","Melter+1","Cold Snap","Gash","Gash","Ball Lightning","Consume","Gash","Echo Form","Leap+1","Electrodynamics","Loop","Capacitor","Beam Cell+1","Tempest+1"],"special_seed":0,"relics":["Cracked Core","Du-Vu Doll","Centennial Puzzle","PreservedInsect","Toxic Egg 2","Black Star","Blood Vial","Sundial","The Courier"],"potions_floor_usage":[23,27],"damage_taken":[{"damage":2.0,"enemies":"Jaw Worm","floor":1.0,"turns":3.0},{"damage":2.0,"enemies":"Small Slimes","floor":4.0,"turns":4.0},{"damage":20.0,"enemies":"3 Sentries","floor":7.0,"turns":10.0},{"damage":0.0,"enemies":"Cultist","floor":8.0,"turns":3.0},{"damage":9.0,"enemies":"Lagavulin","floor":10.0,"turns":5.0},{"damage":6.0,"enemies":"Blue Slaver","floor":11.0,"turns":2.0},{"damage":4.0,"enemies":"Gremlin Nob","floor":13.0,"turns":3.0},{"damage":0.0,"enemies":"Lots of Slimes","floor":14.0,"turns":1.0},{"damage":24.0,"enemies":"Slime Boss","floor":16.0,"turns":6.0},{"damage":0.0,"enemies":"Spheric Guardian","floor":18.0,"turns":3.0},{"damage":12.0,"enemies":"2 Thieves","floor":19.0,"turns":4.0},{"damage":18,"enemies":"Centurion and Healer","floor":21,"turns":5},{"damage":18,"enemies":"Slavers","floor":23,"turns":2},{"damage":22,"enemies":"Snecko","floor":25,"turns":4},{"damage":24,"enemies":"Book of Stabbing","floor":27,"turns":3}],"seed_played":"-5487813208120283021","potions_obtained":[{"floor":5.0,"key":"SpeedPotion"},{"floor":5.0,"key":"Energy Potion"},{"floor":7.0,"key":"Ancient Potion"},{"floor":11.0,"key":"Regen Potion"},{"floor":13.0,"key":"PowerPotion"},{"floor":14.0,"key":"Fire Potion"},{"floor":18.0,"key":"AttackPotion"},{"floor":19.0,"key":"Dexterity Potion"}],"is_trial":false,"path_per_floor":["M","?","?","M","?","R","E","M","T","E","M","$","E","M","R","B",null,"M","M","?","M","?","E","R","M","T","E"],"character_chosen":"DEFECT","items_purchased":["PreservedInsect"],"campfire_rested":2,"item_purchase_floors":[12],"current_hp_per_floor":[44,44,44,42,42,42,22,22,22,13,7,7,12,12,33,9,56,56,44,44,26,26,8,29,9,9,0],"gold":207,"neow_bonus":"TRANSFORM_TWO_CARDS","is_prod":false,"is_daily":false,"chose_seed":false,"campfire_upgraded":1,"win_rate":0,"timestamp":1565750533,"path_taken":["M","?","?","M","?","R","E","M","T","E","?","$","E","M","R","BOSS","M","M","?","?","?","E","R","M","T","E"],"build_version":"2019-07-17","purchased_purges":1,"victory":false,"max_hp_per_floor":[71,71,71,71,71,71,71,71,71,71,71,71,71,71,71,71,71,71,71,71,71,71,71,71,71,71,71],"card_choices":[{"not_picked":["Steam","Lockon"],"picked":"Cold Snap","floor":1.0},{"not_picked":["Beam Cell","Turbo"],"picked":"Gash","floor":4.0},{"not_picked":["Stack","Fission"],"picked":"Gash","floor":7.0},{"not_picked":["Skim","BootSequence"],"picked":"Ball Lightning","floor":8.0},{"not_picked":["Leap","Hologram"],"picked":"Consume","floor":10.0},{"not_picked":["Turbo","Compile Driver"],"picked":"Gash","floor":11.0},{"not_picked":["Thunder Strike","BootSequence"],"picked":"Echo Form","floor":13.0},{"not_picked":["Barrage","Sweeping Beam"],"picked":"Leap+1","floor":14.0},{"not_picked":["Amplify+1","Multi-Cast+1"],"picked":"Electrodynamics","floor":16.0},{"not_picked":["Go for the Eyes","Cold Snap"],"picked":"Loop","floor":18.0},{"not_picked":["Turbo+1","Defragment"],"picked":"Capacitor","floor":19.0},{"not_picked":["Compile Driver","Turbo+1"],"picked":"Beam Cell+1","floor":21},{"not_picked":["Sweeping Beam","Thunder Strike","Stack+1"],"picked":"SKIP","floor":23},{"not_picked":["Sweeping Beam","Thunder Strike","Stack+1"],"picked":"SKIP","floor":23},{"not_picked":["Consume+1","Heatsinks"],"picked":"Tempest+1","floor":25}],"player_experience":1009246,"relics_obtained":[{"floor":7.0,"key":"Du-Vu Doll"},{"floor":10.0,"key":"Centennial Puzzle"},{"floor":13.0,"key":"Toxic Egg 2"},{"floor":23,"key":"Blood Vial"},{"floor":23,"key":"Sundial"},{"floor":26,"key":"The Courier"}],"event_choices":[{"damage_healed":0.0,"max_hp_gain":0.0,"max_hp_loss":0.0,"gold_gain":70.0,"event_name":"Golden Wing","player_choice":"Gained Gold","floor":2.0,"gold_loss":0.0,"damage_taken":0.0},{"cards_removed":["Strike_B"],"damage_healed":0.0,"max_hp_gain":0.0,"max_hp_loss":0.0,"gold_gain":0.0,"event_name":"Living Wall","player_choice":"Forget","floor":3.0,"gold_loss":0.0,"damage_taken":0.0},{"damage_healed":0.0,"max_hp_gain":0.0,"max_hp_loss":0.0,"gold_gain":0.0,"event_name":"Lab","player_choice":"Got Potions","floor":5.0,"gold_loss":0.0,"damage_taken":0.0},{"damage_healed":0.0,"max_hp_gain":0.0,"max_hp_loss":0.0,"gold_gain":0.0,"event_name":"The Joust","player_choice":"Bet on Murderer","floor":20.0,"gold_loss":50.0,"damage_taken":0.0},{"damage_healed":0,"gold_gain":0,"player_choice":"Bought 1 Potion","damage_taken":0,"max_hp_gain":0,"max_hp_loss":0,"event_name":"The Woman in Blue","floor":22,"gold_loss":0}],"is_beta":false,"boss_relics":[{"not_picked":["Astrolabe","Calling Bell"],"picked":"Black Star"}],"items_purged_floors":[12],"is_endless":false,"potions_floor_spawned":[7,10,11,13,14,16,18,19],"killed_by":"Book of Stabbing","ascension_level":20}