{"gold_per_floor":[119,119,119,136,61,92,104,145,208,236,258,299,311,358,370,457,469,493,525,568,220,240,275,275,305,305,335,349,381,381,394,394,467,467,480,702,275,293,305,305,338,355,380,407,407,442,457,509,509,509,509,509,509,72,98,98],"floor_reached":57,"playtime":4501,"items_purged":["Strike_R","Strike_R"],"score":3121,"play_id":"59af89b2-237d-4387-ae2d-e12c1e9673fc","local_time":"20190727150026","is_ascension_mode":true,"campfire_choices":[{"data":"Whirlwind","floor":7.0,"key":"SMITH"},{"data":"Flame Barrier","floor":15.0,"key":"SMITH"},{"data":"Fiend Fire","floor":24,"key":"SMITH"},{"data":"J.A.X.","floor":32,"key":"SMITH"},{"data":"Dual Wield","floor":40,"key":"SMITH"},{"floor":45,"key":"RECALL"},{"data":"Spot Weakness","floor":49,"key":"SMITH"},{"data":"Strike_R+1","floor":53,"key":"PURGE"}],"neow_cost":"NONE","seed_source_timestamp":574263598579908,"circlet_count":0,"master_deck":["AscendersBane","Defend_R","Defend_R","Defend_R","Defend_R","Bash+1","Flame Barrier+1","Sentinel","Whirlwind+1","Feel No Pain","Rampage+1","Metallicize","Shrug It Off","Dark Embrace","Fiend Fire+1","Feel No Pain","Shrug It Off","Corruption","Dual Wield+1","Battle Trance+1","Spot Weakness+1","Shockwave","J.A.X.+1","Battle Trance","Barricade","Whirlwind+1","Shrug It Off","Dual Wield+1","Clothesline+1","Impervious"],"special_seed":0,"relics":["Burning Blood","NeowsBlessing","MawBank","Bronze Scales","Red Skull","Bag of Marbles","Bag of Preparation","Snecko Eye","Red Mask","Oddly Smooth Stone","Peace Pipe","Smiling Mask","Mercury Hourglass","Anchor","Potion Belt","Black Star","Lantern","Frozen Eye","Juzu Bracelet","Singing Bowl","Champion Belt","Blue Candle","Blood Vial","Pantograph","Du-Vu Doll","Gambling Chip","Happy Flower","Whetstone"],"potions_floor_usage":[56,56,56,56,56,56,56,56],"damage_taken":[{"damage":0.0,"enemies":"Cultist","floor":1.0,"turns":1.0},{"damage":0.0,"enemies":"Jaw Worm","floor":4.0,"turns":1.0},{"damage":0.0,"enemies":"3 Sentries","floor":6.0,"turns":1.0},{"damage":35.0,"enemies":"Lagavulin","floor":8.0,"turns":7.0},{"damage":0.0,"enemies":"Small Slimes","floor":10.0,"turns":1.0},{"damage":2.0,"enemies":"Gremlin Gang","floor":11.0,"turns":3.0},{"damage":6.0,"enemies":"3 Sentries","floor":12.0,"turns":6.0},{"damage":21.0,"enemies":"Lagavulin","floor":14.0,"turns":7.0},{"damage":26.0,"enemies":"Hexaghost","floor":16.0,"turns":7.0},{"damage":5.0,"enemies":"Shell Parasite","floor":18.0,"turns":2.0},{"damage":0.0,"enemies":"3 Byrds","floor":19.0,"turns":3.0},{"damage":11,"enemies":"Masked Bandits","floor":20,"turns":3},{"damage":0,"enemies":"Snecko","floor":22,"turns":4},{"damage":0,"enemies":"Slavers","floor":23,"turns":4},{"damage":0,"enemies":"Gremlin Leader","floor":25,"turns":5},{"damage":5,"enemies":"Slavers","floor":27,"turns":3},{"damage":0,"enemies":"Sentry and Sphere","floor":28,"turns":3},{"damage":6,"enemies":"Book of Stabbing","floor":29,"turns":3},{"damage":12,"enemies":"Shelled Parasite and Fungi","floor":31,"turns":3},{"damage":29,"enemies":"Collector","floor":33,"turns":6},{"damage":0,"enemies":"3 Shapes","floor":35,"turns":7},{"damage":0,"enemies":"3 Darklings","floor":38,"turns":1},{"damage":6,"enemies":"Maw","floor":39,"turns":5},{"damage":6,"enemies":"Giant Head","floor":41,"turns":6},{"damage":3,"enemies":"Sphere and 2 Shapes","floor":42,"turns":3},{"damage":6,"enemies":"Nemesis","floor":44,"turns":5},{"damage":35,"enemies":"Reptomancer","floor":46,"turns":7},{"damage":0,"enemies":"Spire Growth","floor":47,"turns":4},{"damage":3,"enemies":"2 Orb Walkers","floor":48,"turns":4},{"damage":21,"enemies":"Time Eater","floor":50,"turns":6},{"damage":22,"enemies":"Donu and Deca","floor":51,"turns":7},{"damage":24,"enemies":"Shield and Spear","floor":55,"turns":5},{"damage":27,"enemies":"The Heart","floor":56,"turns":9}],"seed_played":"4153243490024218224","potions_obtained":[{"floor":1.0,"key":"AttackPotion"},{"floor":8.0,"key":"LiquidBronze"},{"floor":10.0,"key":"SkillPotion"},{"floor":14.0,"key":"Poison Potion"},{"floor":18.0,"key":"Weak Potion"},{"floor":20,"key":"BloodPotion"},{"floor":27,"key":"GamblersBrew"},{"floor":31,"key":"Regen Potion"},{"floor":33,"key":"SteroidPotion"},{"floor":41,"key":"Energy Potion"},{"floor":48,"key":"Dexterity Potion"}],"is_trial":false,"path_per_floor":["M","?","?","M","$","E","R","E","T","M","M","E","?","E","R","B",null,"M","M","?","$","M","E","R","E","T","E","M","E","?","M","R","B",null,"M","?","$","M","M","R","E","M","T","E","R","E","M","?","R","B","B",null,"R","$","E","B",null],"character_chosen":"IRONCLAD","items_purchased":["Feel No Pain","Shrug It Off","Corruption","Oddly Smooth Stone","Lantern","Frozen Eye","EntropicBrew","Gambling Chip"],"campfire_rested":0,"item_purchase_floors":[5,21,21,21,37,37,54,54],"current_hp_per_floor":[74,51,51,57,57,63,63,34,34,40,44,44,44,29,29,9,59,60,66,61,61,67,73,73,75,75,75,75,75,75,69,69,46,68,74,74,74,75,75,75,75,77,77,79,79,50,60,67,67,68,67,79,79,79,65,85],"gold":98,"neow_bonus":"THREE_ENEMY_KILL","is_prod":false,"is_daily":false,"chose_seed":false,"campfire_upgraded":6,"win_rate":0,"timestamp":1564254026,"path_taken":["M","?","?","M","$","E","R","E","T","?","M","E","?","E","R","BOSS","M","?","?","$","M","E","R","E","T","E","M","E","?","M","R","BOSS","M","?","$","M","M","R","E","M","T","E","R","E","M","?","R","BOSS","BOSS","R","$","E","BOSS"],"build_version":"2019-07-17","purchased_purges":2,"victory":true,"max_hp_per_floor":[75,75,75,75,75,75,75,75,75,75,75,75,75,75,75,75,75,75,75,75,75,75,75,75,75,75,75,75,75,75,75,75,75,75,75,75,75,75,75,75,75,77,77,79,79,79,81,83,83,83,83,83,83,83,85,85],"card_choices":[{"not_picked":["Power Through","Flex"],"picked":"Flame Barrier","floor":1.0},{"not_picked":["Heavy Blade","Entrench"],"picked":"Whirlwind","floor":4.0},{"not_picked":["Twin Strike","Armaments"],"picked":"Rampage","floor":6.0},{"not_picked":["Sentinel","Rage","Rampage"],"picked":"SKIP","floor":8.0},{"not_picked":["Entrench","Perfected Strike"],"picked":"Metallicize","floor":10.0},{"not_picked":["Thunderclap","Iron Wave"],"picked":"Shrug It Off","floor":11.0},{"not_picked":["Pommel Strike","Clash","Thunderclap"],"picked":"SKIP","floor":12.0},{"not_picked":["Pummel","Iron Wave"],"picked":"Dark Embrace","floor":14.0},{"not_picked":["Limit Break","Berserk"],"picked":"Fiend Fire","floor":16.0},{"not_picked":["Heavy Blade","Armaments","Pommel Strike"],"picked":"SKIP","floor":18.0},{"not_picked":["Armaments","Evolve"],"picked":"Feel No Pain","floor":19.0},{"not_picked":["Pommel Strike","Body Slam+1"],"picked":"Dual Wield","floor":22},{"not_picked":["Corruption","Rupture"],"picked":"Battle Trance+1","floor":23},{"not_picked":["Iron Wave+1","Warcry","Metallicize"],"picked":"SKIP","floor":25},{"not_picked":["Thunderclap","Body Slam","Reckless Charge"],"picked":"SKIP","floor":27},{"not_picked":["Berserk","Anger"],"picked":"Spot Weakness","floor":28},{"not_picked":["Body Slam","Sword Boomerang"],"picked":"Shockwave","floor":29},{"not_picked":["Second Wind","Twin Strike"],"picked":"Battle Trance","floor":31},{"not_picked":["Double Tap","Limit Break"],"picked":"Barricade","floor":33},{"not_picked":["Clash","Sword Boomerang"],"picked":"Whirlwind+1","floor":35},{"not_picked":["Seeing Red+1","Clash+1"],"picked":"Shrug It Off","floor":38},{"not_picked":["Twin Strike+1","Flex"],"picked":"Dual Wield+1","floor":39},{"not_picked":["Rupture","Body Slam"],"picked":"Clothesline","floor":41},{"not_picked":["Brutality","Pommel Strike","Wild Strike"],"picked":"Singing Bowl","floor":42},{"not_picked":["Clothesline","Warcry","Dropkick"],"picked":"Singing Bowl","floor":44},{"not_picked":["Ghostly Armor+1","Carnage"],"picked":"Impervious","floor":46},{"not_picked":["Cleave","Clash","Ghostly Armor"],"picked":"Singing Bowl","floor":47},{"not_picked":["Clothesline","Twin Strike","Pommel Strike"],"picked":"Singing Bowl","floor":48},{"not_picked":["Feed","Perfected Strike","Clash+1"],"picked":"Singing Bowl","floor":55}],"player_experience":1001162,"relics_obtained":[{"floor":6.0,"key":"MawBank"},{"floor":8.0,"key":"Bronze Scales"},{"floor":9.0,"key":"Red Skull"},{"floor":12.0,"key":"Bag of Marbles"},{"floor":14.0,"key":"Bag of Preparation"},{"floor":20,"key":"Red Mask"},{"floor":23,"key":"Peace Pipe"},{"floor":25,"key":"Smiling Mask"},{"floor":26,"key":"Mercury Hourglass"},{"floor":27,"key":"Anchor"},{"floor":29,"key":"Potion Belt"},{"floor":41,"key":"Juzu Bracelet"},{"floor":41,"key":"Singing Bowl"},{"floor":44,"key":"Champion Belt"},{"floor":44,"key":"Blue Candle"},{"floor":46,"key":"Blood Vial"},{"floor":46,"key":"Pantograph"},{"floor":48,"key":"Du-Vu Doll"},{"floor":55,"key":"Happy Flower"},{"floor":55,"key":"Whetstone"}],"event_choices":[{"damage_healed":0.0,"max_hp_gain":0.0,"max_hp_loss":0.0,"gold_gain":0.0,"event_name":"Shining Light","player_choice":"Entered Light","floor":2.0,"gold_loss":0.0,"damage_taken":23.0,"cards_upgraded":["Bash","Strike_R"]},{"damage_healed":0.0,"max_hp_gain":0.0,"max_hp_loss":0.0,"gold_gain":0.0,"cards_transformed":["Strike_R"],"event_name":"Transmorgrifier","player_choice":"Transformed","floor":3.0,"gold_loss":0.0,"damage_taken":0.0,"cards_obtained":["Sentinel"]},{"cards_removed":["Strike_R"],"damage_healed":0.0,"max_hp_gain":0.0,"max_hp_loss":0.0,"gold_gain":0.0,"event_name":"Wheel of Change","player_choice":"Card Removal","floor":13.0,"gold_loss":0.0,"damage_taken":0.0},{"damage_healed":0,"gold_gain":0,"player_choice":"Fought Bandits","damage_taken":0,"max_hp_gain":0,"max_hp_loss":0,"event_name":"Masked Bandits","floor":20,"gold_loss":0},{"damage_healed":0,"gold_gain":0,"player_choice":"Obtain J.A.X.","damage_taken":0,"max_hp_gain":0,"max_hp_loss":0,"event_name":"Drug Dealer","floor":30,"gold_loss":0,"cards_obtained":["J.A.X."]},{"damage_healed":0,"gold_gain":222,"player_choice":"Wore Mask","damage_taken":0,"max_hp_gain":0,"max_hp_loss":0,"event_name":"Tomb of Lord Red Mask","floor":36,"gold_loss":0},{"damage_healed":0,"gold_gain":0,"player_choice":"Fight","damage_taken":0,"max_hp_gain":0,"max_hp_loss":0,"event_name":"Mysterious Sphere","floor":48,"gold_loss":0}],"is_beta":false,"boss_relics":[{"not_picked":["Fusion Hammer","Astrolabe"],"picked":"Snecko Eye"},{"not_picked":["Tiny House","Runic Pyramid"],"picked":"Black Star"}],"items_purged_floors":[21,37],"is_endless":false,"potions_floor_spawned":[1,8,10,14,18,20,22,27,31,33,39,41,46,47,48],"ascension_level":20}