{"gold_per_floor":[359,378,389,404,82,82,95,122,177,102,128,142,142,155,155,226,226,244,262,187,187,197,197,225,225,225,236,236,269,286,318,318,392,392,409,456,456,456,476,476,490,490,490,508,536,461,496,127,127,127,127],"floor_reached":52,"playtime":5357,"items_purged":["Strike_B"],"score":2039,"play_id":"e0da1189-7e91-49c5-a008-505121b29bea","local_time":"20190411203355","is_ascension_mode":true,"campfire_choices":[{"floor":6,"key":"REST"},{"data":"Zap","floor":13,"key":"SMITH"},{"data":"Dualcast","floor":15,"key":"SMITH"},{"data":"Go for the Eyes","floor":23,"key":"SMITH"},{"data":"Glacier","floor":25,"key":"SMITH"},{"floor":28,"key":"REST"},{"data":"Rainbow","floor":32,"key":"SMITH"},{"data":"Discovery","floor":40,"key":"SMITH"},{"data":"Echo Form","floor":42,"key":"SMITH"},{"data":"Consume","floor":49,"key":"SMITH"}],"neow_cost":"PERCENT_DAMAGE","seed_source_timestamp":1802192526614,"circlet_count":0,"master_deck":["AscendersBane","Defend_B","Defend_B","Defend_B","Defend_B","Zap+1","Dualcast+1","Genetic Algorithm","Ball Lightning","Glacier+1","Melter","Ball Lightning","FTL","Glacier","Electrodynamics","Go for the Eyes+1","Doom and Gloom+1","Electrodynamics","Compile Driver","Self Repair+1","Rainbow+1","Echo Form+1","Undo+1","Discovery+1","Panache","Coolheaded+1","White Noise","Consume+1","Defragment"],"relics":["FrozenCore","Thread and Needle","Pantograph","Tiny Chest","Blood Vial","Snecko Eye","Pen Nib","Oddly Smooth Stone","Ornamental Fan","Du-Vu Doll","Strawberry","Bronze Scales","Lantern","Ancient Tea Set","Frozen Eye"],"potions_floor_usage":[8,11,29,33,33,36,36,45,51],"damage_taken":[{"damage":7,"enemies":"Jaw Worm","floor":1,"turns":3},{"damage":3,"enemies":"Small Slimes","floor":2,"turns":4},{"damage":1,"enemies":"Cultist","floor":3,"turns":3},{"damage":7,"enemies":"Exordium Wildlife","floor":4,"turns":5},{"damage":2,"enemies":"Looter","floor":7,"turns":4},{"damage":3,"enemies":"Lagavulin","floor":8,"turns":7},{"damage":19,"enemies":"Gremlin Nob","floor":11,"turns":4},{"damage":0,"enemies":"Large Slime","floor":12,"turns":3},{"damage":0,"enemies":"Blue Slaver","floor":14,"turns":3},{"damage":0,"enemies":"The Guardian","floor":16,"turns":10},{"damage":0,"enemies":"2 Thieves","floor":18,"turns":3},{"damage":12,"enemies":"Shell Parasite","floor":19,"turns":6},{"damage":0,"enemies":"Cultist and Chosen","floor":22,"turns":5},{"damage":5,"enemies":"Book of Stabbing","floor":24,"turns":6},{"damage":28,"enemies":"Centurion and Healer","floor":27,"turns":6},{"damage":10,"enemies":"Slavers","floor":29,"turns":5},{"damage":0,"enemies":"Snake Plant","floor":30,"turns":4},{"damage":0,"enemies":"Gremlin Leader","floor":31,"turns":6},{"damage":57,"enemies":"Champ","floor":33,"turns":18},{"damage":1,"enemies":"3 Darklings","floor":35,"turns":5},{"damage":10,"enemies":"2 Orb Walkers","floor":36,"turns":6},{"damage":6,"enemies":"3 Shapes","floor":39,"turns":5},{"damage":6,"enemies":"Spire Growth","floor":41,"turns":9},{"damage":0,"enemies":"Sphere and 2 Shapes","floor":44,"turns":3},{"damage":27,"enemies":"Nemesis","floor":45,"turns":8},{"damage":8,"enemies":"Reptomancer","floor":47,"turns":6},{"damage":37,"enemies":"Time Eater","floor":50,"turns":13},{"damage":58,"enemies":"Donu and Deca","floor":51,"turns":14}],"seed_played":"5127331239659009971","potions_obtained":[{"floor":1,"key":"SpeedPotion"},{"floor":4,"key":"PowerPotion"},{"floor":8,"key":"Strength Potion"},{"floor":12,"key":"PowerPotion"},{"floor":29,"key":"GamblersBrew"},{"floor":33,"key":"Swift Potion"},{"floor":35,"key":"Energy Potion"},{"floor":36,"key":"Swift Potion"},{"floor":44,"key":"SkillPotion"}],"is_trial":false,"path_per_floor":["M","M","M","M","$","R","M","E","T","?","E","M","R","M","R","B",null,"M","M","?","?","M","R","E","R","T","M","R","E","M","E","R","B",null,"M","?","T","?","M","R","M","R","T","M","E","$","E","$","R","B","B",null],"character_chosen":"DEFECT","items_purchased":["Thread and Needle","Defragment","Frozen Eye","Energy Potion"],"campfire_rested":2,"item_purchase_floors":[5,48,48,48],"current_hp_per_floor":[39,36,35,28,28,49,47,44,44,44,25,27,27,29,29,56,67,69,59,59,59,61,61,58,58,58,32,53,45,57,69,69,24,59,60,71,78,68,78,78,78,78,78,78,71,71,75,75,75,51,40],"gold":127,"neow_bonus":"TWO_FIFTY_GOLD","is_prod":false,"is_daily":false,"chose_seed":false,"campfire_upgraded":8,"win_rate":0,"timestamp":1555029235,"path_taken":["M","M","M","M","$","R","M","E","T","?","E","M","R","M","R","BOSS","M","M","?","?","M","R","E","R","T","?","R","E","M","E","R","BOSS","M","?","?","?","M","R","M","R","T","M","E","$","E","$","R","BOSS","BOSS"],"build_version":"2019-01-23","purchased_purges":1,"victory":true,"max_hp_per_floor":[71,71,71,71,71,71,71,71,71,71,71,71,71,71,71,71,71,71,71,71,71,71,71,71,71,71,71,71,71,71,71,71,71,71,71,71,78,78,78,78,78,78,78,78,78,78,78,78,78,78,78],"card_choices":[{"not_picked":["Redo","Streamline"],"picked":"Genetic Algorithm","floor":1},{"not_picked":["Leap","Stack","Steam"],"picked":"SKIP","floor":2},{"not_picked":["Leap","Blizzard"],"picked":"Ball Lightning","floor":3},{"not_picked":["Recycle","Streamline"],"picked":"Glacier","floor":4},{"not_picked":["Darkness","Chaos"],"picked":"Melter","floor":7},{"not_picked":["Hello World","Steam"],"picked":"Ball Lightning","floor":8},{"not_picked":["Hyperbeam","Gash"],"picked":"FTL","floor":11},{"not_picked":["Sweeping Beam","Redo","Gash"],"picked":"SKIP","floor":12},{"not_picked":["Beam Cell","Steam"],"picked":"Glacier","floor":14},{"not_picked":["Multi-Cast","Fission"],"picked":"Electrodynamics","floor":16},{"not_picked":["Steam","Redo+1"],"picked":"Go for the Eyes","floor":18},{"not_picked":["FTL","Glacier"],"picked":"Doom and Gloom+1","floor":19},{"not_picked":["Stack+1","Rebound+1","Beam Cell"],"picked":"SKIP","floor":22},{"not_picked":["Redo","Go for the Eyes"],"picked":"Electrodynamics","floor":24},{"not_picked":["Turbo","Stack"],"picked":"Compile Driver","floor":27},{"not_picked":["Coolheaded","Reprogram"],"picked":"Self Repair+1","floor":29},{"not_picked":["Barrage","Self Repair","Redo"],"picked":"SKIP","floor":30},{"not_picked":["Leap","Sweeping Beam"],"picked":"Rainbow","floor":31},{"not_picked":["Seek","Amplify"],"picked":"Echo Form","floor":33},{"not_picked":["Force Field","Fusion"],"picked":"Undo+1","floor":35},{"not_picked":["Trip","Good Instincts"],"picked":"Discovery","floor":38},{"not_picked":["Metamorphosis","Finesse"],"picked":"Panache","floor":38},{"not_picked":["Streamline+1","Cold Snap","Go for the Eyes"],"picked":"SKIP","floor":39},{"not_picked":["Hologram","Tempest"],"picked":"Coolheaded+1","floor":41},{"not_picked":["Lockon","Beam Cell","Leap"],"picked":"SKIP","floor":44},{"not_picked":["Coolheaded","Turbo+1"],"picked":"White Noise","floor":45},{"not_picked":["Coolheaded","Electrodynamics"],"picked":"Consume","floor":47}],"player_experience":681296,"relics_obtained":[{"floor":8,"key":"Pantograph"},{"floor":9,"key":"Tiny Chest"},{"floor":11,"key":"Blood Vial"},{"floor":24,"key":"Pen Nib"},{"floor":29,"key":"Oddly Smooth Stone"},{"floor":31,"key":"Ornamental Fan"},{"floor":36,"key":"Du-Vu Doll"},{"floor":37,"key":"Strawberry"},{"floor":43,"key":"Bronze Scales"},{"floor":45,"key":"Lantern"},{"floor":47,"key":"Ancient Tea Set"}],"event_choices":[{"cards_removed":["Strike_B"],"damage_healed":0,"gold_gain":0,"player_choice":"Card Removal","damage_taken":0,"max_hp_gain":0,"max_hp_loss":0,"event_name":"The Cleric","floor":10,"gold_loss":75},{"cards_removed":["Strike_B"],"damage_healed":0,"gold_gain":0,"player_choice":"Gave Gold","damage_taken":0,"max_hp_gain":0,"max_hp_loss":0,"event_name":"Beggar","floor":20,"gold_loss":75},{"cards_removed":["Strike_B"],"damage_healed":0,"gold_gain":0,"player_choice":"Purged","damage_taken":0,"max_hp_gain":0,"max_hp_loss":0,"event_name":"Purifier","floor":21,"gold_loss":0},{"damage_healed":0,"gold_gain":0,"player_choice":"Fight","damage_taken":0,"max_hp_gain":0,"max_hp_loss":0,"event_name":"Mysterious Sphere","floor":36,"gold_loss":0},{"damage_healed":0,"gold_gain":0,"player_choice":"Memory 3","damage_taken":10,"max_hp_gain":0,"max_hp_loss":0,"event_name":"SensoryStone","floor":38,"gold_loss":0}],"is_beta":false,"boss_relics":[{"not_picked":["Inserter","Cursed Key"],"picked":"Snecko Eye"},{"not_picked":["Philosopher\u0027s Stone","Velvet Choker"],"picked":"FrozenCore"}],"items_purged_floors":[46],"is_endless":false,"potions_floor_spawned":[1,4,8,12,14,16,27,29,31,33,35,36,44],"ascension_level":20}