{"gold_per_floor":[109,34,34,34,52,91,91,131,180,198,198,198,238,271,271,370,370,388,313,327,61,77,77,111,111,134,134,134,161,176,194,194,266,266,283,159,159,159,140,173,115,161,241,241,241,341,357,50,50,50],"floor_reached":51,"playtime":5062,"items_purged":["Strike_R","Strike_R"],"score":1258,"play_id":"d6873c19-47df-443e-b4b4-53f7c7a03786","local_time":"20190521005608","is_ascension_mode":true,"campfire_choices":[{"floor":7,"key":"REST"},{"data":"Bludgeon","floor":12,"key":"SMITH"},{"floor":15,"key":"REST"},{"data":"Limit Break","floor":23,"key":"SMITH"},{"floor":25,"key":"REST"},{"data":"Feed","floor":28,"key":"SMITH"},{"data":"Flame Barrier","floor":32,"key":"SMITH"},{"floor":44,"key":"REST"},{"floor":49,"key":"REST"}],"neow_cost":"NONE","seed_source_timestamp":539358612910382,"circlet_count":0,"master_deck":["AscendersBane","Strike_R","Defend_R","Defend_R","Defend_R","Bash","Bludgeon+1","Cleave+1","True Grit","Offering","Battle Trance","Feel No Pain","Feed+1","Inflame","Limit Break+1","Flame Barrier+1","Berserk","Demon Form","Impervious","Shrug It Off","Double Tap","Iron Wave","Disarm","Pommel Strike+1","Armaments+1","Double Tap+1","Ghostly Armor+1","True Grit+1"],"relics":["Burning Blood","Bloody Idol","Bag of Marbles","The Courier","Whetstone","Bronze Scales","Odd Mushroom","Velvet Choker","Juzu Bracelet","Anchor","Singing Bowl","Fusion Hammer","Potion Belt","Turnip","Toxic Egg 2","Nunchaku"],"potions_floor_usage":[6,16,22,22,30,42,50,50,50,50],"damage_taken":[{"damage":2,"enemies":"Jaw Worm","floor":1,"turns":3},{"damage":4,"enemies":"2 Louse","floor":5,"turns":3},{"damage":8,"enemies":"Gremlin Nob","floor":6,"turns":3},{"damage":25,"enemies":"3 Sentries","floor":8,"turns":9},{"damage":7,"enemies":"Small Slimes","floor":10,"turns":3},{"damage":6,"enemies":"Gremlin Nob","floor":13,"turns":1},{"damage":14,"enemies":"The Mushroom Lair","floor":14,"turns":4},{"damage":53,"enemies":"Slime Boss","floor":16,"turns":10},{"damage":5,"enemies":"Chosen","floor":18,"turns":3},{"damage":10,"enemies":"2 Thieves","floor":20,"turns":3},{"damage":12,"enemies":"Chosen and Byrds","floor":22,"turns":3},{"damage":45,"enemies":"Slavers","floor":24,"turns":5},{"damage":38,"enemies":"Book of Stabbing","floor":29,"turns":4},{"damage":0,"enemies":"Shelled Parasite and Fungi","floor":30,"turns":4},{"damage":10,"enemies":"Snake Plant","floor":31,"turns":3},{"damage":49,"enemies":"Automaton","floor":33,"turns":7},{"damage":6,"enemies":"Orb Walker","floor":35,"turns":1},{"damage":41,"enemies":"Reptomancer","floor":40,"turns":6},{"damage":46,"enemies":"2 Orb Walkers","floor":42,"turns":6},{"damage":0,"enemies":"Mind Bloom Boss Battle","floor":46,"turns":3},{"damage":24,"enemies":"3 Darklings","floor":47,"turns":4},{"damage":74,"enemies":"Time Eater","floor":50,"turns":10}],"seed_played":"-305065758769785495","potions_obtained":[{"floor":1,"key":"Strength Potion"},{"floor":6,"key":"SpeedPotion"},{"floor":14,"key":"BloodPotion"},{"floor":16,"key":"Poison Potion"},{"floor":18,"key":"Regen Potion"},{"floor":29,"key":"Fire Potion"},{"floor":40,"key":"SteroidPotion"},{"floor":46,"key":"SteroidPotion"}],"is_trial":false,"path_per_floor":["M","$","?","?","M","E","R","E","T","M","?","R","E","?","R","B",null,"M","?","M","$","M","R","E","R","T","?","R","E","M","M","R","B",null,"M","$","?","?","$","E","$","?","T","R","?","?","M","$","R","B",null],"character_chosen":"IRONCLAD","items_purchased":["Inflame","Limit Break","Double Tap","Iron Wave","Disarm","Double Tap+1","Ghostly Armor+1","True Grit+1","Explosive Potion","Swift Potion","GamblersBrew"],"campfire_rested":5,"item_purchase_floors":[21,21,36,39,41,48,48,48,48,48,48],"current_hp_per_floor":[72,72,65,47,49,47,69,50,50,49,49,49,49,41,63,23,62,63,63,62,62,68,68,32,57,57,57,57,32,49,50,50,16,76,85,85,85,85,85,57,57,24,29,58,58,69,60,60,90,22],"gold":50,"neow_bonus":"ONE_RANDOM_RARE_CARD","is_prod":false,"is_daily":false,"chose_seed":false,"campfire_upgraded":4,"win_rate":0,"timestamp":1558418168,"path_taken":["M","$","?","?","M","E","R","E","T","M","?","R","E","?","R","BOSS","M","?","M","$","M","R","E","R","T","?","R","E","M","M","R","BOSS","M","$","?","?","?","E","$","?","T","R","?","?","M","?","R","BOSS"],"build_version":"2019-01-23","purchased_purges":2,"victory":true,"max_hp_per_floor":[75,75,75,75,75,75,75,75,75,75,75,75,75,75,75,75,75,75,75,78,78,81,81,84,84,84,84,84,86,92,92,92,96,96,100,100,100,95,95,97,97,99,99,99,99,99,103,103,103,103],"card_choices":[{"not_picked":["Entrench","Warcry"],"picked":"Cleave","floor":1},{"not_picked":["Anger","Rampage"],"picked":"True Grit","floor":5},{"not_picked":["Flex","Clothesline"],"picked":"Offering","floor":6},{"not_picked":["Armaments","Burning Pact"],"picked":"Battle Trance","floor":8},{"not_picked":["Iron Wave","Warcry"],"picked":"Feel No Pain","floor":10},{"not_picked":["Fire Breathing","Brutality","Sword Boomerang"],"picked":"SKIP","floor":13},{"not_picked":["Juggernaut","Impervious"],"picked":"Feed","floor":16},{"not_picked":["Perfected Strike+1","Sword Boomerang","True Grit"],"picked":"SKIP","floor":18},{"not_picked":["Blood for Blood","Twin Strike","Clothesline"],"picked":"SKIP","floor":20},{"not_picked":["Iron Wave","Heavy Blade"],"picked":"Flame Barrier","floor":22},{"not_picked":["Iron Wave","Anger"],"picked":"Berserk","floor":24},{"not_picked":["Havoc","Clothesline","Warcry"],"picked":"Singing Bowl","floor":29},{"not_picked":["Thunderclap","Headbutt","Clothesline"],"picked":"Singing Bowl","floor":30},{"not_picked":["Infernal Blade","Rampage"],"picked":"Demon Form","floor":31},{"not_picked":["Feed","Berserk"],"picked":"Impervious","floor":33},{"not_picked":["Sword Boomerang","Rupture"],"picked":"Shrug It Off","floor":35},{"not_picked":["Anger+1","Flex","Power Through"],"picked":"Singing Bowl","floor":40},{"not_picked":["Thunderclap","Havoc","Seeing Red"],"picked":"Singing Bowl","floor":42},{"not_picked":["Sword Boomerang","Rage+1"],"picked":"Pommel Strike+1","floor":46},{"not_picked":["Inflame","Rupture+1"],"picked":"Armaments+1","floor":47}],"player_experience":1232539,"relics_obtained":[{"floor":6,"key":"Bag of Marbles"},{"floor":8,"key":"The Courier"},{"floor":9,"key":"Whetstone"},{"floor":13,"key":"Bronze Scales"},{"floor":14,"key":"Odd Mushroom"},{"floor":24,"key":"Juzu Bracelet"},{"floor":26,"key":"Anchor"},{"floor":29,"key":"Singing Bowl"},{"floor":40,"key":"Potion Belt"},{"floor":42,"key":"Turnip"},{"floor":43,"key":"Toxic Egg 2"},{"floor":46,"key":"Nunchaku"}],"event_choices":[{"cards_removed":["Strike_R"],"damage_healed":0,"gold_gain":0,"player_choice":"Card Removal","damage_taken":7,"max_hp_gain":0,"max_hp_loss":0,"event_name":"Golden Wing","floor":3,"gold_loss":0},{"damage_healed":0,"gold_gain":0,"player_choice":"Take Damage","damage_taken":18,"relics_obtained":["Golden Idol"],"max_hp_gain":0,"max_hp_loss":0,"event_name":"Golden Idol","floor":4,"gold_loss":0},{"damage_healed":0,"gold_gain":0,"player_choice":"Ignored","damage_taken":0,"max_hp_gain":0,"max_hp_loss":0,"event_name":"Liars Game","floor":11,"gold_loss":0},{"damage_healed":0,"gold_gain":0,"player_choice":"Fought Mushrooms","damage_taken":0,"max_hp_gain":0,"max_hp_loss":0,"event_name":"Mushrooms","floor":14,"gold_loss":0},{"cards_removed":["Strike_R"],"damage_healed":0,"gold_gain":0,"player_choice":"Gave Gold","damage_taken":0,"max_hp_gain":0,"max_hp_loss":0,"event_name":"Beggar","floor":19,"gold_loss":75},{"damage_healed":0,"gold_gain":0,"player_choice":"Gave Idol","damage_taken":0,"relics_obtained":["Bloody Idol"],"max_hp_gain":0,"max_hp_loss":0,"event_name":"Forgotten Altar","floor":27,"relics_lost":["Golden Idol"],"gold_loss":0},{"cards_removed":["Defend_R"],"damage_healed":0,"gold_gain":0,"player_choice":"Removed Skill","damage_taken":0,"max_hp_gain":0,"max_hp_loss":0,"event_name":"Falling","floor":37,"gold_loss":0},{"damage_healed":0,"gold_gain":0,"player_choice":"Max HP","damage_taken":0,"max_hp_gain":0,"max_hp_loss":5,"event_name":"Winding Halls","floor":38,"gold_loss":0},{"damage_healed":0,"gold_gain":0,"player_choice":"Fight","damage_taken":0,"max_hp_gain":0,"max_hp_loss":0,"event_name":"Mysterious Sphere","floor":42,"gold_loss":0},{"damage_healed":0,"gold_gain":0,"player_choice":"Ignored","damage_taken":0,"max_hp_gain":0,"max_hp_loss":0,"event_name":"Tomb of Lord Red Mask","floor":45,"gold_loss":0},{"damage_healed":0,"gold_gain":0,"player_choice":"Fight","damage_taken":0,"max_hp_gain":0,"max_hp_loss":0,"event_name":"MindBloom","floor":46,"gold_loss":0}],"is_beta":false,"boss_relics":[{"not_picked":["Orrery","Runic Dome"],"picked":"Velvet Choker"},{"not_picked":["Busted Crown","Black Blood"],"picked":"Fusion Hammer"}],"items_purged_floors":[2,21],"is_endless":false,"potions_floor_spawned":[1,6,14,16,18,29,40,46],"ascension_level":14}