{"gold_per_floor":[218,318,331,348,362,362,397,397,420,420,445,465,475,509,509,605,605,615,625,55,55,110,110,123,123,123,159,69,120,139,166,166,263,263,279,279,321,127,143,196,196,224,224,224,251,290,290,0,0,0],"floor_reached":51,"playtime":8498,"items_purged":["Strike_G","Normality"],"score":838,"play_id":"046f1d46-b133-4548-93e2-c988ed337c11","local_time":"20190929215457","is_ascension_mode":true,"campfire_choices":[{"data":"Flechettes","floor":6.0,"key":"SMITH"},{"data":"Sucker Punch","floor":8.0,"key":"SMITH"},{"floor":10.0,"key":"REST"},{"floor":15.0,"key":"REST"},{"data":"Footwork","floor":23.0,"key":"SMITH"},{"data":"Malaise","floor":25.0,"key":"SMITH"},{"data":"HandOfGreed","floor":32.0,"key":"SMITH"},{"data":"Catalyst","floor":41.0,"key":"SMITH"},{"data":"Prepared","floor":44,"key":"SMITH"},{"data":"PiercingWail","floor":47,"key":"SMITH"},{"data":"Neutralize","floor":49,"key":"SMITH"}],"neow_cost":"NONE","seed_source_timestamp":1806380051093207,"circlet_count":0,"master_deck":["Defend_G","Defend_G","Defend_G","Defend_G","Defend_G","Survivor+1","Neutralize+1","Flechettes+1","Escape Plan","Catalyst+1","Dodge and Roll","Sucker Punch+1","Dagger Spray","Calculated Gamble+1","Dash","Deadly Poison","Blur","Malaise+1","Deadly Poison+1","Backflip+1","Footwork+1","HandOfGreed+1","Escape Plan","Terror","Bite","Bite","Bite","Bite","Bite","PiercingWail+1","Deadly Poison","Noxious Fumes+1","Crippling Poison+1","Quick Slash+1","Bullet Time","Acrobatics+1","Prepared+1","Backflip","Blur+1"],"special_seed":0,"relics":["Ring of the Snake","Smiling Mask","Lantern","Dream Catcher","Oddly Smooth Stone","Cursed Key","War Paint","Orichalcum","Bronze Scales","PreservedInsect","Sozu","Snake Skull","Happy Flower","Bag of Preparation","Juzu Bracelet","Red Mask"],"potions_floor_usage":[],"damage_taken":[{"damage":0.0,"enemies":"2 Louse","floor":1.0,"turns":3.0},{"damage":0.0,"enemies":"Cultist","floor":3.0,"turns":4.0},{"damage":0.0,"enemies":"Small Slimes","floor":4.0,"turns":3.0},{"damage":0.0,"enemies":"2 Fungi Beasts","floor":5.0,"turns":3.0},{"damage":44.0,"enemies":"Lagavulin","floor":7.0,"turns":11.0},{"damage":12.0,"enemies":"Gremlin Nob","floor":11.0,"turns":5.0},{"damage":3.0,"enemies":"Exordium Thugs","floor":12.0,"turns":4.0},{"damage":0.0,"enemies":"Large Slime","floor":13.0,"turns":5.0},{"damage":1.0,"enemies":"3 Sentries","floor":14.0,"turns":7.0},{"damage":19.0,"enemies":"Slime Boss","floor":16.0,"turns":9.0},{"damage":17.0,"enemies":"Spheric Guardian","floor":18.0,"turns":6.0},{"damage":4.0,"enemies":"3 Byrds","floor":19.0,"turns":6.0},{"damage":21.0,"enemies":"Shelled Parasite and Fungi","floor":22.0,"turns":8.0},{"damage":4.0,"enemies":"Cultist and Chosen","floor":24.0,"turns":7.0},{"damage":5.0,"enemies":"3 Cultists","floor":27.0,"turns":7.0},{"damage":13.0,"enemies":"Slavers","floor":29.0,"turns":6.0},{"damage":0.0,"enemies":"Snake Plant","floor":30.0,"turns":4.0},{"damage":19.0,"enemies":"Champ","floor":33.0,"turns":11.0},{"damage":0.0,"enemies":"3 Darklings","floor":35.0,"turns":5.0},{"damage":5.0,"enemies":"3 Shapes","floor":37.0,"turns":5.0},{"damage":6.0,"enemies":"Writhing Mass","floor":39.0,"turns":6.0},{"damage":6.0,"enemies":"Nemesis","floor":40.0,"turns":7.0},{"damage":5.0,"enemies":"Giant Head","floor":42.0,"turns":7.0},{"damage":18,"enemies":"Reptomancer","floor":45,"turns":7},{"damage":11,"enemies":"3 Darklings","floor":46,"turns":11},{"damage":49,"enemies":"Awakened One","floor":50,"turns":18}],"seed_played":"-6518425975451386236","potions_obtained":[{"floor":1.0,"key":"Block Potion"},{"floor":3.0,"key":"Dexterity Potion"},{"floor":4.0,"key":"Dexterity Potion"},{"floor":11.0,"key":"Dexterity Potion"},{"floor":12.0,"key":"AttackPotion"},{"floor":14.0,"key":"PowerPotion"},{"floor":22.0,"key":"SkillPotion"},{"floor":27.0,"key":"EssenceOfSteel"},{"floor":33.0,"key":"Swift Potion"}],"is_trial":false,"path_per_floor":["M","?","M","M","M","R","E","R","T","R","E","M","M","E","R","B",null,"M","M","$","?","M","R","M","R","T","M","?","E","M","T","R","B",null,"M","?","M","$","M","E","R","E","T","R","E","M","R","?","R","B",null],"character_chosen":"THE_SILENT","items_purchased":["Footwork","HandOfGreed","Escape Plan","Terror","War Paint","Snake Skull"],"campfire_rested":2,"item_purchase_floors":[20,20,20,20,20,38],"current_hp_per_floor":[70,70,70,70,70,70,26,26,26,47,35,32,32,31,52,33,70,53,49,49,49,40,40,42,42,42,47,47,44,49,49,49,39,49,49,49,45,45,43,47,47,44,44,44,40,49,49,49,49,22],"gold":0,"neow_bonus":"HUNDRED_GOLD","is_prod":false,"is_daily":false,"chose_seed":false,"campfire_upgraded":9,"win_rate":0,"timestamp":1569808497,"path_taken":["M","?","M","M","M","R","E","R","T","R","E","?","M","E","R","BOSS","M","M","$","?","M","R","M","R","T","M","?","E","?","?","R","BOSS","M","?","M","$","M","E","R","E","T","R","E","M","R","?","R","BOSS"],"build_version":"2019-07-17","purchased_purges":2,"victory":true,"max_hp_per_floor":[70,70,70,70,70,70,70,70,70,70,70,70,70,70,70,70,70,70,70,70,49,49,49,49,49,49,49,49,49,49,49,49,49,49,49,49,49,49,49,49,49,49,49,49,49,49,49,49,49,49],"card_choices":[{"not_picked":["Eviscerate","Outmaneuver"],"picked":"Flechettes","floor":1.0},{"not_picked":["Outmaneuver","Finisher"],"picked":"Escape Plan","floor":3.0},{"not_picked":["Caltrops","Underhanded Strike"],"picked":"Catalyst","floor":4.0},{"not_picked":["Outmaneuver","Caltrops"],"picked":"Dodge and Roll","floor":5.0},{"not_picked":["Phantasmal Killer","Slice"],"picked":"Sucker Punch","floor":7.0},{"not_picked":["Quick Slash","Masterful Stab"],"picked":"Dagger Spray","floor":11.0},{"not_picked":["Cloak And Dagger","Backstab"],"picked":"Calculated Gamble","floor":12.0},{"not_picked":["Choke","Flying Knee"],"picked":"Dash","floor":13.0},{"not_picked":["Sucker Punch","Skewer"],"picked":"Deadly Poison","floor":14.0},{"not_picked":["Quick Slash","PiercingWail"],"picked":"Blur","floor":15.0},{"not_picked":["Doppelganger","Die Die Die"],"picked":"Malaise","floor":16.0},{"not_picked":["Slice","Blade Dance"],"picked":"Deadly Poison","floor":18.0},{"not_picked":["Crippling Poison+1","Poisoned Stab"],"picked":"Backflip+1","floor":19.0},{"not_picked":["Masterful Stab","Blade Dance"],"picked":"PiercingWail","floor":22.0},{"not_picked":["Deflect","Dagger Spray"],"picked":"Deadly Poison","floor":24.0},{"not_picked":["Burst","Outmaneuver"],"picked":"Noxious Fumes+1","floor":27.0},{"not_picked":["Dodge and Roll","Caltrops"],"picked":"Crippling Poison+1","floor":29.0},{"not_picked":["Sucker Punch","Bane+1"],"picked":"Quick Slash+1","floor":30.0},{"not_picked":["Doppelganger","Venomology"],"picked":"Bullet Time","floor":33.0},{"not_picked":["Cloak And Dagger+1","Well Laid Plans"],"picked":"Acrobatics+1","floor":35.0},{"not_picked":["Cloak And Dagger+1","Sucker Punch"],"picked":"Prepared","floor":37.0},{"not_picked":["Slice","Unload","Flying Knee+1"],"picked":"SKIP","floor":39.0},{"not_picked":["Slice","Predator+1"],"picked":"Backflip","floor":40.0},{"not_picked":["Dagger Throw+1","Bane+1","Slice+1"],"picked":"SKIP","floor":42.0},{"not_picked":["Deflect","Bane"],"picked":"Blur+1","floor":45},{"not_picked":["Backstab+1","Quick Slash+1","Dagger Throw+1"],"picked":"SKIP","floor":46}],"player_experience":522386,"relics_obtained":[{"floor":7.0,"key":"Smiling Mask"},{"floor":9.0,"key":"Lantern"},{"floor":11.0,"key":"Dream Catcher"},{"floor":14.0,"key":"Oddly Smooth Stone"},{"floor":26.0,"key":"Orichalcum"},{"floor":29.0,"key":"Bronze Scales"},{"floor":31.0,"key":"PreservedInsect"},{"floor":40.0,"key":"Happy Flower"},{"floor":42.0,"key":"Bag of Preparation"},{"floor":45,"key":"Juzu Bracelet"}],"event_choices":[{"damage_healed":0.0,"max_hp_gain":0.0,"max_hp_loss":0.0,"gold_gain":100.0,"event_name":"Golden Shrine","player_choice":"Pray","floor":2.0,"gold_loss":0.0,"damage_taken":0.0},{"damage_healed":0.0,"max_hp_gain":0.0,"max_hp_loss":21.0,"gold_gain":0.0,"event_name":"Vampires","player_choice":"Became a vampire","floor":21.0,"gold_loss":0.0,"damage_taken":0.0,"cards_obtained":["Bite","Bite","Bite","Bite","Bite"]},{"cards_removed":["Decay"],"damage_healed":0.0,"max_hp_gain":0.0,"max_hp_loss":0.0,"gold_gain":0.0,"event_name":"Designer","player_choice":"Upgrade and Remove","floor":28.0,"gold_loss":90.0,"damage_taken":0.0,"cards_upgraded":["Calculated Gamble"]},{"damage_healed":0.0,"max_hp_gain":0.0,"max_hp_loss":0.0,"gold_gain":0.0,"event_name":"SecretPortal","player_choice":"Ignored","floor":36.0,"gold_loss":0.0,"damage_taken":0.0},{"damage_healed":0,"gold_gain":0,"player_choice":"Paid","damage_taken":0,"relics_obtained":["Red Mask"],"max_hp_gain":0,"max_hp_loss":0,"event_name":"Tomb of Lord Red Mask","floor":48,"gold_loss":290}],"is_beta":false,"boss_relics":[{"not_picked":["Lizard Tail","Eternal Feather"],"picked":"Cursed Key"},{"not_picked":["Velvet Choker","Runic Dome"],"picked":"Sozu"}],"items_purged_floors":[20,38],"is_endless":false,"potions_floor_spawned":[1,3,4,11,12,14,22,27,33,35,37,40,46],"ascension_level":1}