{"gold_per_floor":[114,114,133,152,171,209,209,228,228,266,285,285,285,304,304,429,429,448,141,160,160,179,217,217,31,31,50,69,107,107,107,107,232,262,281,281,31,50,50,88,88,88,113,113,113,363,401,401,401,401],"floor_reached":50,"playtime":1873,"items_purged":[],"score":773,"play_id":"2cc3a933-82b7-43c2-8d8d-150d38817cf1","local_time":"20180725210734","daily_mods":["Allstar","Time Dilation","Lethality"],"is_ascension_mode":false,"campfire_choices":[{"floor":15,"key":"REST"},{"floor":24,"key":"REST"},{"data":"Apotheosis","floor":32,"key":"SMITH"},{"floor":41,"key":"REST"},{"floor":44,"key":"REST"},{"floor":49,"key":"REST"}],"neow_cost":"","seed_source_timestamp":0,"circlet_count":0,"master_deck":["Strike_B+1","Strike_B+1","Strike_B+1","Strike_B+1","Defend_B+1","Defend_B+1","Defend_B+1","Defend_B+1","Dualcast","Good Instincts","Secret Weapon","Blind","Mind Blast","Deep Breath","Turbo","Injury","Fusion","Recycle","White Noise","Tempest","Regret","Ball Lightning","Stack","Parasite","Reinforced Body","Core Surge+1","Go for the Eyes+1","Apotheosis+1","Sunder","Auto Shields","Heatsinks","Force Field","Force Field","Force Field","Conserve Battery","Good Instincts","Clumsy","Melter+1","Go for the Eyes+1","Thunder Strike","Shame","Regret","Writhe","Rip and Tear+1","Regret","Conserve Battery","Turbo","Glacier+1","Regret","Glacier"],"special_seed":17737,"relics":["Cracked Core","Golden Idol","Singing Bowl","Orichalcum","Bottled Flame","Ornamental Fan","Cursed Key","DataDisk","Blue Candle","Oddly Smooth Stone","Enchiridion","Calling Bell","Tiny Chest","Molten Egg 2","Turnip","Omamori","OrangePellets","Whetstone","Cables","Juzu Bracelet","Potion Belt"],"potions_floor_usage":[10,16,20,29,40,40,50],"damage_taken":[{"damage":4,"enemies":"Small Slimes","floor":1,"turns":3},{"damage":5,"enemies":"Jaw Worm","floor":3,"turns":2},{"damage":2,"enemies":"2 Louse","floor":4,"turns":2},{"damage":8,"enemies":"Looter","floor":5,"turns":3},{"damage":23,"enemies":"Gremlin Nob","floor":6,"turns":4},{"damage":12,"enemies":"3 Louse","floor":8,"turns":3},{"damage":18,"enemies":"3 Sentries","floor":10,"turns":4},{"damage":0,"enemies":"Large Slime","floor":11,"turns":4},{"damage":14,"enemies":"Lots of Slimes","floor":14,"turns":2},{"damage":20,"enemies":"Hexaghost","floor":16,"turns":9},{"damage":1,"enemies":"Spheric Guardian","floor":18,"turns":3},{"damage":22,"enemies":"3 Byrds","floor":20,"turns":3},{"damage":13,"enemies":"Slaver and Parasite","floor":22,"turns":5},{"damage":14,"enemies":"Book of Stabbing","floor":23,"turns":4},{"damage":1,"enemies":"3 Cultists","floor":27,"turns":4},{"damage":0,"enemies":"Snecko","floor":28,"turns":2},{"damage":11,"enemies":"Slavers","floor":29,"turns":4},{"damage":29,"enemies":"Champ","floor":33,"turns":9},{"damage":2,"enemies":"Flame Bruiser 1 Orb","floor":35,"turns":2},{"damage":46,"enemies":"3 Darklings","floor":38,"turns":9},{"damage":67,"enemies":"Giant Head","floor":40,"turns":9},{"damage":42,"enemies":"2 Orb Walkers","floor":47,"turns":3},{"damage":39,"enemies":"Awakened One","floor":50,"turns":3}],"seed_played":"4244373246101252923","potions_obtained":[{"floor":4,"key":"Ancient Potion"},{"floor":8,"key":"FocusPotion"},{"floor":11,"key":"Energy Potion"},{"floor":14,"key":"FocusPotion"},{"floor":20,"key":"Energy Potion"},{"floor":28,"key":"FairyPotion"},{"floor":33,"key":"Dexterity Potion"},{"floor":40,"key":"EssenceOfSteel"}],"is_trial":false,"path_per_floor":["M","?","M","M","M","E","?","M","T","E","M","?","?","M","R","B",null,"M","$","M","?","M","E","R","$","T","M","M","E","?","?","R","B",null,"M","T","$","M","?","E","R","T","T","R","?","?","E","?","R"],"character_chosen":"DEFECT","items_purchased":["Apotheosis","Sunder","Auto Shields","Force Field","Conserve Battery","Good Instincts","OrangePellets","Conserve Battery"],"campfire_rested":5,"item_purchase_floors":[19,19,19,25,25,25,37,37],"current_hp_per_floor":[71,71,66,64,56,33,33,21,21,3,3,3,21,7,29,9,75,74,74,52,52,39,32,54,54,54,53,53,44,69,53,53,24,77,75,75,75,31,31,7,30,30,30,53,53,53,11,11,34,0],"gold":401,"neow_bonus":"","is_prod":false,"is_daily":true,"chose_seed":false,"campfire_upgraded":1,"win_rate":0,"timestamp":1532527654,"path_taken":["M","?","M","M","M","E","?","?","T","E","M","?","?","M","R","BOSS","M","?","?","?","M","E","R","?","T","M","M","E","?","?","R","BOSS","M","?","?","M","?","E","R","?","T","R","?","?","E","?","R","BOSS"],"build_version":"2018-07-24","purchased_purges":0,"victory":false,"max_hp_per_floor":[75,75,75,75,75,75,75,75,75,75,75,75,75,75,75,75,75,75,75,75,75,75,75,75,75,75,75,75,77,77,77,77,77,77,77,77,77,79,79,79,79,79,79,79,79,79,79,79,79,79],"card_choices":[{"not_picked":["Skim","Loop"],"picked":"Turbo","floor":1},{"not_picked":["Turbo","Streamline"],"picked":"Fusion","floor":3},{"not_picked":["Consume","Turbo"],"picked":"Recycle","floor":4},{"not_picked":["BootSequence","Sunder"],"picked":"White Noise","floor":5},{"not_picked":["Rebound","Reprogram"],"picked":"Tempest","floor":6},{"not_picked":["Reinforced Body","Go for the Eyes"],"picked":"Ball Lightning","floor":8},{"not_picked":["Turbo","Chaos"],"picked":"Cold Snap","floor":10},{"not_picked":["Steam Power","Coolheaded"],"picked":"Stack","floor":11},{"not_picked":["Loop","Static Discharge"],"picked":"Reinforced Body","floor":14},{"not_picked":["Electrodynamics","All For One"],"picked":"Core Surge","floor":16},{"not_picked":["Steam","Defragment"],"picked":"Go for the Eyes+1","floor":18},{"not_picked":["Hologram","Redo"],"picked":"Heatsinks","floor":20},{"not_picked":["Redo","Barrage"],"picked":"Force Field","floor":22},{"not_picked":["Steam","Rebound+1"],"picked":"Force Field","floor":23},{"not_picked":["Core Surge","Leap"],"picked":"Melter","floor":27},{"not_picked":["Barrage","Rebound"],"picked":"Go for the Eyes+1","floor":28},{"not_picked":["Gash","Loop","Double Energy"],"picked":"Singing Bowl","floor":29},{"not_picked":["Amplify","Core Surge"],"picked":"Thunder Strike","floor":33},{"not_picked":["Gash+1","Hologram+1"],"picked":"Rip and Tear+1","floor":35},{"not_picked":["Coolheaded","Redo+1","Self Repair"],"picked":"Singing Bowl","floor":38},{"not_picked":["Gash+1","Coolheaded+1"],"picked":"Glacier+1","floor":40},{"not_picked":["Blizzard+1","Storm"],"picked":"Glacier","floor":47}],"player_experience":246860,"relics_obtained":[{"floor":6,"key":"Singing Bowl"},{"floor":9,"key":"Bottled Flame"},{"floor":10,"key":"Ornamental Fan"},{"floor":23,"key":"DataDisk"},{"floor":26,"key":"Blue Candle"},{"floor":29,"key":"Oddly Smooth Stone"},{"floor":31,"key":"Enchiridion"},{"floor":34,"key":"Tiny Chest"},{"floor":34,"key":"Molten Egg 2"},{"floor":34,"key":"Turnip"},{"floor":36,"key":"Omamori"},{"floor":40,"key":"Whetstone"},{"floor":42,"key":"Cables"},{"floor":43,"key":"Juzu Bracelet"},{"floor":47,"key":"Potion Belt"}],"event_choices":[{"event_name":"Golden Idol","player_choice":"Take Wound","floor":2,"damage_taken":0},{"event_name":"Big Fish","player_choice":"Box","floor":7,"damage_taken":0},{"event_name":"Scrap Ooze","player_choice":"unsuccessful","floor":12,"damage_taken":0},{"event_name":"Mushrooms","player_choice":"Healed and dodged fight","floor":13,"damage_taken":0},{"event_name":"Back to Basics","player_choice":"Simplicity","floor":21,"damage_taken":0},{"event_name":"The Library","player_choice":"Heal","floor":30,"damage_taken":0},{"event_name":"Cursed Tome","player_choice":"Obtained Book","floor":31,"damage_taken":0},{"event_name":"Transmorgrifier","player_choice":"Transform","floor":39,"damage_taken":0},{"event_name":"Falling","player_choice":"Removed Attack","floor":45,"damage_taken":0},{"event_name":"Golden Shrine","player_choice":"Desecrate","floor":46,"damage_taken":0},{"event_name":"Mysterious Sphere","player_choice":"Ignore","floor":48,"damage_taken":0}],"is_beta":true,"boss_relics":[{"not_picked":["Velvet Choker","Lizard Tail"],"picked":"Cursed Key"},{"not_picked":["White Beast Statue","Snecko Eye"],"picked":"Calling Bell"}],"items_purged_floors":[],"is_endless":false,"potions_floor_spawned":[4,8,11,14,20,28,33,40],"killed_by":"Awakened One","ascension_level":0}