{"gold_per_floor":[109,129,36,111,111,111,126,159,159,179,179,204,204,223,223,316,316,337,337,186,186,186,221,221,256,280,319,319,340,356,356,356,452,452,467,481,481,481,481,481,520,520,602,621,142,162,0,0,0,0],"floor_reached":50,"playtime":5294,"items_purged":["Strike_R","Pain"],"score":893,"play_id":"89042a57-214e-4cfa-8bb0-42f282a4f544","local_time":"20190510154841","is_ascension_mode":true,"campfire_choices":[{"data":"Shockwave","floor":6.0,"key":"SMITH"},{"floor":11.0,"key":"REST"},{"data":"Flame Barrier","floor":15.0,"key":"SMITH"},{"data":"Whirlwind","floor":24.0,"key":"SMITH"},{"data":"Bludgeon","floor":28.0,"key":"SMITH"},{"data":"Whirlwind","floor":32.0,"key":"SMITH"},{"data":"Reaper","floor":40,"key":"SMITH"},{"data":"Double Tap","floor":42,"key":"SMITH"},{"data":"Armaments","floor":49,"key":"SMITH"}],"neow_cost":"NONE","seed_source_timestamp":0,"circlet_count":0,"master_deck":["AscendersBane","Defend_R","Defend_R","Defend_R","Bash","Shrug It Off","Shockwave+1","Dramatic Entrance","Spot Weakness","Reaper+1","Infernal Blade","Flame Barrier+1","Battle Trance","Bludgeon+1","Shrug It Off","Necronomicurse","Whirlwind+1","Bite","Bite","Bite","Bite","Bite","Ghostly Armor","Iron Wave+1","Whirlwind+1","Flame Barrier+1","Double Tap+1","Flex+1","The Bomb","Armaments+1"],"special_seed":0,"relics":["Burning Blood","Golden Idol","Bottled Flame","Juzu Bracelet","Coffee Dripper","Necronomicon","MutagenicStrength","PreservedInsect","Bronze Scales","Letter Opener","Busted Crown","WarpedTongs","Turnip","Singing Bowl","Strawberry","Red Mask","Ginger"],"potions_floor_usage":[46,50],"damage_taken":[{"damage":15.0,"enemies":"Cultist","floor":1.0,"turns":5.0},{"damage":7.0,"enemies":"Jaw Worm","floor":2.0,"turns":3.0},{"damage":3.0,"enemies":"2 Louse","floor":7.0,"turns":3.0},{"damage":44.0,"enemies":"Lagavulin","floor":8.0,"turns":9.0},{"damage":24.0,"enemies":"Exordium Thugs","floor":10.0,"turns":4.0},{"damage":17.0,"enemies":"Blue Slaver","floor":12.0,"turns":4.0},{"damage":0.0,"enemies":"Large Slime","floor":14.0,"turns":6.0},{"damage":53.0,"enemies":"Hexaghost","floor":16.0,"turns":10.0},{"damage":13.0,"enemies":"Spheric Guardian","floor":18.0,"turns":4.0},{"damage":15.0,"enemies":"Slavers","floor":23.0,"turns":3.0},{"damage":14.0,"enemies":"Book of Stabbing","floor":25.0,"turns":3.0},{"damage":7.0,"enemies":"Slavers","floor":27.0,"turns":2.0},{"damage":0.0,"enemies":"Shell Parasite","floor":29.0,"turns":1.0},{"damage":3.0,"enemies":"Chosen and Byrds","floor":30.0,"turns":2.0},{"damage":30.0,"enemies":"Collector","floor":33.0,"turns":5.0},{"damage":0.0,"enemies":"Orb Walker","floor":35.0,"turns":1.0},{"damage":3.0,"enemies":"3 Shapes","floor":36.0,"turns":3.0},{"damage":12,"enemies":"Nemesis","floor":41,"turns":3},{"damage":10,"enemies":"Maw","floor":44,"turns":5},{"damage":5,"enemies":"4 Shapes","floor":46,"turns":1},{"damage":125,"enemies":"Time Eater","floor":50,"turns":8}],"seed_played":"3898115070011965536","potions_obtained":[{"floor":10.0,"key":"PowerPotion"},{"floor":12.0,"key":"Regen Potion"},{"floor":14.0,"key":"FairyPotion"},{"floor":18.0,"key":"Strength Potion"},{"floor":23.0,"key":"Fire Potion"},{"floor":30.0,"key":"Ancient Potion"},{"floor":33.0,"key":"GamblersBrew"},{"floor":46,"key":"SteroidPotion"}],"is_trial":false,"path_per_floor":["M","M","$","?","?","R","M","E","T","M","R","M","?","M","R","B",null,"M","?","$","?","?","E","R","E","T","E","R","M","M","?","R","B",null,"M","M","?","?","?","R","E","R","T","M","$","M","?","T","R","B"],"character_chosen":"IRONCLAD","items_purchased":["Dramatic Entrance","Whirlwind","The Bomb","Armaments","Strawberry"],"campfire_rested":1,"item_purchase_floors":[3,20,45,45,45],"current_hp_per_floor":[71,70,70,59,59,59,62,24,24,14,38,31,31,41,41,13,64,57,41,41,41,41,49,49,49,49,52,52,56,56,56,56,36,51,56,56,56,56,53,53,52,52,52,54,61,64,64,64,64,0],"gold":0,"neow_bonus":"TEN_PERCENT_HP_BONUS","is_prod":false,"is_daily":false,"chose_seed":false,"campfire_upgraded":8,"win_rate":0,"timestamp":1557521321,"path_taken":["M","M","$","?","?","R","M","E","T","M","R","M","?","M","R","BOSS","M","?","$","?","?","E","R","E","T","E","R","M","M","?","R","BOSS","M","M","?","?","?","R","E","R","T","M","$","M","?","?","R","BOSS"],"build_version":"2019-01-23","purchased_purges":2,"victory":false,"max_hp_per_floor":[88,88,88,88,81,81,81,81,81,81,81,81,81,81,81,81,81,81,81,81,81,56,56,56,56,56,56,56,56,56,56,56,56,56,56,56,56,56,53,53,53,53,53,55,62,64,64,64,64,64],"card_choices":[{"not_picked":["Rampage","Second Wind"],"picked":"Shrug It Off","floor":1.0},{"not_picked":["Wild Strike","Warcry"],"picked":"Shockwave","floor":2.0},{"not_picked":["Iron Wave","Carnage"],"picked":"Spot Weakness","floor":7.0},{"not_picked":["Sword Boomerang","Iron Wave"],"picked":"Reaper","floor":8.0},{"not_picked":["Power Through","Rage"],"picked":"Infernal Blade","floor":10.0},{"not_picked":["Clash","Hemokinesis"],"picked":"Flame Barrier","floor":12.0},{"not_picked":["Flex","Dual Wield"],"picked":"Battle Trance","floor":14.0},{"not_picked":["Dark Embrace","Brutality"],"picked":"Bludgeon","floor":16.0},{"not_picked":["Perfected Strike+1","Shockwave"],"picked":"Shrug It Off","floor":18.0},{"not_picked":["Anger","Reckless Charge"],"picked":"Ghostly Armor","floor":23.0},{"not_picked":["Twin Strike","Sword Boomerang"],"picked":"Iron Wave+1","floor":25.0},{"not_picked":["Corruption","Havoc","Juggernaut"],"picked":"SKIP","floor":27.0},{"not_picked":["Armaments","Evolve"],"picked":"Whirlwind","floor":29.0},{"not_picked":["Pommel Strike","Iron Wave"],"picked":"Flame Barrier+1","floor":30.0},{"not_picked":["Dark Embrace","Impervious"],"picked":"Double Tap","floor":33.0},{"not_picked":["Sentinel"],"picked":"SKIP","floor":35.0},{"not_picked":[],"picked":"Flex+1","floor":36.0},{"not_picked":["Intimidate+1"],"picked":"SKIP","floor":41},{"not_picked":["Rage+1"],"picked":"Singing Bowl","floor":44},{"not_picked":["Combust"],"picked":"Singing Bowl","floor":46}],"player_experience":1187295,"relics_obtained":[{"floor":8.0,"key":"Bottled Flame"},{"floor":9.0,"key":"Juzu Bracelet"},{"floor":19.0,"key":"Necronomicon"},{"floor":23.0,"key":"PreservedInsect"},{"floor":25.0,"key":"Bronze Scales"},{"floor":27.0,"key":"Letter Opener"},{"floor":41,"key":"Turnip"},{"floor":43,"key":"Singing Bowl"},{"floor":48,"key":"Ginger"}],"event_choices":[{"damage_healed":0.0,"max_hp_gain":0.0,"max_hp_loss":0.0,"gold_gain":75.0,"event_name":"World of Goop","player_choice":"Gather Gold","floor":4.0,"gold_loss":0.0,"damage_taken":11.0},{"damage_healed":0.0,"max_hp_gain":0.0,"max_hp_loss":7.0,"gold_gain":0.0,"event_name":"Golden Idol","player_choice":"Lose Max HP","floor":5.0,"gold_loss":0.0,"damage_taken":0.0,"relics_obtained":["Golden Idol"]},{"damage_healed":0.0,"max_hp_gain":0.0,"max_hp_loss":0.0,"gold_gain":0.0,"event_name":"Match and Keep!","player_choice":"1 cards matched","floor":13.0,"gold_loss":0.0,"damage_taken":0.0,"cards_obtained":["Dark Shackles"]},{"damage_healed":0.0,"max_hp_gain":0.0,"max_hp_loss":0.0,"gold_gain":0.0,"event_name":"Cursed Tome","player_choice":"Obtained Book","floor":19.0,"gold_loss":0.0,"damage_taken":16.0},{"damage_healed":0.0,"max_hp_gain":0.0,"max_hp_loss":0.0,"gold_gain":0.0,"event_name":"Drug Dealer","player_choice":"Inject Mutagens","floor":21.0,"gold_loss":0.0,"damage_taken":0.0,"relics_obtained":["MutagenicStrength"]},{"damage_healed":0.0,"max_hp_gain":0.0,"max_hp_loss":25.0,"gold_gain":0.0,"event_name":"Vampires","player_choice":"Became a vampire","floor":22.0,"gold_loss":0.0,"damage_taken":0.0,"cards_obtained":["Bite","Bite","Bite","Bite","Bite"]},{"cards_removed":["Defend_R"],"damage_healed":0.0,"max_hp_gain":0.0,"max_hp_loss":0.0,"gold_gain":0.0,"event_name":"Back to Basics","player_choice":"Elegance","floor":31.0,"gold_loss":0.0,"damage_taken":0.0},{"cards_removed":["Dark Shackles"],"damage_healed":0,"gold_gain":0,"player_choice":"Removed Skill","damage_taken":0,"max_hp_gain":0,"max_hp_loss":0,"event_name":"Falling","floor":37,"gold_loss":0},{"damage_healed":0,"gold_gain":0,"player_choice":"Rummage","damage_taken":0,"relics_obtained":["WarpedTongs"],"max_hp_gain":0,"max_hp_loss":0,"event_name":"Accursed Blacksmith","floor":38,"gold_loss":0,"cards_obtained":["Pain"]},{"damage_healed":0,"gold_gain":0,"player_choice":"Max HP","damage_taken":0,"max_hp_gain":0,"max_hp_loss":3,"event_name":"Winding Halls","floor":39,"gold_loss":0},{"damage_healed":0,"gold_gain":0,"player_choice":"Paid","damage_taken":0,"relics_obtained":["Red Mask"],"max_hp_gain":0,"max_hp_loss":0,"event_name":"Tomb of Lord Red Mask","floor":47,"gold_loss":162}],"is_beta":false,"boss_relics":[{"not_picked":["Orrery","Philosopher\u0027s Stone"],"picked":"Coffee Dripper"},{"not_picked":["White Beast Statue","Mark of Pain"],"picked":"Busted Crown"}],"items_purged_floors":[20,45],"is_endless":false,"potions_floor_spawned":[10,12,14,18,23,30,33,41,44,46],"killed_by":"Time Eater","ascension_level":13}