{"gold_per_floor":[113,63,82,257,268,298,298,356,356,356,356],"floor_reached":11,"playtime":418,"items_purged":[],"score":82,"play_id":"51d19f6c-e969-4d81-966f-63a03fe846e7","local_time":"20190607155205","is_ascension_mode":true,"campfire_choices":[{"data":"Conserve Battery","floor":7,"key":"SMITH"}],"neow_cost":"NONE","seed_source_timestamp":25808853890506,"circlet_count":0,"master_deck":["Strike_B","Strike_B","Strike_B","Defend_B","Defend_B","Defend_B","Defend_B","Zap","Dualcast","Conserve Battery+1","Hologram","Doubt","Gash+1","Doom and Gloom"],"relics":["Cracked Core","Bronze Scales","Pear","Calipers","Ancient Tea Set"],"potions_floor_usage":[8],"damage_taken":[{"damage":0,"enemies":"2 Louse","floor":1,"turns":1},{"damage":2,"enemies":"Jaw Worm","floor":3,"turns":3},{"damage":0,"enemies":"Small Slimes","floor":5,"turns":3},{"damage":35,"enemies":"Lagavulin","floor":6,"turns":9},{"damage":24,"enemies":"3 Sentries","floor":8,"turns":6},{"damage":24,"enemies":"Gremlin Nob","floor":11,"turns":4}],"seed_played":"-6786877870657165690","potions_obtained":[{"floor":1,"key":"SkillPotion"}],"is_trial":false,"path_per_floor":["M","?","M","?","M","E","R","?","T","?","E"],"character_chosen":"DEFECT","items_purchased":[],"campfire_rested":0,"item_purchase_floors":[],"current_hp_per_floor":[75,75,73,73,73,48,48,24,24,24,0],"gold":356,"neow_bonus":"RANDOM_COMMON_RELIC","is_prod":false,"is_daily":false,"chose_seed":false,"campfire_upgraded":1,"win_rate":0,"timestamp":1559915525,"path_taken":["M","?","M","?","M","E","R","?","T","?","E"],"build_version":"2019-01-23","purchased_purges":0,"victory":false,"max_hp_per_floor":[75,75,75,75,75,85,85,85,85,85,85],"card_choices":[{"not_picked":["Lockon","Turbo"],"picked":"Conserve Battery","floor":1},{"not_picked":["Compile Driver","Rip and Tear"],"picked":"Hologram","floor":3},{"not_picked":["Double Energy","Go for the Eyes"],"picked":"Gash","floor":5},{"not_picked":["Steam","Static Discharge"],"picked":"Doom and Gloom","floor":6}],"player_experience":202993,"relics_obtained":[{"floor":6,"key":"Pear"},{"floor":8,"key":"Calipers"},{"floor":9,"key":"Ancient Tea Set"}],"event_choices":[{"cards_removed":["Strike_B"],"damage_healed":0,"gold_gain":0,"player_choice":"Card Removal","damage_taken":0,"max_hp_gain":0,"max_hp_loss":0,"event_name":"The Cleric","floor":2,"gold_loss":50},{"damage_healed":0,"gold_gain":175,"player_choice":"AGREE","damage_taken":0,"max_hp_gain":0,"max_hp_loss":0,"event_name":"Liars Game","floor":4,"gold_loss":0,"cards_obtained":["Doubt"]},{"damage_healed":0,"gold_gain":30,"player_choice":"Searched \u00272\u0027 times","damage_taken":0,"max_hp_gain":0,"max_hp_loss":0,"event_name":"Dead Adventurer","floor":8,"gold_loss":0},{"damage_healed":0,"gold_gain":0,"player_choice":"Upgraded","damage_taken":0,"max_hp_gain":0,"max_hp_loss":0,"event_name":"Upgrade Shrine","floor":10,"gold_loss":0,"cards_upgraded":["Gash"]}],"is_beta":false,"boss_relics":[],"items_purged_floors":[],"is_endless":false,"potions_floor_spawned":[1],"killed_by":"Gremlin Nob","ascension_level":3}