{"gold_per_floor":[114,129,144,159,159,189,189,219,244,259,259,259,274,289,289,389,389,404,419,67,67,82,112,127,127,177,207,222,237,252,282,282,382,382,397,412,427,442,457,457,487,502,527,557,584,611,29,44,44,44],"floor_reached":51,"playtime":2074,"items_purged":["Strike_G"],"score":1241,"play_id":"6f41b0df-b99c-4f2b-be37-0676d9f7c28e","local_time":"20180920143507","daily_mods":["Heirloom","Cursed Run","Time Dilation"],"is_ascension_mode":false,"campfire_choices":[{"data":"Neutralize","floor":7.0,"key":"SMITH"},{"data":"Accuracy","floor":15.0,"key":"SMITH"},{"data":"Prepared","floor":25.0,"key":"SMITH"},{"data":"Blade Dance","floor":32.0,"key":"SMITH"},{"data":"Setup","floor":40,"key":"SMITH"},{"data":"Sucker Punch","floor":49,"key":"SMITH"}],"neow_cost":"","seed_source_timestamp":0,"circlet_count":0,"master_deck":["Defend_G","Defend_G","Defend_G","Defend_G","Defend_G","Strike_G","Strike_G","Survivor","Neutralize+1","Escape Plan","Blade Dance","Cloak And Dagger+1","Accuracy+1","Setup+1","Prepared+1","Doubt","All Out Attack","Deflect","Dagger Spray","Parasite","Corpse Explosion","Leg Sweep","Backflip","Blur","Terror","Flying Knee","Blade Dance+1","Dagger Spray","Cloak And Dagger+1","Slice","Die Die Die","Blade Dance+1","Cloak And Dagger+1","Shame","Cloak And Dagger+1","Masterful Stab","Crippling Poison+1","Sucker Punch+1","Prepared+1","Shame","Adrenaline+1","Dagger Throw+1","Riddle With Holes+1","Tactician+1","Underhanded Strike+1","Backflip+1","Expertise+1","Dagger Spray+1","Pain","Concentrate+1","Blade Dance+1","Cloak And Dagger+1","Deflect+1","Trip+1","Prepared+1","Choke","Well Laid Plans","Die Die Die","Sucker Punch+1","Shame"],"special_seed":17794,"relics":["Cursed Key","Darkstone Periapt","Du-Vu Doll","Unceasing Top","Vajra","Centennial Puzzle","Smiling Mask","Orrery","Toxic Egg 2","Regal Pillow","Art of War","Ornamental Fan","Meat on the Bone","HoveringKite","Turnip","Strawberry","MawBank"],"potions_floor_usage":[33,33,33,50,50,50],"damage_taken":[{"damage":0.0,"enemies":"Small Slimes","floor":1.0,"turns":3.0},{"damage":3.0,"enemies":"2 Louse","floor":2.0,"turns":3.0},{"damage":0.0,"enemies":"Jaw Worm","floor":3.0,"turns":4.0},{"damage":2.0,"enemies":"Gremlin Gang","floor":4.0,"turns":6.0},{"damage":0.0,"enemies":"Gremlin Nob","floor":6.0,"turns":2.0},{"damage":0.0,"enemies":"Lagavulin","floor":8.0,"turns":4.0},{"damage":2.0,"enemies":"Blue Slaver","floor":10.0,"turns":2.0},{"damage":0.0,"enemies":"3 Louse","floor":13.0,"turns":1.0},{"damage":5.0,"enemies":"Exordium Thugs","floor":14.0,"turns":2.0},{"damage":31.0,"enemies":"The Guardian","floor":16.0,"turns":9.0},{"damage":0.0,"enemies":"3 Byrds","floor":18.0,"turns":2.0},{"damage":10.0,"enemies":"2 Thieves","floor":19.0,"turns":2.0},{"damage":0.0,"enemies":"Cultist and Chosen","floor":22.0,"turns":3.0},{"damage":21.0,"enemies":"Book of Stabbing","floor":23.0,"turns":4.0},{"damage":0.0,"enemies":"3 Cultists","floor":24.0,"turns":2.0},{"damage":0.0,"enemies":"Gremlin Leader","floor":27.0,"turns":3.0},{"damage":6.0,"enemies":"Shelled Parasite and Fungi","floor":28.0,"turns":3.0},{"damage":1.0,"enemies":"Chosen and Byrds","floor":29.0,"turns":2.0},{"damage":0.0,"enemies":"Sentry and Sphere","floor":30.0,"turns":3.0},{"damage":0.0,"enemies":"Book of Stabbing","floor":31.0,"turns":4.0},{"damage":6,"enemies":"Champ","floor":33,"turns":4},{"damage":0,"enemies":"Orb Walker","floor":35,"turns":1},{"damage":0,"enemies":"3 Shapes","floor":36,"turns":2},{"damage":0,"enemies":"Jaw Worm Horde","floor":37,"turns":2},{"damage":0,"enemies":"Reptomancer","floor":38,"turns":3},{"damage":0,"enemies":"Maw","floor":39,"turns":3},{"damage":0,"enemies":"Giant Head","floor":41,"turns":6},{"damage":0,"enemies":"4 Shapes","floor":42,"turns":2},{"damage":2,"enemies":"Nemesis","floor":44,"turns":3},{"damage":0,"enemies":"Reptomancer","floor":45,"turns":1},{"damage":0,"enemies":"Transient","floor":46,"turns":5},{"damage":0,"enemies":"4 Shapes","floor":48,"turns":2},{"damage":0,"enemies":"Awakened One","floor":50,"turns":6}],"seed_played":"1139054497184590397","potions_obtained":[{"floor":1.0,"key":"Weak Potion"},{"floor":2.0,"key":"AttackPotion"},{"floor":4.0,"key":"Ancient Potion"},{"floor":6.0,"key":"Poison Potion"},{"floor":14.0,"key":"Poison Potion"},{"floor":23.0,"key":"SneckoOil"},{"floor":24.0,"key":"SteroidPotion"},{"floor":28.0,"key":"EssenceOfSteel"},{"floor":31.0,"key":"Swift Potion"},{"floor":35,"key":"Weak Potion"},{"floor":36,"key":"Regen Potion"},{"floor":38,"key":"SteroidPotion"},{"floor":39,"key":"EssenceOfSteel"}],"is_trial":false,"path_per_floor":["M","M","M","M","?","E","R","E","T","M","?","?","M","M","R","B",null,"M","M","$","?","M","E","M","R","T","E","M","M","M","E","R","B",null,"M","M","M","M","M","R","E","M","T","E","M","M","$","M","R","B"],"character_chosen":"THE_SILENT","items_purchased":["Toxic Egg 2","Cloak And Dagger+1","Slice","Deflect+1","Trip+1","Prepared+1","Choke","Well Laid Plans","Die Die Die","Strength Potion","Block Potion"],"campfire_rested":0,"item_purchase_floors":[20,20,20,47,47,47,47,47,47,47,47],"current_hp_per_floor":[70,67,67,65,65,65,65,65,71,69,69,69,69,64,64,39,82,82,72,72,72,72,51,51,51,57,57,51,50,50,50,50,62,94,94,94,94,94,94,94,94,94,107,105,105,105,105,105,105,111],"gold":44,"neow_bonus":"","is_prod":false,"is_daily":true,"chose_seed":false,"campfire_upgraded":6,"win_rate":0,"timestamp":1537428907,"path_taken":["M","M","M","M","?","E","R","E","T","M","?","?","?","M","R","BOSS","M","M","$","?","M","E","M","R","T","E","M","M","M","E","R","BOSS","M","M","M","M","M","R","E","M","T","E","M","M","$","M","R","BOSS"],"build_version":"2018-09-18v3","purchased_purges":1,"victory":true,"max_hp_per_floor":[70,70,70,70,70,70,70,70,76,76,76,76,76,76,76,82,82,82,82,82,82,82,82,82,82,88,88,88,88,88,88,88,94,94,94,94,94,94,94,94,94,94,107,107,107,107,107,107,107,113],"card_choices":[{"not_picked":["Underhanded Strike","Endless Agony"],"picked":"Escape Plan","floor":1.0},{"not_picked":["Deadly Poison","Bouncing Flask"],"picked":"Blade Dance","floor":2.0},{"not_picked":["Dagger Spray","Deadly Poison"],"picked":"Cloak And Dagger","floor":3.0},{"not_picked":["Dash","Catalyst"],"picked":"Accuracy","floor":4.0},{"not_picked":["Dash","Quick Slash"],"picked":"Setup","floor":6.0},{"not_picked":["PiercingWail","Masterful Stab"],"picked":"Prepared","floor":8.0},{"not_picked":["Quick Slash","Dagger Throw"],"picked":"All Out Attack","floor":10.0},{"not_picked":["Leg Sweep","Outmaneuver"],"picked":"Deflect","floor":13.0},{"not_picked":["Quick Slash","Prepared"],"picked":"Dagger Spray","floor":14.0},{"not_picked":["Unload","Bullet Time"],"picked":"Corpse Explosion","floor":16.0},{"not_picked":["Outmaneuver","Dash"],"picked":"Leg Sweep","floor":17.0},{"not_picked":["Caltrops","Acrobatics"],"picked":"Backflip","floor":17.0},{"not_picked":["PiercingWail","Deflect"],"picked":"Blur","floor":17.0},{"not_picked":["Distraction","Leg Sweep"],"picked":"Terror","floor":17.0},{"not_picked":["Acrobatics","Bouncing Flask"],"picked":"Flying Knee","floor":17.0},{"not_picked":["Flying Knee","Accuracy"],"picked":"Blade Dance","floor":18.0},{"not_picked":["Quick Slash+1","Infinite Blades"],"picked":"Dagger Spray","floor":19.0},{"not_picked":["Catalyst+1","Outmaneuver+1"],"picked":"Die Die Die","floor":22.0},{"not_picked":["Tactician+1","Noxious Fumes"],"picked":"Blade Dance+1","floor":23.0},{"not_picked":["Dagger Spray","Dodge and Roll+1"],"picked":"Cloak And Dagger+1","floor":24.0},{"not_picked":["All Out Attack","Infinite Blades"],"picked":"Cloak And Dagger+1","floor":27.0},{"not_picked":["Flying Knee","Choke"],"picked":"Masterful Stab","floor":28.0},{"not_picked":["Outmaneuver+1","All Out Attack"],"picked":"Crippling Poison+1","floor":29.0},{"not_picked":["Dash+1","Deadly Poison+1"],"picked":"Sucker Punch+1","floor":30.0},{"not_picked":["Deadly Poison+1","Leg Sweep+1"],"picked":"Prepared+1","floor":31.0},{"not_picked":["Tools of the Trade","Night Terror+1"],"picked":"Adrenaline+1","floor":33},{"not_picked":["Well Laid Plans+1","Dagger Spray+1"],"picked":"Dagger Throw+1","floor":35},{"not_picked":["PiercingWail+1","Predator"],"picked":"Riddle With Holes+1","floor":36},{"not_picked":["Dash+1","PiercingWail+1"],"picked":"Tactician+1","floor":37},{"not_picked":["Masterful Stab","Infinite Blades+1"],"picked":"Underhanded Strike+1","floor":38},{"not_picked":["Sucker Punch","Accuracy+1"],"picked":"Backflip+1","floor":39},{"not_picked":["Die Die Die","Dagger Spray+1"],"picked":"Expertise+1","floor":41},{"not_picked":["Sucker Punch+1","Heel Hook+1"],"picked":"Dagger Spray+1","floor":42},{"not_picked":["Choke+1","Sucker Punch"],"picked":"Concentrate+1","floor":44},{"not_picked":["PiercingWail+1","Deadly Poison+1"],"picked":"Blade Dance+1","floor":45},{"not_picked":["Reflex+1","Poisoned Stab+1"],"picked":"Cloak And Dagger+1","floor":46},{"not_picked":["Caltrops","Accuracy"],"picked":"Sucker Punch","floor":48}],"player_experience":356629,"relics_obtained":[{"floor":6.0,"key":"Vajra"},{"floor":8.0,"key":"Centennial Puzzle"},{"floor":9.0,"key":"Smiling Mask"},{"floor":23.0,"key":"Regal Pillow"},{"floor":26.0,"key":"Art of War"},{"floor":27.0,"key":"Ornamental Fan"},{"floor":31.0,"key":"Meat on the Bone"},{"floor":41,"key":"Turnip"},{"floor":43,"key":"Strawberry"},{"floor":44,"key":"MawBank"}],"event_choices":[{"event_name":"Living Wall","player_choice":"Grow","floor":5.0,"damage_taken":0.0},{"event_name":"The Woman in Blue","player_choice":"Bought 0 Potions","floor":11.0,"damage_taken":0.0},{"event_name":"Purifier","player_choice":"One Purge","floor":12.0,"damage_taken":0.0},{"event_name":"Wheel of Change","player_choice":"Card Removal","floor":21.0,"damage_taken":0.0}],"is_beta":true,"boss_relics":[{"not_picked":["Empty Cage","Runic Pyramid"],"picked":"Orrery"},{"not_picked":["White Beast Statue","Eternal Feather"],"picked":"HoveringKite"}],"items_purged_floors":[47],"is_endless":false,"potions_floor_spawned":[1,2,4,6,14,23,24,28,31,35,36,38,39],"ascension_level":0}