{"gold_per_floor":[114,129,34,34,49,79,79,104,154,184,184,184,184,203,203,328,328,347,347,272,272,272,310,34,34,34,72,171,171,171,171,171,296,296,315,648,663,678,678,738,738,788,813,828,48,78,93,108,108,108],"floor_reached":51,"playtime":1909,"items_purged":[],"score":1247,"play_id":"3c468c81-fede-4320-a2f4-e4218238547d","local_time":"20180729143514","daily_mods":["Specialized","Cursed Run","Binary"],"is_ascension_mode":false,"campfire_choices":[{"data":"Neutralize","floor":11,"key":"SMITH"},{"data":"Heel Hook","floor":13,"key":"SMITH"},{"data":"Prepared","floor":15,"key":"SMITH"},{"data":"Wraith Form v2","floor":25,"key":"SMITH"},{"data":"Well Laid Plans","floor":30,"key":"SMITH"},{"data":"Malaise","floor":32,"key":"SMITH"},{"data":"Prepared","floor":41,"key":"SMITH"},{"floor":49,"key":"REST"}],"neow_cost":"","seed_source_timestamp":0,"circlet_count":0,"master_deck":["Defend_G","Defend_G","Defend_G","Defend_G","Survivor","Neutralize+1","Night Terror","Night Terror","Night Terror","Well Laid Plans+1","Dagger Spray","Prepared+1","Well Laid Plans","Dagger Spray","Riddle With Holes","Pain","Regret","Heel Hook+1","PiercingWail","Wraith Form v2+1","Night Terror+1","Dagger Spray+1","Distraction+1","Expertise+1","Pain","Malaise+1","Caltrops","Neutralize","Blur","Bite","Bite","Bite","Bite","Cloak And Dagger","Dagger Spray","Backflip","Poisoned Stab","Doubt","Underhanded Strike+1","Regret","Decay","Pain","Glass Knife","Dagger Throw","Cloak And Dagger","Expertise+1","Prepared+1","Parasite","Pain","Riddle With Holes+1","Backflip","All Out Attack+1","Acrobatics+1","Normality"],"special_seed":17741,"relics":["Cursed Key","Darkstone Periapt","Du-Vu Doll","Ancient Tea Set","Bag of Marbles","Juzu Bracelet","Omamori","Astrolabe","Mango","Letter Opener","The Courier","Bottled Lightning","Philosopher\u0027s Stone","Tiny Chest","Art of War","Centennial Puzzle","Snake Skull","Pantograph","Regal Pillow","Orichalcum","Frozen Eye","Strawberry"],"potions_floor_usage":[6,23,23,23,27,33,33,40,50,50,50],"damage_taken":[{"damage":7,"enemies":"Cultist","floor":1,"turns":4},{"damage":1,"enemies":"Jaw Worm","floor":2,"turns":6},{"damage":0,"enemies":"Small Slimes","floor":5,"turns":4},{"damage":26,"enemies":"Gremlin Nob","floor":6,"turns":5},{"damage":10,"enemies":"Lagavulin","floor":10,"turns":6},{"damage":0,"enemies":"3 Louse","floor":14,"turns":1},{"damage":5,"enemies":"Slime Boss","floor":16,"turns":5},{"damage":3,"enemies":"Chosen","floor":18,"turns":3},{"damage":3,"enemies":"Slavers","floor":23,"turns":3},{"damage":10,"enemies":"Book of Stabbing","floor":27,"turns":7},{"damage":21,"enemies":"Automaton","floor":33,"turns":11},{"damage":5,"enemies":"3 Shapes","floor":35,"turns":3},{"damage":12,"enemies":"Orb Walker","floor":37,"turns":4},{"damage":27,"enemies":"Sphere and 2 Shapes","floor":38,"turns":5},{"damage":49,"enemies":"Giant Head","floor":40,"turns":8},{"damage":18,"enemies":"Maw","floor":44,"turns":4},{"damage":16,"enemies":"Nemesis","floor":46,"turns":3},{"damage":0,"enemies":"Spire Growth","floor":47,"turns":2},{"damage":18,"enemies":"Sphere and 2 Shapes","floor":48,"turns":7},{"damage":12,"enemies":"Awakened One","floor":50,"turns":10}],"seed_played":"3633398992768724987","potions_obtained":[{"floor":1,"key":"Strength Potion"},{"floor":2,"key":"SpeedPotion"},{"floor":10,"key":"EssenceOfSteel"},{"floor":18,"key":"Block Potion"},{"floor":23,"key":"Regen Potion"},{"floor":35,"key":"Strength Potion"},{"floor":44,"key":"SteroidPotion"},{"floor":48,"key":"Strength Potion"}],"is_trial":false,"path_per_floor":["M","M","$","$","M","E","?","T","T","E","R","?","R","M","R","B",null,"M","?","?","?","?","E","$","R","T","E","?","T","R","?","R","B",null,"M","?","M","M","?","E","R","T","T","M","$","E","M","M","R","B"],"character_chosen":"THE_SILENT","items_purchased":["Prepared","Well Laid Plans","Dagger Spray","Backflip","Poisoned Stab","GhostInAJar","EssenceOfSteel","Snake Skull","Pantograph","Regal Pillow","Orichalcum","Frozen Eye"],"campfire_rested":1,"item_purchase_floors":[3,3,24,24,24,24,24,45,45,45,45,45],"current_hp_per_floor":[63,62,62,62,62,36,29,35,41,31,31,31,31,31,31,26,82,79,85,85,85,61,72,72,72,78,77,77,83,83,89,89,84,99,94,94,84,63,63,24,24,30,36,22,22,13,15,1,51,72],"gold":108,"neow_bonus":"","is_prod":false,"is_daily":true,"chose_seed":false,"campfire_upgraded":7,"win_rate":0,"timestamp":1532849714,"path_taken":["M","M","?","$","?","E","?","?","T","E","R","?","R","M","R","BOSS","M","?","?","?","?","E","$","R","T","E","?","?","R","?","R","BOSS","M","?","M","M","?","E","R","?","T","M","$","E","M","M","R","BOSS"],"build_version":"2018-07-26","purchased_purges":0,"victory":true,"max_hp_per_floor":[70,70,70,70,70,70,70,76,82,82,82,82,82,82,82,82,82,82,88,88,88,61,75,75,75,81,81,81,87,87,93,93,99,99,99,99,99,99,99,99,99,105,111,111,111,118,118,118,118,124],"card_choices":[{"not_picked":["Concentrate"],"picked":"Well Laid Plans","floor":1},{"not_picked":["Catalyst"],"picked":"Dagger Spray","floor":2},{"not_picked":["Flying Knee"],"picked":"Dagger Spray","floor":5},{"not_picked":["Flying Knee"],"picked":"Riddle With Holes","floor":6},{"not_picked":["Infinite Blades"],"picked":"Heel Hook","floor":10},{"not_picked":["Deflect"],"picked":"PiercingWail","floor":14},{"not_picked":["Bullet Time"],"picked":"Wraith Form v2","floor":16},{"not_picked":["PiercingWail"],"picked":"Expertise+1","floor":18},{"not_picked":["Deadly Poison"],"picked":"Cloak And Dagger","floor":23},{"not_picked":["Accuracy"],"picked":"Underhanded Strike+1","floor":27},{"not_picked":["After Image"],"picked":"Glass Knife","floor":33},{"not_picked":["Bane+1"],"picked":"Dagger Throw","floor":35},{"not_picked":["Outmaneuver+1"],"picked":"Cloak And Dagger","floor":37},{"not_picked":["Slice+1"],"picked":"Expertise+1","floor":38},{"not_picked":["Poisoned Stab+1"],"picked":"Prepared","floor":40},{"not_picked":["Accuracy"],"picked":"Riddle With Holes+1","floor":44},{"not_picked":["Footwork"],"picked":"Backflip","floor":46},{"not_picked":["Calculated Gamble+1"],"picked":"All Out Attack+1","floor":47},{"not_picked":["Distraction"],"picked":"Acrobatics+1","floor":48}],"player_experience":266616,"relics_obtained":[{"floor":6,"key":"Ancient Tea Set"},{"floor":8,"key":"Bag of Marbles"},{"floor":9,"key":"Juzu Bracelet"},{"floor":10,"key":"Omamori"},{"floor":23,"key":"Mango"},{"floor":26,"key":"Letter Opener"},{"floor":27,"key":"The Courier"},{"floor":29,"key":"Bottled Lightning"},{"floor":40,"key":"Tiny Chest"},{"floor":42,"key":"Art of War"},{"floor":43,"key":"Centennial Puzzle"},{"floor":46,"key":"Strawberry"}],"event_choices":[{"event_name":"Golden Wing","player_choice":"Card Removal","floor":7,"damage_taken":0},{"event_name":"Golden Idol","player_choice":"Take Wound","floor":12,"damage_taken":0},{"event_name":"Match and Keep!","player_choice":"4 cards matched","floor":19,"damage_taken":0},{"event_name":"Beggar","player_choice":"Gave Gold","floor":20,"damage_taken":0},{"event_name":"The Library","player_choice":"Read","floor":21,"damage_taken":0},{"event_name":"Vampires","player_choice":"Became a vampire","floor":22,"damage_taken":0},{"event_name":"Nest","player_choice":"Stole From Cult","floor":28,"damage_taken":0},{"event_name":"Forgotten Altar","player_choice":"Smashed Altar","floor":31,"damage_taken":0},{"event_name":"The Moai Head","player_choice":"Gave Idol","floor":36,"damage_taken":0},{"event_name":"Falling","player_choice":"Removed Attack","floor":39,"damage_taken":0}],"is_beta":true,"boss_relics":[{"not_picked":["Eternal Feather","Lizard Tail"],"picked":"Astrolabe"},{"not_picked":["Calling Bell","HoveringKite"],"picked":"Philosopher\u0027s Stone"}],"items_purged_floors":[],"is_endless":false,"potions_floor_spawned":[1,2,10,18,23,35,44,48],"ascension_level":0}