{"gold_per_floor":[113,173,173,173,191,191,216,232,254,283,302,9,9,29,29,29],"floor_reached":16,"playtime":506,"items_purged":["Strike_R"],"score":304,"play_id":"d29e5949-e966-43ee-aba7-3f1f8b7b7846","local_time":"20190906190934","is_ascension_mode":true,"campfire_choices":[{"data":"Shrug It Off","floor":6,"key":"SMITH"},{"data":"True Grit","floor":13,"key":"SMITH"},{"data":"Disarm","floor":15,"key":"SMITH"}],"neow_cost":"NONE","seed_source_timestamp":25375696444959,"circlet_count":0,"master_deck":["Strike_R","Strike_R+1","Strike_R","Strike_R","Defend_R","Defend_R","Defend_R","Defend_R","Bash+1","AscMod:ascendersbane","Shrug It Off+1","Clothesline","Disarm+1","Spot Weakness","True Grit+1"],"relics":["Burning Blood","NeowsBlessing","Golden Idol","PreservedInsect","Blood Vial","Centennial Puzzle","Art of War"],"potions_floor_usage":[10,10],"damage_taken":[{"damage":0,"enemies":"2 Louse","floor":1,"turns":1},{"damage":0,"enemies":"Small Slimes","floor":5,"turns":1},{"damage":0,"enemies":"Lagavulin","floor":7,"turns":1},{"damage":20,"enemies":"Jaw Worm","floor":8,"turns":6},{"damage":32,"enemies":"3 Sentries","floor":10,"turns":10},{"damage":5,"enemies":"Red Slaver","floor":11,"turns":5},{"damage":2,"enemies":"3 Louse","floor":14,"turns":4},{"damage":9,"enemies":"Hexaghost","floor":16,"turns":11}],"seed_played":"7301105255664529959","potions_obtained":[{"floor":1,"key":"Fire Potion"},{"floor":5,"key":"SteroidPotion"},{"floor":8,"key":"AttackPotion"}],"is_trial":false,"path_per_floor":["M","?","?","?","M","R","E","M","T","E","M","$","R","M","R","B"],"character_chosen":"IRONCLAD","items_purchased":["True Grit","Art of War"],"campfire_rested":0,"item_purchase_floors":[12,12],"current_hp_per_floor":[73,62,39,39,44,44,49,34,34,9,11,11,11,16,16,9],"gold":29,"neow_bonus":"THREE_ENEMY_KILL","is_prod":false,"is_daily":false,"chose_seed":false,"campfire_upgraded":3,"win_rate":0,"timestamp":1567771774,"path_taken":["M","?","?","?","M","R","E","M","T","E","M","?","R","M","R","BOSS"],"build_version":"2019-07-17","purchased_purges":1,"victory":false,"max_hp_per_floor":[75,75,75,68,68,68,68,68,68,68,68,68,68,68,68,68],"card_choices":[{"not_picked":["Seeing Red","Shockwave"],"picked":"Shrug It Off","floor":1},{"not_picked":["Infernal Blade","Rampage","Blood for Blood"],"picked":"SKIP","floor":5},{"not_picked":["Second Wind","Sentinel","Twin Strike"],"picked":"SKIP","floor":7},{"not_picked":["Seeing Red","Warcry"],"picked":"Clothesline","floor":8},{"not_picked":["Bludgeon","Shrug It Off"],"picked":"Disarm","floor":10},{"not_picked":["Uppercut","Wild Strike"],"picked":"Spot Weakness","floor":11},{"not_picked":["Sentinel","Anger","Body Slam"],"picked":"SKIP","floor":14}],"player_experience":1145970,"relics_obtained":[{"floor":7,"key":"PreservedInsect"},{"floor":9,"key":"Blood Vial"},{"floor":10,"key":"Centennial Puzzle"}],"event_choices":[{"damage_healed":0,"gold_gain":75,"player_choice":"Gather Gold","damage_taken":11,"max_hp_gain":0,"max_hp_loss":0,"event_name":"World of Goop","floor":2,"gold_loss":0},{"damage_healed":0,"gold_gain":0,"player_choice":"Entered Light","damage_taken":23,"max_hp_gain":0,"max_hp_loss":0,"event_name":"Shining Light","floor":3,"gold_loss":0,"cards_upgraded":["Strike_R","Bash"]},{"damage_healed":0,"gold_gain":0,"player_choice":"Lose Max HP","damage_taken":0,"relics_obtained":["Golden Idol"],"max_hp_gain":0,"max_hp_loss":7,"event_name":"Golden Idol","floor":4,"gold_loss":0}],"is_beta":false,"boss_relics":[],"items_purged_floors":[12],"is_endless":false,"potions_floor_spawned":[1,5,8],"killed_by":"Hexaghost","ascension_level":25}