{"gold_per_floor":[112,128,98,110,125,151,151,151,227,177,197,122,148,48,48,150,150,167,179,191,191,191,191,220,220,265,44,44,56,16,51,51,148,148,167,167,179,179,189,214,64,89,115,148,168,179,213,0,0,0],"floor_reached":51,"playtime":8870,"items_purged":["Defend_G","Shame","Defend_G","Writhe"],"score":1031,"play_id":"821a943c-ac65-4587-9031-31fff3ec5c4c","local_time":"20180830213843","is_ascension_mode":true,"campfire_choices":[{"floor":7.0,"key":"REST"},{"data":"Footwork","floor":15.0,"key":"SMITH"},{"data":"Leg Sweep","floor":23.0,"key":"SMITH"},{"floor":25.0,"key":"REST"},{"data":"Footwork","floor":32.0,"key":"SMITH"},{"data":"Noxious Fumes","floor":49,"key":"SMITH"}],"neow_cost":"CURSE","seed_source_timestamp":0,"circlet_count":0,"master_deck":["Defend_G","Strike_G","Strike_G","Strike_G","Strike_G","Strike_G","Survivor","Neutralize+1","Infinite Blades","Dodge and Roll","Malaise","Leg Sweep+1","Footwork+1","Burst","Dodge and Roll","Noxious Fumes+1","Terror+1","Purity","Panacea","Backflip","Footwork+1","Backflip","Cloak And Dagger","Concentrate","Envenom","Masterful Stab+1","Cloak And Dagger+1","Cloak And Dagger+1","Envenom","Clumsy","Noxious Fumes+1","Noxious Fumes+1","Backstab"],"special_seed":0,"relics":["Ring of the Snake","Unceasing Top","Bird Faced Urn","Happy Flower","Mummified Hand","Strawberry","HoveringKite","Matryoshka","Ornamental Fan","Pen Nib","Darkstone Periapt","Cursed Key","Ginger","Juzu Bracelet","Dead Branch","Dream Catcher","Whetstone","Kunai","Boot","Red Mask"],"potions_floor_usage":[39,50,50,50,50],"damage_taken":[{"damage":0.0,"enemies":"Small Slimes","floor":1.0,"turns":4.0},{"damage":4.0,"enemies":"Cultist","floor":2.0,"turns":5.0},{"damage":3.0,"enemies":"Jaw Worm","floor":4.0,"turns":6.0},{"damage":18.0,"enemies":"Exordium Thugs","floor":5.0,"turns":6.0},{"damage":9.0,"enemies":"Gremlin Nob","floor":6.0,"turns":5.0},{"damage":4.0,"enemies":"Large Slime","floor":11.0,"turns":6.0},{"damage":18.0,"enemies":"3 Sentries","floor":13.0,"turns":12.0},{"damage":48.0,"enemies":"Slime Boss","floor":16.0,"turns":22.0},{"damage":2.0,"enemies":"3 Byrds","floor":18.0,"turns":11.0},{"damage":9.0,"enemies":"Chosen","floor":19.0,"turns":11.0},{"damage":0.0,"enemies":"Centurion and Healer","floor":20.0,"turns":12.0},{"damage":38.0,"enemies":"Slavers","floor":24.0,"turns":8.0},{"damage":6.0,"enemies":"Snake Plant","floor":29.0,"turns":6.0},{"damage":0.0,"enemies":"Book of Stabbing","floor":31.0,"turns":6.0},{"damage":16.0,"enemies":"Collector","floor":33.0,"turns":13.0},{"damage":24.0,"enemies":"3 Darklings","floor":35.0,"turns":6.0},{"damage":0,"enemies":"Flame Bruiser 1 Orb","floor":37,"turns":7},{"damage":9,"enemies":"Mind Bloom Boss Battle","floor":38,"turns":9},{"damage":2,"enemies":"Spire Growth","floor":39,"turns":5},{"damage":0,"enemies":"Giant Head","floor":40,"turns":7},{"damage":61,"enemies":"2 Orb Walkers","floor":42,"turns":7},{"damage":5,"enemies":"Nemesis","floor":44,"turns":5},{"damage":2,"enemies":"4 Shapes","floor":45,"turns":6},{"damage":3,"enemies":"Maw","floor":46,"turns":5},{"damage":2,"enemies":"Giant Head","floor":47,"turns":6},{"damage":15,"enemies":"Donu and Deca","floor":50,"turns":6}],"seed_played":"2977431739626812722","potions_obtained":[{"floor":3.0,"key":"AttackPotion"},{"floor":3.0,"key":"Swift Potion"},{"floor":4.0,"key":"EssenceOfSteel"},{"floor":5.0,"key":"FearPotion"},{"floor":6.0,"key":"Fire Potion"},{"floor":11.0,"key":"Poison Potion"},{"floor":16.0,"key":"Poison Potion"},{"floor":18.0,"key":"Strength Potion"},{"floor":20.0,"key":"LiquidBronze"},{"floor":38,"key":"Fruit Juice"},{"floor":40,"key":"PowerPotion"},{"floor":42,"key":"Block Potion"}],"is_trial":false,"path_per_floor":["M","M","?","M","M","E","R","?","T","?","M","$","E","$","R","B",null,"M","M","M","?","?","R","E","R","T","$","?","M","$","E","R","B",null,"M","?","M","?","M","E","$","E","T","E","M","M","E","?","R","B"],"character_chosen":"THE_SILENT","items_purchased":["Footwork","Backflip","Concentrate"],"campfire_rested":2,"item_purchase_floors":[27,27,30],"current_hp_per_floor":[70,66,66,63,45,36,57,54,54,54,52,52,45,45,45,1,77,75,68,74,74,53,53,21,44,44,44,77,77,77,77,77,65,77,53,78,83,74,86,88,88,31,37,46,62,73,94,94,94,93],"gold":0,"neow_bonus":"ONE_RARE_RELIC","is_prod":false,"is_daily":false,"chose_seed":false,"campfire_upgraded":4,"win_rate":0,"timestamp":1535683123,"path_taken":["M","M","?","M","?","E","R","?","T","?","M","$","E","$","R","BOSS","M","?","M","?","?","R","E","R","T","$","?","M","?","E","R","BOSS","M","?","?","?","M","E","?","E","T","E","M","M","E","?","R","BOSS"],"build_version":"2018-08-23v2","purchased_purges":4,"victory":true,"max_hp_per_floor":[70,70,70,70,70,70,70,70,70,70,70,70,77,77,77,77,77,77,77,77,77,77,77,77,77,77,77,77,77,77,77,77,77,77,77,83,83,83,88,88,88,88,94,94,94,94,94,94,94,94],"card_choices":[{"not_picked":["Backflip","Bane"],"picked":"Infinite Blades","floor":1.0},{"not_picked":["Catalyst","Riddle With Holes"],"picked":"Dodge and Roll","floor":2.0},{"not_picked":["Skewer","Predator"],"picked":"Malaise","floor":4.0},{"not_picked":["Flying Knee","Dodge and Roll"],"picked":"Leg Sweep","floor":5.0},{"not_picked":["Prepared","Deadly Poison","Bouncing Flask"],"picked":"SKIP","floor":6.0},{"not_picked":["Glass Knife","Crippling Poison"],"picked":"Footwork","floor":11.0},{"not_picked":["Deadly Poison","Acrobatics","Blade Dance"],"picked":"SKIP","floor":13.0},{"not_picked":["Die Die Die","Doppelganger"],"picked":"Burst","floor":16.0},{"not_picked":["Bane","Sucker Punch"],"picked":"Dodge and Roll","floor":18.0},{"not_picked":["PiercingWail","Deadly Poison"],"picked":"Noxious Fumes","floor":19.0},{"not_picked":["Malaise","Dagger Spray+1"],"picked":"Terror+1","floor":20.0},{"not_picked":["Setup","Quick Slash"],"picked":"Backflip","floor":24.0},{"not_picked":["Prepared","Underhanded Strike"],"picked":"Cloak And Dagger","floor":29.0},{"not_picked":["Bullet Time","Backflip","Outmaneuver"],"picked":"SKIP","floor":31.0},{"not_picked":["Tools of the Trade","Wraith Form v2"],"picked":"Envenom","floor":33.0},{"not_picked":["Expertise","PiercingWail+1","Sucker Punch"],"picked":"SKIP","floor":35.0},{"not_picked":["Slice+1","Sucker Punch","Caltrops"],"picked":"SKIP","floor":37},{"not_picked":["Dodge and Roll","Backflip+1"],"picked":"Masterful Stab","floor":38},{"not_picked":["Blade Dance+1","Setup+1"],"picked":"Cloak And Dagger+1","floor":39},{"not_picked":["Prepared","Caltrops"],"picked":"Cloak And Dagger+1","floor":40},{"not_picked":["Prepared","PiercingWail+1"],"picked":"Envenom","floor":42},{"not_picked":["Blade Dance","Skewer","Heel Hook+1"],"picked":"SKIP","floor":44},{"not_picked":["Dagger Throw","Grand Finale"],"picked":"Noxious Fumes+1","floor":45},{"not_picked":["Flying Knee+1","Blade Dance+1"],"picked":"Noxious Fumes+1","floor":46},{"not_picked":["Poisoned Stab+1","PiercingWail"],"picked":"Backstab","floor":47}],"player_experience":358448,"relics_obtained":[{"floor":6.0,"key":"Bird Faced Urn"},{"floor":9.0,"key":"Mummified Hand"},{"floor":13.0,"key":"Strawberry"},{"floor":24.0,"key":"Matryoshka"},{"floor":26.0,"key":"Ornamental Fan"},{"floor":26.0,"key":"Pen Nib"},{"floor":31.0,"key":"Darkstone Periapt"},{"floor":38,"key":"Ginger"},{"floor":40,"key":"Juzu Bracelet"},{"floor":42,"key":"Dead Branch"},{"floor":43,"key":"Dream Catcher"},{"floor":43,"key":"Whetstone"},{"floor":44,"key":"Kunai"},{"floor":47,"key":"Boot"}],"event_choices":[{"event_name":"The Woman in Blue","player_choice":"Bought 2 Potions","floor":3.0,"damage_taken":0.0},{"event_name":"Scrap Ooze","player_choice":"success","floor":8.0,"damage_taken":3.0},{"event_name":"The Cleric","player_choice":"Card Removal","floor":10.0,"damage_taken":0.0},{"event_name":"Transmorgrifier","player_choice":"Transform","floor":21.0,"damage_taken":0.0},{"event_name":"Knowing Skull","player_choice":"CARD CARD ","floor":22.0,"damage_taken":0.0},{"event_name":"Bonfire Elementals","player_choice":"UNCOMMON","floor":28.0,"damage_taken":0.0},{"event_name":"Winding Halls","player_choice":"Writhe","floor":36,"damage_taken":0},{"event_name":"MindBloom","player_choice":"Fight","floor":38,"damage_taken":0},{"event_name":"Tomb of Lord Red Mask","player_choice":"Paid","floor":48,"damage_taken":0}],"is_beta":false,"boss_relics":[{"not_picked":["Sozu","Astrolabe"],"picked":"HoveringKite"},{"not_picked":["Orrery","Calling Bell"],"picked":"Cursed Key"}],"items_purged_floors":[12,14,27,41],"is_endless":false,"potions_floor_spawned":[4,5,6,11,16,18,20,38,40,42,45,47],"ascension_level":4}