{"gold_per_floor":[362,377,397,16,16,41,41,79,79,98,124,124,159,182,182,275,275,293,313,326,341,341,415,415,446,494,533,533],"floor_reached":28,"playtime":1138,"items_purged":["Clumsy"],"score":596,"play_id":"112d2a84-1dc3-4037-bb8d-d2722b2f3f9b","local_time":"20190729211711","is_ascension_mode":true,"campfire_choices":[{"data":"Immolate","floor":12.0,"key":"SMITH"},{"data":"True Grit","floor":15.0,"key":"SMITH"},{"floor":24.0,"key":"REST"}],"neow_cost":"CURSE","seed_source_timestamp":773066488715042,"circlet_count":0,"master_deck":["AscendersBane","Strike_R","Strike_R","Strike_R","Strike_R","Strike_R","Defend_R","Defend_R","Defend_R","Defend_R","Bash","Iron Wave","Clothesline","Shrug It Off","Immolate","Inflame","Immolate+1","Fiend Fire","True Grit+1","Demon Form","Headbutt","Thunderclap+1","Heavy Blade+1","Disarm","Impervious"],"special_seed":0,"relics":["Burning Blood","Potion Belt","Question Card","Golden Idol","Bottled Flame","Strawberry","Lantern","Fusion Hammer","Nilry\u0027s Codex","Tiny Chest","Juzu Bracelet","Vajra","Smiling Mask"],"potions_floor_usage":[25],"damage_taken":[{"damage":14.0,"enemies":"Jaw Worm","floor":1.0,"turns":4.0},{"damage":3.0,"enemies":"2 Louse","floor":2.0,"turns":2.0},{"damage":12.0,"enemies":"Small Slimes","floor":3.0,"turns":3.0},{"damage":19.0,"enemies":"Lagavulin","floor":6.0,"turns":7.0},{"damage":31.0,"enemies":"Gremlin Nob","floor":8.0,"turns":4.0},{"damage":0.0,"enemies":"3 Louse","floor":10.0,"turns":1.0},{"damage":13.0,"enemies":"Lagavulin","floor":13.0,"turns":6.0},{"damage":0.0,"enemies":"Lots of Slimes","floor":14.0,"turns":1.0},{"damage":19.0,"enemies":"The Guardian","floor":16.0,"turns":13.0},{"damage":12.0,"enemies":"2 Thieves","floor":18.0,"turns":3.0},{"damage":12.0,"enemies":"Shell Parasite","floor":19.0,"turns":5.0},{"damage":0.0,"enemies":"Centurion and Healer","floor":20.0,"turns":1.0},{"damage":4.0,"enemies":"Cultist and Chosen","floor":21.0,"turns":3.0},{"damage":8.0,"enemies":"Slavers","floor":23.0,"turns":2.0},{"damage":24,"enemies":"Book of Stabbing","floor":25,"turns":4},{"damage":28,"enemies":"Gremlin Leader","floor":27,"turns":5},{"damage":14,"enemies":"Shelled Parasite and Fungi","floor":28,"turns":2}],"seed_played":"-2314283204116139267","potions_obtained":[{"floor":3.0,"key":"Dexterity Potion"},{"floor":8.0,"key":"EssenceOfSteel"},{"floor":10.0,"key":"SteroidPotion"},{"floor":16.0,"key":"FearPotion"},{"floor":18.0,"key":"Block Potion"},{"floor":21.0,"key":"FearPotion"},{"floor":25,"key":"Fire Potion"}],"is_trial":false,"path_per_floor":["M","M","M","$","?","E","?","E","T","M","T","R","E","M","R","B",null,"M","M","M","M","?","E","R","E","T","E","M"],"character_chosen":"IRONCLAD","items_purchased":["Immolate","Inflame","AttackPotion"],"campfire_rested":1,"item_purchase_floors":[4,4,4],"current_hp_per_floor":[60,63,57,57,46,33,33,8,8,14,21,21,14,20,20,7,58,52,46,52,54,33,31,53,35,35,13,0],"gold":533,"neow_bonus":"TWO_FIFTY_GOLD","is_prod":false,"is_daily":false,"chose_seed":false,"campfire_upgraded":2,"win_rate":0,"timestamp":1564449431,"path_taken":["M","M","M","$","?","E","?","E","T","M","?","R","E","M","R","BOSS","M","M","M","M","?","E","R","E","T","E","M"],"build_version":"2019-07-17","purchased_purges":1,"victory":false,"max_hp_per_floor":[75,75,75,75,75,75,68,68,68,68,75,75,75,75,75,75,75,75,75,75,75,75,75,75,75,75,75,75],"card_choices":[{"not_picked":["Warcry","Rage"],"picked":"Iron Wave","floor":1.0},{"not_picked":["Corruption","Cleave"],"picked":"Clothesline","floor":2.0},{"not_picked":["Cleave","Heavy Blade"],"picked":"Shrug It Off","floor":3.0},{"not_picked":["Armaments","Twin Strike"],"picked":"Immolate","floor":6.0},{"not_picked":["Blood for Blood","Cleave","Warcry"],"picked":"Fiend Fire","floor":8.0},{"not_picked":["Heavy Blade","Clothesline","Pummel","Flex"],"picked":"SKIP","floor":10.0},{"not_picked":["Immolate","Pommel Strike","Wild Strike"],"picked":"True Grit","floor":13.0},{"not_picked":["Blood for Blood","Sword Boomerang","Sever Soul","Combust"],"picked":"SKIP","floor":14.0},{"not_picked":["Offering","Berserk","Juggernaut"],"picked":"Demon Form","floor":16.0},{"not_picked":["Heavy Blade","Havoc","Warcry"],"picked":"Headbutt","floor":18.0},{"not_picked":["Pommel Strike","True Grit","Infernal Blade"],"picked":"Thunderclap+1","floor":19.0},{"not_picked":["Flex+1","Feel No Pain","Iron Wave"],"picked":"Heavy Blade+1","floor":20.0},{"not_picked":["Flex","Wild Strike","Dark Embrace","Clash"],"picked":"SKIP","floor":21.0},{"not_picked":["Clash","Twin Strike","Hemokinesis"],"picked":"Disarm","floor":23.0},{"not_picked":["Clash","Bloodletting","Searing Blow","Seeing Red"],"picked":"SKIP","floor":25},{"not_picked":["Spot Weakness","Clash","Twin Strike+1"],"picked":"Impervious","floor":27}],"player_experience":1007478,"relics_obtained":[{"floor":6.0,"key":"Question Card"},{"floor":8.0,"key":"Bottled Flame"},{"floor":11.0,"key":"Strawberry"},{"floor":13.0,"key":"Lantern"},{"floor":22.0,"key":"Nilry\u0027s Codex"},{"floor":23.0,"key":"Tiny Chest"},{"floor":25,"key":"Juzu Bracelet"},{"floor":26,"key":"Vajra"},{"floor":27,"key":"Smiling Mask"}],"event_choices":[{"damage_healed":0.0,"max_hp_gain":0.0,"max_hp_loss":0.0,"gold_gain":0.0,"event_name":"Scrap Ooze","player_choice":"Success","floor":5.0,"gold_loss":0.0,"damage_taken":11.0,"relics_obtained":["Potion Belt"]},{"damage_healed":0.0,"max_hp_gain":0.0,"max_hp_loss":7.0,"gold_gain":0.0,"event_name":"Golden Idol","player_choice":"Lose Max HP","floor":7.0,"gold_loss":0.0,"damage_taken":0.0,"relics_obtained":["Golden Idol"]},{"damage_healed":0.0,"max_hp_gain":0.0,"max_hp_loss":0.0,"gold_gain":0.0,"event_name":"Cursed Tome","player_choice":"Obtained Book","floor":22.0,"gold_loss":0.0,"damage_taken":21.0}],"is_beta":false,"boss_relics":[{"not_picked":["Orrery","Pandora\u0027s Box"],"picked":"Fusion Hammer"}],"items_purged_floors":[4],"is_endless":false,"potions_floor_spawned":[3,8,10,16,18,21,25],"killed_by":"Shelled Parasite and Fungi","ascension_level":20}