{"gold_per_floor":[119,138,5,19,32,66,66,81,81,81,114,94],"floor_reached":12,"playtime":444,"items_purged":["Strike_B"],"score":180,"play_id":"95530ca7-d083-4968-a216-3edc4562ff92","local_time":"20190504191116","is_ascension_mode":true,"campfire_choices":[{"data":"Zap","floor":7,"key":"SMITH"},{"floor":10,"key":"REST"}],"neow_cost":"TEN_PERCENT_HP_LOSS","seed_source_timestamp":1106878071357413,"circlet_count":0,"master_deck":["AscendersBane","Strike_B","Strike_B","Strike_B","Defend_B","Defend_B","Defend_B","Defend_B","Zap+1","Dualcast","Electrodynamics","Gash","Cold Snap","Compile Driver","FTL","FTL","Cold Snap","Conserve Battery","Glacier"],"relics":["Cracked Core","Strawberry","Pantograph","Sundial"],"potions_floor_usage":[6,8,12],"damage_taken":[{"damage":15,"enemies":"Small Slimes","floor":1,"turns":3},{"damage":4,"enemies":"Jaw Worm","floor":2,"turns":4},{"damage":0,"enemies":"Cultist","floor":4,"turns":3},{"damage":11,"enemies":"Blue Slaver","floor":5,"turns":3},{"damage":7,"enemies":"Gremlin Nob","floor":6,"turns":3},{"damage":25,"enemies":"Gremlin Gang","floor":8,"turns":3},{"damage":24,"enemies":"Lagavulin","floor":11,"turns":5},{"damage":7,"enemies":"Exordium Thugs","floor":12,"turns":2}],"seed_played":"-2370909405552066319","potions_obtained":[{"floor":2,"key":"LiquidBronze"},{"floor":5,"key":"AttackPotion"},{"floor":6,"key":"Swift Potion"},{"floor":8,"key":"Dexterity Potion"}],"is_trial":false,"path_per_floor":["M","M","$","M","M","E","R","M","T","R","E","M"],"character_chosen":"DEFECT","items_purchased":["Compile Driver"],"campfire_rested":1,"item_purchase_floors":[3],"current_hp_per_floor":[49,45,45,45,34,34,34,9,9,30,6,0],"gold":94,"neow_bonus":"THREE_RARE_CARDS","is_prod":false,"is_daily":false,"chose_seed":false,"campfire_upgraded":1,"win_rate":0,"timestamp":1557011476,"path_taken":["M","M","$","M","M","E","R","M","T","R","E","M"],"build_version":"2019-01-23","purchased_purges":1,"victory":false,"max_hp_per_floor":[64,64,64,64,64,71,71,71,71,71,71,71],"card_choices":[{"not_picked":["All For One","Core Surge"],"picked":"Electrodynamics","floor":0},{"not_picked":["Coolheaded","Hologram"],"picked":"Gash","floor":1},{"not_picked":["Sunder","Barrage"],"picked":"Cold Snap","floor":2},{"not_picked":["Ball Lightning","Compile Driver"],"picked":"FTL","floor":4},{"not_picked":["Loop","Barrage"],"picked":"FTL","floor":5},{"not_picked":["Loop","Gash"],"picked":"Cold Snap","floor":6},{"not_picked":["Gash","Ball Lightning"],"picked":"Conserve Battery","floor":8},{"not_picked":["White Noise","Self Repair"],"picked":"Glacier","floor":11}],"player_experience":820385,"relics_obtained":[{"floor":6,"key":"Strawberry"},{"floor":9,"key":"Pantograph"},{"floor":11,"key":"Sundial"}],"event_choices":[],"is_beta":false,"boss_relics":[],"items_purged_floors":[3],"is_endless":false,"potions_floor_spawned":[2,5,6,8],"killed_by":"Exordium Thugs","ascension_level":20}