{"gold_per_floor":[111,111,136,152,168,168,238,238],"floor_reached":8,"playtime":432,"items_purged":[],"score":116,"play_id":"a5d6e3ea-71cd-4525-bc3c-82c34faf0695","local_time":"20190914193129","is_ascension_mode":true,"campfire_choices":[{"data":"Bash","floor":6,"key":"SMITH"}],"neow_cost":"NONE","seed_source_timestamp":264619598309300,"circlet_count":0,"master_deck":["AscendersBane","Strike_R","Strike_R","Strike_R","Strike_R","Strike_R","Defend_R","Defend_R","Defend_R","Defend_R","Bash+1","Heavy Blade","Clothesline","True Grit","Disarm","Impervious"],"relics":["Burning Blood","Pen Nib","Golden Idol","Tiny Chest"],"potions_floor_usage":[7,8],"damage_taken":[{"damage":7,"enemies":"2 Louse","floor":1,"turns":2},{"damage":10,"enemies":"Small Slimes","floor":3,"turns":4},{"damage":6,"enemies":"Jaw Worm","floor":4,"turns":5},{"damage":12,"enemies":"3 Louse","floor":5,"turns":5},{"damage":45,"enemies":"Lagavulin","floor":7,"turns":7},{"damage":27,"enemies":"Large Slime","floor":8,"turns":10}],"seed_played":"-385278457615228684","potions_obtained":[{"floor":3,"key":"Dexterity Potion"},{"floor":5,"key":"Block Potion"},{"floor":7,"key":"Energy Potion"}],"is_trial":false,"path_per_floor":["M","?","M","M","M","R","E","M"],"character_chosen":"IRONCLAD","items_purchased":[],"campfire_rested":0,"item_purchase_floors":[],"current_hp_per_floor":[67,67,63,63,57,57,18,0],"gold":238,"neow_bonus":"RANDOM_COMMON_RELIC","is_prod":false,"is_daily":false,"chose_seed":false,"campfire_upgraded":1,"win_rate":0,"timestamp":1568503889,"path_taken":["M","?","M","M","M","R","E","M"],"build_version":"2019-07-17","purchased_purges":0,"victory":false,"max_hp_per_floor":[75,68,68,68,68,68,68,68],"card_choices":[{"not_picked":["Cleave","Searing Blow"],"picked":"Heavy Blade","floor":1},{"not_picked":["Shockwave","Twin Strike"],"picked":"Clothesline","floor":3},{"not_picked":["Heavy Blade","Sword Boomerang"],"picked":"True Grit","floor":4},{"not_picked":["Havoc","Reckless Charge"],"picked":"Disarm","floor":5},{"not_picked":["Armaments","Burning Pact"],"picked":"Impervious","floor":7}],"player_experience":1019857,"relics_obtained":[{"floor":7,"key":"Tiny Chest"}],"event_choices":[{"damage_healed":0,"gold_gain":0,"player_choice":"Lose Max HP","damage_taken":0,"relics_obtained":["Golden Idol"],"max_hp_gain":0,"max_hp_loss":7,"event_name":"Golden Idol","floor":2,"gold_loss":0}],"is_beta":false,"boss_relics":[],"items_purged_floors":[],"is_endless":false,"potions_floor_spawned":[3,5,7],"killed_by":"Large Slime","ascension_level":20}