{"gold_per_floor":[109,184,203,168,186,186,217,217,292,320,320,331,348,360,360,360],"floor_reached":16,"playtime":454,"items_purged":[],"score":224,"play_id":"fb1711b2-6058-4b6a-853b-5ec0d61e05ba","local_time":"20190721190300","is_ascension_mode":true,"campfire_choices":[{"data":"Melter","floor":6,"key":"SMITH"},{"floor":11,"key":"REST"},{"data":"Coolheaded","floor":15,"key":"SMITH"}],"neow_cost":"NONE","seed_source_timestamp":74505867418688,"circlet_count":0,"master_deck":["AscendersBane","Strike_B","Strike_B","Strike_B","Strike_B+1","Defend_B","Defend_B","Defend_B","Defend_B","Zap","Dualcast","Gash+1","Melter+1","Coolheaded+1","Seek","Auto Shields","Chill","Sunder"],"relics":["Cracked Core","NeowsBlessing","Strawberry","Pantograph","Cables"],"potions_floor_usage":[7,10,16],"damage_taken":[{"damage":0,"enemies":"2 Louse","floor":1,"turns":1},{"damage":0,"enemies":"Jaw Worm","floor":3,"turns":1},{"damage":0,"enemies":"Cultist","floor":5,"turns":1},{"damage":36,"enemies":"Gremlin Nob","floor":7,"turns":4},{"damage":16,"enemies":"Lagavulin","floor":10,"turns":7},{"damage":1,"enemies":"Looter","floor":12,"turns":2},{"damage":17,"enemies":"3 Louse","floor":13,"turns":3},{"damage":4,"enemies":"Blue Slaver","floor":14,"turns":3},{"damage":32,"enemies":"Hexaghost","floor":16,"turns":9}],"seed_played":"8647449887271236082","potions_obtained":[{"floor":5,"key":"SteroidPotion"},{"floor":7,"key":"Swift Potion"},{"floor":12,"key":"GamblersBrew"}],"is_trial":false,"path_per_floor":["M","?","M","?","M","R","E","?","T","E","R","M","M","M","R","B"],"character_chosen":"DEFECT","items_purchased":[],"campfire_rested":1,"item_purchase_floors":[],"current_hp_per_floor":[64,53,53,70,70,70,41,18,18,2,25,24,7,3,3,0],"gold":360,"neow_bonus":"THREE_ENEMY_KILL","is_prod":false,"is_daily":false,"chose_seed":false,"campfire_upgraded":2,"win_rate":0,"timestamp":1563750180,"path_taken":["M","?","M","?","?","R","E","?","T","E","R","M","M","M","R","BOSS"],"build_version":"2019-07-17","purchased_purges":0,"victory":false,"max_hp_per_floor":[71,71,71,71,71,71,78,78,78,78,78,78,78,78,78,78],"card_choices":[{"not_picked":["Rebound","Scrape"],"picked":"Gash","floor":1},{"not_picked":["Leap","Lockon"],"picked":"Melter","floor":3},{"not_picked":["BootSequence","Double Energy"],"picked":"Coolheaded","floor":5},{"not_picked":["Storm","Streamline"],"picked":"Seek","floor":7},{"not_picked":["Skim","Redo","Beam Cell"],"picked":"SKIP","floor":10},{"not_picked":["Hello World","Double Energy"],"picked":"Auto Shields","floor":12},{"not_picked":["Steam","Streamline"],"picked":"Chill","floor":13},{"not_picked":["Chill","Skim"],"picked":"Sunder","floor":14}],"player_experience":977802,"relics_obtained":[{"floor":7,"key":"Strawberry"},{"floor":9,"key":"Pantograph"},{"floor":10,"key":"Cables"}],"event_choices":[{"damage_healed":0,"gold_gain":75,"player_choice":"Gather Gold","damage_taken":11,"max_hp_gain":0,"max_hp_loss":0,"event_name":"World of Goop","floor":2,"gold_loss":0},{"damage_healed":17,"gold_gain":0,"player_choice":"Healed","damage_taken":0,"max_hp_gain":0,"max_hp_loss":0,"event_name":"The Cleric","floor":4,"gold_loss":35},{"damage_healed":0,"gold_gain":0,"player_choice":"Entered Light","damage_taken":23,"max_hp_gain":0,"max_hp_loss":0,"event_name":"Shining Light","floor":8,"gold_loss":0,"cards_upgraded":["Gash","Strike_B"]}],"is_beta":false,"boss_relics":[],"items_purged_floors":[],"is_endless":false,"potions_floor_spawned":[5,7,12],"killed_by":"Hexaghost","ascension_level":20}