{"gold_per_floor":[119,119,137,149,29,56,68,68,68,38,38,72,87,99,99,198,198,215,215,2,22,36,36,36,64,64,82,82,92,105,134,134,234,234,249,263,80,80,80,80,5,33,60,60,19,31,0,0,0,0],"floor_reached":50,"playtime":9217,"items_purged":["Strike_B","Strike_B","Defend_B","Normality"],"score":788,"play_id":"57c15ca2-e619-4a6a-a505-ea78dad97b2e","local_time":"20180922235359","is_ascension_mode":true,"campfire_choices":[{"floor":8,"key":"REST"},{"floor":15,"key":"REST"},{"floor":23,"key":"REST"},{"floor":28,"key":"REST"},{"floor":32,"key":"REST"},{"floor":40,"key":"REST"},{"floor":44,"key":"REST"},{"data":"Dualcast","floor":49,"key":"SMITH"}],"neow_cost":"NONE","seed_source_timestamp":821350128589901,"circlet_count":0,"master_deck":["Defend_B","Defend_B","Defend_B","Zap+1","Dualcast+1","All For One+1","Self Repair","Gash","Hologram","Turbo","Steam","Gash","Echo Form","Reprogram","Gash","FTL","Beam Cell+1","Undo+1","Go for the Eyes","All For One","Parasite","Regret","Go for the Eyes","BootSequence","Redo+1","Cold Snap","Beam Cell+1","Conserve Battery","Reboot","Redo+1","Reinforced Body","All For One","Machine Learning","Consume+1","Hologram+1","Metamorphosis","Stack","Skim+1"],"relics":["Cracked Core","The Courier","Blue Candle","Gremlin Horn","Prayer Wheel","Calling Bell","War Paint","Matryoshka","Gambling Chip","Membership Card","Nilry\u0027s Codex","Pantograph","Turnip","Happy Flower","WingedGreaves","Philosopher\u0027s Stone","Incense Burner","Pocketwatch","PreservedInsect","Whetstone","Red Mask","Peace Pipe"],"potions_floor_usage":[6,12,18,18,25,30,31,31,33,36,42,50,50,50],"damage_taken":[{"damage":5,"enemies":"Small Slimes","floor":1,"turns":3},{"damage":9,"enemies":"2 Louse","floor":3,"turns":4},{"damage":7,"enemies":"Jaw Worm","floor":4,"turns":3},{"damage":14,"enemies":"Lagavulin","floor":6,"turns":7},{"damage":4,"enemies":"Red Slaver","floor":7,"turns":4},{"damage":29,"enemies":"Gremlin Nob","floor":12,"turns":4},{"damage":7,"enemies":"Exordium Thugs","floor":13,"turns":4},{"damage":12,"enemies":"Looter","floor":14,"turns":3},{"damage":25,"enemies":"The Guardian","floor":16,"turns":11},{"damage":21,"enemies":"2 Thieves","floor":18,"turns":5},{"damage":6,"enemies":"Spheric Guardian","floor":21,"turns":4},{"damage":14,"enemies":"Snake Plant","floor":22,"turns":6},{"damage":20,"enemies":"Gremlin Leader","floor":25,"turns":6},{"damage":7,"enemies":"Snecko","floor":27,"turns":5},{"damage":7,"enemies":"Centurion and Healer","floor":29,"turns":6},{"damage":4,"enemies":"Cultist and Chosen","floor":30,"turns":8},{"damage":16,"enemies":"Book of Stabbing","floor":31,"turns":4},{"damage":31,"enemies":"Automaton","floor":33,"turns":8},{"damage":33,"enemies":"3 Darklings","floor":35,"turns":6},{"damage":1,"enemies":"Orb Walker","floor":36,"turns":2},{"damage":38,"enemies":"2 Orb Walkers","floor":42,"turns":6},{"damage":0,"enemies":"Maw","floor":46,"turns":5},{"damage":1,"enemies":"Mind Bloom Boss Battle","floor":48,"turns":6},{"damage":91,"enemies":"Time Eater","floor":50,"turns":12}],"seed_played":"1006278389609506138","potions_obtained":[{"floor":1,"key":"SteroidPotion"},{"floor":4,"key":"Dexterity Potion"},{"floor":13,"key":"SpeedPotion"},{"floor":14,"key":"Block Potion"},{"floor":16,"key":"Explosive Potion"},{"floor":18,"key":"FocusPotion"},{"floor":27,"key":"Dexterity Potion"},{"floor":29,"key":"PowerPotion"},{"floor":30,"key":"FocusPotion"},{"floor":33,"key":"Fire Potion"},{"floor":35,"key":"Strength Potion"},{"floor":48,"key":"Weak Potion"}],"is_trial":false,"path_per_floor":["M","?","M","M","$","E","M","R","T","$","?","E","M","M","R","B",null,"M","?","$","M","M","R","?","E","T","M","R","M","M","E","R","B",null,"M","M","$","?","?","R","$","E","T","R","$","M","?","?","R"],"character_chosen":"DEFECT","items_purchased":["Turbo","Steam","Reprogram","Membership Card","Incense Burner","Dexterity Potion","Energy Potion"],"campfire_rested":7,"item_purchase_floors":[5,5,10,20,37,45,45],"current_hp_per_floor":[63,51,49,49,49,42,38,60,60,60,60,45,38,33,55,37,66,45,45,45,46,39,61,45,32,32,25,47,40,43,27,49,50,69,43,42,42,42,35,57,57,26,26,48,48,55,55,74,74,0],"gold":0,"neow_bonus":"TRANSFORM_CARD","is_prod":false,"is_daily":false,"chose_seed":false,"campfire_upgraded":1,"win_rate":0,"timestamp":1537678439,"path_taken":["M","?","M","M","$","E","M","R","T","$","?","E","M","?","R","BOSS","M","?","$","M","M","R","?","E","T","M","R","M","M","E","R","BOSS","M","M","$","?","?","R","$","E","T","R","$","?","?","?","R","BOSS"],"build_version":"2018-09-20","purchased_purges":4,"victory":false,"max_hp_per_floor":[75,75,75,75,75,75,75,75,75,75,75,75,75,75,75,75,75,75,75,75,75,75,75,75,75,75,75,75,75,75,75,75,75,75,75,75,75,75,75,75,75,75,75,75,75,75,75,75,75,75],"card_choices":[{"not_picked":["Undo","Ball Lightning"],"picked":"Self Repair","floor":1},{"not_picked":["Compile Driver","Fusion"],"picked":"Gash","floor":3},{"not_picked":["Barrage","Rebound"],"picked":"Hologram","floor":4},{"not_picked":["Cold Snap","Force Field"],"picked":"Gash","floor":6},{"not_picked":["Auto Shields","BootSequence"],"picked":"Echo Form","floor":7},{"not_picked":["Coolheaded","Sunder"],"picked":"FTL","floor":12},{"not_picked":["Stack","Chaos"],"picked":"Beam Cell","floor":13},{"not_picked":["Turbo","Genetic Algorithm"],"picked":"Undo","floor":13},{"not_picked":["Storm","Consume"],"picked":"Go for the Eyes","floor":14},{"not_picked":["Tempest","Darkness","Hologram"],"picked":"SKIP","floor":14},{"not_picked":["Reboot","Rainbow"],"picked":"All For One","floor":16},{"not_picked":["Self Repair+1","Conserve Battery"],"picked":"Go for the Eyes","floor":18},{"not_picked":["Hello World","Turbo"],"picked":"BootSequence","floor":18},{"not_picked":["Hello World","Streamline"],"picked":"Redo+1","floor":21},{"not_picked":["Rebound","Ball Lightning"],"picked":"Cold Snap","floor":21},{"not_picked":["Ball Lightning+1","Chaos"],"picked":"Beam Cell+1","floor":22},{"not_picked":["Barrage","Blizzard"],"picked":"Conserve Battery","floor":22},{"not_picked":["Scrape","Go for the Eyes"],"picked":"Reboot","floor":25},{"not_picked":["Redo","Ball Lightning","Reprogram"],"picked":"SKIP","floor":27},{"not_picked":["Scrape","Turbo","Self Repair"],"picked":"SKIP","floor":27},{"not_picked":["Blizzard","Reprogram"],"picked":"Redo+1","floor":29},{"not_picked":["Cold Snap","Sunder","Rebound"],"picked":"SKIP","floor":29},{"not_picked":["Cold Snap","Sunder","Rebound"],"picked":"SKIP","floor":29},{"not_picked":["Ball Lightning","Sweeping Beam"],"picked":"Reinforced Body","floor":30},{"not_picked":["Recycle+1","Coolheaded"],"picked":"All For One","floor":30},{"not_picked":["Ball Lightning","Compile Driver+1","Capacitor"],"picked":"SKIP","floor":31},{"not_picked":["Echo Form","Fission"],"picked":"Machine Learning","floor":33},{"not_picked":["Sweeping Beam","Undo+1"],"picked":"Consume+1","floor":35},{"not_picked":["Cold Snap+1","Sunder","Aggregate"],"picked":"SKIP","floor":35},{"not_picked":["Self Repair+1","Coolheaded"],"picked":"Hologram+1","floor":36},{"not_picked":["Lockon+1","Gash","Compile Driver"],"picked":"SKIP","floor":36},{"not_picked":["HandOfGreed","Deep Breath"],"picked":"Metamorphosis","floor":38},{"not_picked":["Streamline+1","Rebound+1"],"picked":"Stack","floor":42},{"not_picked":["Leap","Undo","Creative AI"],"picked":"SKIP","floor":46},{"not_picked":["White Noise","Compile Driver+1","Blizzard"],"picked":"SKIP","floor":46},{"not_picked":["Static Discharge+1","Streamline+1"],"picked":"Skim+1","floor":48}],"player_experience":616347,"relics_obtained":[{"floor":6,"key":"Blue Candle"},{"floor":9,"key":"Gremlin Horn"},{"floor":12,"key":"Prayer Wheel"},{"floor":17,"key":"War Paint"},{"floor":17,"key":"Matryoshka"},{"floor":17,"key":"Gambling Chip"},{"floor":24,"key":"Nilry\u0027s Codex"},{"floor":25,"key":"Pantograph"},{"floor":26,"key":"Turnip"},{"floor":26,"key":"Happy Flower"},{"floor":31,"key":"WingedGreaves"},{"floor":42,"key":"Pocketwatch"},{"floor":43,"key":"PreservedInsect"},{"floor":43,"key":"Whetstone"},{"floor":48,"key":"Peace Pipe"}],"event_choices":[{"event_name":"Scrap Ooze","player_choice":"success","floor":2,"damage_taken":12},{"event_name":"Transmorgrifier","player_choice":"Transform","floor":11,"damage_taken":0},{"event_name":"Vampires","player_choice":"Ignored","floor":19,"damage_taken":0},{"event_name":"Cursed Tome","player_choice":"Obtained Book","floor":24,"damage_taken":0},{"event_name":"SensoryStone","player_choice":"Memory 1","floor":38,"damage_taken":0},{"event_name":"Wheel of Change","player_choice":"Damage","floor":39,"damage_taken":0},{"event_name":"Tomb of Lord Red Mask","player_choice":"Paid","floor":47,"damage_taken":0},{"event_name":"MindBloom","player_choice":"Fight","floor":48,"damage_taken":0}],"is_beta":false,"boss_relics":[{"not_picked":["White Beast Statue","Astrolabe"],"picked":"Calling Bell"},{"not_picked":["Eternal Feather","Orrery"],"picked":"Philosopher\u0027s Stone"}],"items_purged_floors":[5,20,37,41],"is_endless":false,"potions_floor_spawned":[1,4,13,14,16,18,27,29,30,33,35,48],"killed_by":"Time Eater","ascension_level":8}