{"gold_per_floor":[119,139,152,167,185,185,185,185,185,64,64,79,91,101,101,205,255,273,283,293,304,78,78,106,106,106,21,21,21,56,66,66,170,170,190,202,250,267,0,0,100,117,142,160,177,194,194,209,209,209],"floor_reached":51,"playtime":2258,"items_purged":["Strike_R"],"score":762,"play_id":"9709b18f-dd18-4579-876b-7a372a909b76","local_time":"20190926055112","is_ascension_mode":false,"campfire_choices":[{"data":"Whirlwind","floor":6,"key":"SMITH"},{"data":"Perfected Strike","floor":8,"key":"SMITH"},{"data":"Double Tap","floor":11,"key":"SMITH"},{"data":"Carnage","floor":15,"key":"SMITH"},{"floor":23,"key":"REST"},{"data":"Combust","floor":25,"key":"SMITH"},{"data":"Wild Strike","floor":29,"key":"SMITH"},{"floor":32,"key":"REST"},{"floor":40,"key":"REST"},{"floor":47,"key":"REST"},{"data":"Whirlwind","floor":49,"key":"SMITH"}],"neow_cost":"NONE","seed_source_timestamp":1175537584680300,"circlet_count":0,"master_deck":["Strike_R","Strike_R","Strike_R","Strike_R","Defend_R","Defend_R","Defend_R","Defend_R","Bash","Perfected Strike+1","Battle Trance","Disarm","Whirlwind+1","Shockwave+1","Double Tap+1","Wild Strike+1","Dual Wield","Armaments","Pommel Strike","Carnage+1","Clash","Infernal Blade+1","Feed","Flex","Combust+1","Flame Barrier+1","Combust+1","Spot Weakness","Infernal Blade","Body Slam+1","Spot Weakness","Necronomicurse","Whirlwind+1","Disarm","Offering","Seeing Red+1","Pommel Strike+1","Rage+1","Flex+1","Body Slam+1","Perfected Strike+1","Whirlwind+1","Shockwave","Flex+1"],"relics":["Eternal Feather","Prayer Wheel","Tiny House","Blood Vial","Mango","Dodecahedron","Mercury Hourglass","Necronomicon","Anchor","Sozu","Unceasing Top","Red Mask","Dead Branch","Centennial Puzzle"],"potions_floor_usage":[4,21,24,24,30,33],"damage_taken":[{"damage":19,"enemies":"Small Slimes","floor":1,"turns":5},{"damage":1,"enemies":"Cultist","floor":2,"turns":3},{"damage":7,"enemies":"2 Louse","floor":3,"turns":2},{"damage":0,"enemies":"Large Slime","floor":4,"turns":4},{"damage":0,"enemies":"Exordium Wildlife","floor":5,"turns":2},{"damage":10,"enemies":"Looter","floor":12,"turns":2},{"damage":4,"enemies":"Blue Slaver","floor":13,"turns":3},{"damage":6,"enemies":"Exordium Wildlife","floor":14,"turns":2},{"damage":19,"enemies":"Slime Boss","floor":16,"turns":10},{"damage":25,"enemies":"2 Thieves","floor":18,"turns":3},{"damage":30,"enemies":"3 Byrds","floor":19,"turns":4},{"damage":0,"enemies":"Snake Plant","floor":20,"turns":2},{"damage":31,"enemies":"Centurion and Healer","floor":21,"turns":4},{"damage":17,"enemies":"Book of Stabbing","floor":24,"turns":3},{"damage":47,"enemies":"Slavers","floor":30,"turns":4},{"damage":24,"enemies":"Snecko","floor":31,"turns":4},{"damage":83,"enemies":"Automaton","floor":33,"turns":7},{"damage":0,"enemies":"Orb Walker","floor":35,"turns":2},{"damage":0,"enemies":"3 Darklings","floor":36,"turns":1},{"damage":37,"enemies":"2 Orb Walkers","floor":37,"turns":4},{"damage":40,"enemies":"Transient","floor":38,"turns":5},{"damage":37,"enemies":"Mind Bloom Boss Battle","floor":41,"turns":4},{"damage":10,"enemies":"Sphere and 2 Shapes","floor":42,"turns":4},{"damage":7,"enemies":"Jaw Worm Horde","floor":44,"turns":2},{"damage":0,"enemies":"3 Darklings","floor":45,"turns":3},{"damage":5,"enemies":"4 Shapes","floor":46,"turns":2},{"damage":18,"enemies":"Sphere and 2 Shapes","floor":48,"turns":3},{"damage":49,"enemies":"Time Eater","floor":50,"turns":4}],"seed_played":"-2105740060216435710","potions_obtained":[{"floor":3,"key":"AttackPotion"},{"floor":14,"key":"EssenceOfSteel"},{"floor":16,"key":"GamblersBrew"},{"floor":17,"key":"Regen Potion"},{"floor":18,"key":"SpeedPotion"},{"floor":24,"key":"Fruit Juice"},{"floor":30,"key":"BloodPotion"}],"is_trial":false,"path_per_floor":["M","M","M","M","M","R","?","R","T","$","R","M","M","M","R","B",null,"M","M","M","M","$","R","E","R","T","?","?","R","E","M","R","B",null,"M","M","?","M","?","R","?","M","T","M","M","M","R","M","R","B",null],"character_chosen":"IRONCLAD","items_purchased":["Double Tap","Wild Strike","Blood Vial"],"campfire_rested":4,"item_purchase_floors":[10,10,22],"current_hp_per_floor":[61,60,53,53,53,62,62,71,71,71,80,70,66,60,72,53,85,60,33,33,2,2,46,59,77,77,77,61,79,34,12,62,7,107,107,107,70,32,32,85,50,45,45,40,42,39,96,83,107,60],"gold":209,"neow_bonus":"BOSS_RELIC","is_prod":false,"is_daily":false,"chose_seed":false,"campfire_upgraded":7,"win_rate":0,"timestamp":1569491472,"path_taken":["M","M","M","M","M","R","?","R","T","$","R","?","?","?","R","BOSS","M","M","M","M","?","R","E","R","T","?","?","R","E","M","R","BOSS","M","M","?","M","?","R","?","M","T","M","M","M","R","M","R","BOSS"],"build_version":"2019-07-17","purchased_purges":1,"victory":true,"max_hp_per_floor":[80,80,80,80,80,80,80,80,80,80,80,80,80,80,80,80,85,85,88,88,88,88,88,107,107,107,107,107,107,107,107,107,107,107,107,107,107,107,107,107,107,110,110,110,110,110,110,113,113,113],"card_choices":[{"not_picked":["Armaments","Iron Wave"],"picked":"Perfected Strike","floor":1},{"not_picked":["Body Slam","Heavy Blade"],"picked":"Battle Trance","floor":2},{"not_picked":["Headbutt","Clash"],"picked":"Disarm","floor":3},{"not_picked":["Intimidate","Blood for Blood"],"picked":"Whirlwind","floor":4},{"not_picked":["Corruption","Rage"],"picked":"Shockwave","floor":5},{"not_picked":["Battle Trance","Rage"],"picked":"Dual Wield","floor":12},{"not_picked":["Sentinel","Havoc"],"picked":"Armaments","floor":12},{"not_picked":["Anger","Reaper"],"picked":"Pommel Strike","floor":13},{"not_picked":["Metallicize","Headbutt"],"picked":"Carnage","floor":13},{"not_picked":["Clothesline","Anger"],"picked":"Clash","floor":14},{"not_picked":["Warcry","Intimidate"],"picked":"Infernal Blade","floor":14},{"not_picked":["Dark Embrace","Impervious"],"picked":"Feed","floor":16},{"not_picked":["Twin Strike","Anger"],"picked":"Flex","floor":17},{"not_picked":["Cleave+1","Havoc"],"picked":"Combust+1","floor":18},{"not_picked":["Reckless Charge","Iron Wave"],"picked":"Flame Barrier+1","floor":18},{"not_picked":["Wild Strike+1","Perfected Strike+1"],"picked":"Combust","floor":19},{"not_picked":["Fiend Fire","Havoc"],"picked":"Spot Weakness","floor":19},{"not_picked":["Thunderclap","Headbutt"],"picked":"Infernal Blade","floor":20},{"not_picked":["Armaments","Dual Wield","Bloodletting+1"],"picked":"SKIP","floor":20},{"not_picked":["Fire Breathing","Wild Strike"],"picked":"Body Slam+1","floor":21},{"not_picked":["Anger","Seeing Red"],"picked":"Spot Weakness","floor":21},{"not_picked":["Entrench","Perfected Strike","Havoc"],"picked":"SKIP","floor":24},{"not_picked":["Rage","Perfected Strike"],"picked":"Whirlwind","floor":30},{"not_picked":["Burning Pact+1","Twin Strike"],"picked":"Disarm","floor":31},{"not_picked":["Burning Pact","Thunderclap","Whirlwind"],"picked":"SKIP","floor":31},{"not_picked":["Reaper","Exhume"],"picked":"Offering","floor":33},{"not_picked":["Dropkick+1","Sword Boomerang+1"],"picked":"Seeing Red+1","floor":35},{"not_picked":["Heavy Blade+1","Dual Wield","Anger"],"picked":"SKIP","floor":35},{"not_picked":["Clothesline","Heavy Blade","Twin Strike+1"],"picked":"SKIP","floor":36},{"not_picked":["Carnage","Shrug It Off+1","Bloodletting"],"picked":"SKIP","floor":36},{"not_picked":["Body Slam","Cleave+1"],"picked":"Pommel Strike+1","floor":37},{"not_picked":["Uppercut","True Grit+1","Impervious"],"picked":"SKIP","floor":38},{"not_picked":["Pummel","Reckless Charge","Twin Strike"],"picked":"SKIP","floor":38},{"not_picked":["Warcry","Clash+1"],"picked":"Rage+1","floor":41},{"not_picked":["Fiend Fire","Shrug It Off+1"],"picked":"Flex+1","floor":42},{"not_picked":["Reckless Charge","Headbutt+1"],"picked":"Body Slam+1","floor":42},{"not_picked":["Thunderclap+1","Fire Breathing+1"],"picked":"Perfected Strike+1","floor":44},{"not_picked":["Armaments","Disarm","Wild Strike+1"],"picked":"SKIP","floor":44},{"not_picked":["Wild Strike","Power Through","Headbutt+1"],"picked":"SKIP","floor":45},{"not_picked":["Dropkick+1","Armaments","Pommel Strike+1"],"picked":"SKIP","floor":45},{"not_picked":["Bludgeon","Perfected Strike+1"],"picked":"Whirlwind+1","floor":46},{"not_picked":["Rupture","Reckless Charge+1"],"picked":"Shockwave","floor":46},{"not_picked":["Sentinel+1","Havoc"],"picked":"Flex+1","floor":48},{"not_picked":["Shrug It Off+1","Feel No Pain","Clothesline+1"],"picked":"SKIP","floor":48}],"player_experience":92626,"relics_obtained":[{"floor":9,"key":"Prayer Wheel"},{"floor":24,"key":"Mango"},{"floor":26,"key":"Dodecahedron"},{"floor":28,"key":"Necronomicon"},{"floor":30,"key":"Anchor"},{"floor":37,"key":"Unceasing Top"},{"floor":41,"key":"Dead Branch"},{"floor":43,"key":"Centennial Puzzle"}],"event_choices":[{"damage_healed":0,"gold_gain":0,"player_choice":"Forge","damage_taken":0,"max_hp_gain":0,"max_hp_loss":0,"event_name":"Accursed Blacksmith","floor":7,"gold_loss":0,"cards_upgraded":["Shockwave"]},{"damage_healed":0,"gold_gain":0,"player_choice":"Obtained Relic","damage_taken":0,"relics_obtained":["Mercury Hourglass"],"max_hp_gain":0,"max_hp_loss":0,"event_name":"Addict","floor":27,"gold_loss":85},{"damage_healed":0,"gold_gain":0,"player_choice":"Obtained Book","damage_taken":16,"max_hp_gain":0,"max_hp_loss":0,"event_name":"Cursed Tome","floor":28,"gold_loss":0},{"damage_healed":0,"gold_gain":0,"player_choice":"Fight","damage_taken":0,"max_hp_gain":0,"max_hp_loss":0,"event_name":"Mysterious Sphere","floor":37,"gold_loss":0},{"damage_healed":0,"gold_gain":0,"player_choice":"Paid","damage_taken":0,"relics_obtained":["Red Mask"],"max_hp_gain":0,"max_hp_loss":0,"event_name":"Tomb of Lord Red Mask","floor":39,"gold_loss":267},{"damage_healed":0,"gold_gain":0,"player_choice":"Fight","damage_taken":0,"max_hp_gain":0,"max_hp_loss":0,"event_name":"MindBloom","floor":41,"gold_loss":0}],"is_beta":false,"boss_relics":[{"not_picked":["Runic Dome","Fusion Hammer"],"picked":"Tiny House"},{"not_picked":["Runic Cube","Coffee Dripper"],"picked":"Sozu"}],"items_purged_floors":[22],"is_endless":false,"potions_floor_spawned":[3,14,16,18,24,30,35,38,45,48],"ascension_level":0}