{"gold_per_floor":[117,134,134,134,134,134,152,188,214,214,58,73,32,70,70,166,166,190,190,99,118,118,118],"floor_reached":23,"playtime":1568,"items_purged":["Pain","Strike_G+1"],"score":400,"play_id":"5a628332-2c2f-49fe-909b-8fc9858b28d8","local_time":"20190703232213","is_ascension_mode":true,"campfire_choices":[{"floor":6,"key":"REST"},{"floor":10,"key":"REST"},{"data":"Footwork","floor":15,"key":"SMITH"}],"neow_cost":"NONE","seed_source_timestamp":870238204344598,"circlet_count":0,"master_deck":["AscendersBane","Strike_G+1","Strike_G+1","Strike_G+1","Strike_G+1","Defend_G+1","Defend_G+1","Defend_G+1","Defend_G+1","Defend_G+1","Survivor","Neutralize","Noxious Fumes","Dodge and Roll","Bane","Catalyst","Bandage Up","Deadly Poison","Footwork+1","Doppelganger","Flechettes+1","Noxious Fumes","Expertise+1"],"relics":["Ring of the Snake","Golden Idol","WarpedTongs","Smiling Mask","Whetstone","Calipers","Fusion Hammer"],"potions_floor_usage":[14,16,16,23],"damage_taken":[{"damage":2,"enemies":"Cultist","floor":1,"turns":4},{"damage":0,"enemies":"2 Louse","floor":2,"turns":4},{"damage":5,"enemies":"Small Slimes","floor":7,"turns":5},{"damage":29,"enemies":"Gremlin Nob","floor":8,"turns":5},{"damage":7,"enemies":"3 Louse","floor":12,"turns":5},{"damage":0,"enemies":"Lagavulin","floor":14,"turns":8},{"damage":32,"enemies":"Slime Boss","floor":16,"turns":11},{"damage":21,"enemies":"3 Byrds","floor":18,"turns":7},{"damage":22,"enemies":"2 Thieves","floor":21,"turns":4},{"damage":29,"enemies":"Slavers","floor":23,"turns":4}],"seed_played":"7655779444163361657","potions_obtained":[{"floor":8,"key":"Swift Potion"},{"floor":12,"key":"Swift Potion"},{"floor":14,"key":"Energy Potion"},{"floor":21,"key":"SteroidPotion"}],"is_trial":false,"path_per_floor":["M","M","?","?","?","R","M","E","T","R","$","M","$","E","R","B",null,"M","?","$","M","?","E"],"character_chosen":"THE_SILENT","items_purchased":["Bandage Up","Footwork","Noxious Fumes"],"campfire_rested":2,"item_purchase_floors":[11,13,20],"current_hp_per_floor":[63,63,63,38,38,59,54,25,25,46,46,45,45,49,49,21,59,42,42,42,24,24,0],"gold":118,"neow_bonus":"TEN_PERCENT_HP_BONUS","is_prod":false,"is_daily":false,"chose_seed":false,"campfire_upgraded":1,"win_rate":0,"timestamp":1562214133,"path_taken":["M","?","?","?","?","R","M","E","T","R","$","?","$","E","R","BOSS","M","?","$","M","?","E"],"build_version":"2019-07-01","purchased_purges":2,"victory":false,"max_hp_per_floor":[72,72,72,72,72,72,72,72,72,72,72,72,72,72,72,72,72,72,72,72,72,72,72],"card_choices":[{"not_picked":["Cloak And Dagger","Prepared"],"picked":"Noxious Fumes","floor":1},{"not_picked":["Outmaneuver","Riddle With Holes"],"picked":"Dodge and Roll","floor":2},{"not_picked":["Sucker Punch","Acrobatics"],"picked":"Bane","floor":7},{"not_picked":["Calculated Gamble","Dash"],"picked":"Catalyst","floor":8},{"not_picked":["Deflect","Terror"],"picked":"Deadly Poison","floor":12},{"not_picked":["Prepared","Doppelganger","Bane"],"picked":"SKIP","floor":14},{"not_picked":["Phantasmal Killer","Grand Finale"],"picked":"Doppelganger","floor":16},{"not_picked":["Prepared","PiercingWail"],"picked":"Flechettes+1","floor":18},{"not_picked":["Deflect","Flechettes"],"picked":"Expertise+1","floor":21}],"player_experience":1470609,"relics_obtained":[{"floor":8,"key":"Smiling Mask"},{"floor":9,"key":"Whetstone"},{"floor":14,"key":"Calipers"}],"event_choices":[{"damage_healed":0,"gold_gain":0,"player_choice":"Ignored","damage_taken":0,"max_hp_gain":0,"max_hp_loss":0,"event_name":"Liars Game","floor":3,"gold_loss":0},{"damage_healed":0,"gold_gain":0,"player_choice":"Take Damage","damage_taken":25,"relics_obtained":["Golden Idol"],"max_hp_gain":0,"max_hp_loss":0,"event_name":"Golden Idol","floor":4,"gold_loss":0},{"damage_healed":0,"gold_gain":0,"player_choice":"Rummage","damage_taken":0,"relics_obtained":["WarpedTongs"],"max_hp_gain":0,"max_hp_loss":0,"event_name":"Accursed Blacksmith","floor":5,"gold_loss":0,"cards_obtained":["Pain"]},{"damage_healed":0,"gold_gain":0,"player_choice":"Simplicity","damage_taken":0,"max_hp_gain":0,"max_hp_loss":0,"event_name":"Back to Basics","floor":19,"gold_loss":0,"cards_upgraded":["Strike_G","Strike_G","Strike_G","Defend_G","Defend_G","Defend_G","Defend_G","Defend_G"]},{"damage_healed":0,"gold_gain":0,"player_choice":"Ignored","damage_taken":0,"max_hp_gain":0,"max_hp_loss":0,"event_name":"Ghosts","floor":22,"gold_loss":0}],"is_beta":false,"boss_relics":[{"not_picked":["Eternal Feather","Orrery"],"picked":"Fusion Hammer"}],"items_purged_floors":[11,20],"is_endless":false,"potions_floor_spawned":[8,12,14,21],"killed_by":"Slavers","ascension_level":16}