{"gold_per_floor":[115,115,130,10,24,49,49,69,123,71,82,102,121,121,121,220,220,239,239,253,253,272,272,306,317,370,383,383,394,404,186,186,186],"floor_reached":33,"playtime":4160,"items_purged":["Strike_B"],"score":273,"play_id":"185a809a-78ba-459e-a068-ca1fae85c4f0","local_time":"20190422194140","is_ascension_mode":false,"campfire_choices":[{"floor":7.0,"key":"REST"},{"data":"Static Discharge","floor":15.0,"key":"SMITH"},{"data":"Fission","floor":23.0,"key":"SMITH"},{"data":"Zap","floor":28,"key":"SMITH"},{"floor":32,"key":"REST"}],"neow_cost":"PERCENT_DAMAGE","seed_source_timestamp":0,"circlet_count":0,"master_deck":["Strike_B","Strike_B","Defend_B","Defend_B","Defend_B","Defend_B","Zap+1","Dualcast","Impatience","Impatience","Reinforced Body","Chill","Coolheaded","Static Discharge+1","Go for the Eyes+1","Beam Cell","Beam Cell","Barrage","Undo","Self Repair","Ball Lightning","Fission+1","Reprogram","Necronomicurse","Hologram+1","Sunder+1","Barrage+1","Rebound+1","Ball Lightning","Doom and Gloom","Blizzard"],"special_seed":0,"relics":["Cracked Core","Bottled Tornado","Orichalcum","Inserter","Necronomicon","CultistMask","Strawberry","PreservedInsect","Whetstone"],"potions_floor_usage":[27,33,33],"damage_taken":[{"damage":5.0,"enemies":"Small Slimes","floor":1.0,"turns":2.0},{"damage":0.0,"enemies":"Cultist","floor":3.0,"turns":3.0},{"damage":6.0,"enemies":"Jaw Worm","floor":5.0,"turns":4.0},{"damage":5.0,"enemies":"3 Sentries","floor":6.0,"turns":9.0},{"damage":4.0,"enemies":"3 Louse","floor":8.0,"turns":3.0},{"damage":0.0,"enemies":"Lots of Slimes","floor":11.0,"turns":4.0},{"damage":0.0,"enemies":"Gremlin Gang","floor":12.0,"turns":6.0},{"damage":9.0,"enemies":"3 Louse","floor":13.0,"turns":3.0},{"damage":28.0,"enemies":"Slime Boss","floor":16.0,"turns":9.0},{"damage":5.0,"enemies":"Shell Parasite","floor":18.0,"turns":5.0},{"damage":6.0,"enemies":"3 Byrds","floor":20.0,"turns":2.0},{"damage":20.0,"enemies":"Shelled Parasite and Fungi","floor":22.0,"turns":5.0},{"damage":11.0,"enemies":"Gremlin Leader","floor":24.0,"turns":6.0},{"damage":6,"enemies":"Centurion and Healer","floor":25,"turns":8},{"damage":0,"enemies":"Cultist and Chosen","floor":27,"turns":3},{"damage":32,"enemies":"Shelled Parasite and Fungi","floor":29,"turns":4},{"damage":10,"enemies":"Sentry and Sphere","floor":30,"turns":3},{"damage":49,"enemies":"Automaton","floor":33,"turns":6}],"seed_played":"-5943250885107466685","potions_obtained":[{"floor":1.0,"key":"Energy Potion"},{"floor":3.0,"key":"Block Potion"},{"floor":5.0,"key":"FearPotion"},{"floor":8.0,"key":"Block Potion"},{"floor":20.0,"key":"Ancient Potion"},{"floor":25,"key":"Swift Potion"},{"floor":29,"key":"Poison Potion"},{"floor":30,"key":"AttackPotion"}],"is_trial":false,"path_per_floor":["M","?","M","$","M","E","R","M","T","$","M","M","M","$","R","B",null,"M","?","M","?","M","R","E","M","T","M","R","M","M","$","R","B"],"character_chosen":"DEFECT","items_purchased":["Coolheaded","Static Discharge","Barrage","Whetstone"],"campfire_rested":2,"item_purchase_floors":[4,4,10,31],"current_hp_per_floor":[49,49,49,49,43,38,60,56,56,56,56,56,54,54,54,33,75,75,59,60,60,47,47,50,51,51,51,51,26,23,23,47,0],"gold":186,"neow_bonus":"RANDOM_COLORLESS_2","is_prod":false,"is_daily":false,"chose_seed":false,"campfire_upgraded":3,"win_rate":0.0,"timestamp":1555980100,"path_taken":["M","?","M","$","M","E","R","M","T","$","M","M","M","?","R","BOSS","M","?","M","?","M","R","E","?","T","?","R","M","M","$","R","BOSS"],"build_version":"2019-01-23","purchased_purges":1,"victory":false,"max_hp_per_floor":[75,75,75,75,75,75,75,75,75,75,75,75,75,75,75,75,75,75,75,75,75,75,75,82,82,82,82,82,82,82,82,82,82],"card_choices":[{"not_picked":["Storm","Gash"],"picked":"Reinforced Body","floor":1.0},{"not_picked":["Double Energy","Force Field"],"picked":"Chill","floor":3.0},{"not_picked":["Capacitor","Leap"],"picked":"Go for the Eyes","floor":5.0},{"not_picked":["Aggregate","Leap"],"picked":"Beam Cell","floor":6.0},{"not_picked":["Redo","Barrage"],"picked":"Beam Cell","floor":8.0},{"not_picked":["Tempest","Gash"],"picked":"Undo","floor":11.0},{"not_picked":["Beam Cell","Gash"],"picked":"Self Repair","floor":12.0},{"not_picked":["Streamline","Conserve Battery"],"picked":"Ball Lightning","floor":13.0},{"not_picked":["Creative AI","Biased Cognition"],"picked":"Fission","floor":16.0},{"not_picked":["Gash+1","Steam Power"],"picked":"Reprogram","floor":18.0},{"not_picked":["Skim+1","Reprogram"],"picked":"Hologram+1","floor":20.0},{"not_picked":["Go for the Eyes","Gash"],"picked":"Sunder+1","floor":22.0},{"not_picked":["Rip and Tear","Hello World+1"],"picked":"Barrage+1","floor":24.0},{"not_picked":["Static Discharge","Steam"],"picked":"Rebound","floor":25},{"not_picked":["Coolheaded+1","Hologram"],"picked":"Ball Lightning","floor":27},{"not_picked":["Leap+1","Go for the Eyes"],"picked":"Doom and Gloom","floor":29},{"not_picked":["Go for the Eyes","Hologram"],"picked":"Blizzard","floor":30}],"player_experience":39926,"relics_obtained":[{"floor":6.0,"key":"Bottled Tornado"},{"floor":9.0,"key":"Orichalcum"},{"floor":19.0,"key":"Necronomicon"},{"floor":24.0,"key":"Strawberry"},{"floor":26,"key":"PreservedInsect"}],"event_choices":[{"cards_removed":["Strike_B"],"damage_healed":0.0,"max_hp_gain":0.0,"max_hp_loss":0.0,"gold_gain":0.0,"event_name":"Purifier","player_choice":"Purged","floor":2.0,"gold_loss":0.0,"damage_taken":0.0},{"damage_healed":0.0,"max_hp_gain":0.0,"max_hp_loss":0.0,"gold_gain":0.0,"event_name":"Cursed Tome","player_choice":"Obtained Book","floor":19.0,"gold_loss":0.0,"damage_taken":16.0},{"damage_healed":0.0,"max_hp_gain":0.0,"max_hp_loss":0.0,"gold_gain":0.0,"event_name":"FaceTrader","player_choice":"Trade","floor":21.0,"gold_loss":0.0,"damage_taken":0.0,"relics_obtained":["CultistMask"]}],"is_beta":false,"boss_relics":[{"not_picked":["Sozu","Lizard Tail"],"picked":"Inserter"}],"items_purged_floors":[31],"is_endless":false,"potions_floor_spawned":[1,3,5,8,20,25,29,30],"killed_by":"Automaton","ascension_level":0}