{"gold_per_floor":[111,130,145,159,169,169,200,217,217,249,249],"floor_reached":11,"playtime":2212,"items_purged":[],"score":87,"play_id":"4f957357-a42b-473b-85aa-5b6e43775e83","local_time":"20190917142616","is_ascension_mode":false,"campfire_choices":[{"data":"Dodge and Roll","floor":6,"key":"SMITH"}],"neow_cost":"NONE","seed_source_timestamp":749710850784416,"circlet_count":0,"master_deck":["Strike_G","Strike_G","Strike_G","Strike_G","Strike_G","Defend_G","Defend_G","Defend_G","Defend_G","Defend_G","Survivor","Neutralize","Blur","Poisoned Stab","Dodge and Roll+1","Tools of the Trade","Skewer","Dagger Throw"],"relics":["Ring of the Snake","Blood Vial","Juzu Bracelet","Mercury Hourglass","Omamori"],"potions_floor_usage":[7,7],"damage_taken":[{"damage":8,"enemies":"Jaw Worm","floor":1,"turns":8},{"damage":0,"enemies":"Small Slimes","floor":2,"turns":3},{"damage":0,"enemies":"Cultist","floor":3,"turns":3},{"damage":14,"enemies":"Lots of Slimes","floor":4,"turns":6},{"damage":9,"enemies":"Exordium Thugs","floor":5,"turns":7},{"damage":24,"enemies":"Lagavulin","floor":7,"turns":9},{"damage":6,"enemies":"Large Slime","floor":8,"turns":12},{"damage":14,"enemies":"Gremlin Nob","floor":10,"turns":5}],"seed_played":"8246724446429250164","potions_obtained":[{"floor":1,"key":"Fire Potion"},{"floor":3,"key":"SteroidPotion"},{"floor":8,"key":"GhostInAJar"}],"is_trial":false,"path_per_floor":["M","M","M","M","M","R","E","M","T","E","?"],"character_chosen":"THE_SILENT","items_purchased":[],"campfire_rested":0,"item_purchase_floors":[],"current_hp_per_floor":[62,64,66,54,47,47,25,21,21,9,0],"gold":249,"neow_bonus":"RANDOM_COMMON_RELIC","is_prod":false,"is_daily":false,"chose_seed":false,"campfire_upgraded":1,"win_rate":0,"timestamp":1568744776,"path_taken":["M","M","M","M","M","R","E","M","T","E","?"],"build_version":"2019-07-17","purchased_purges":0,"victory":false,"max_hp_per_floor":[70,70,70,70,70,70,70,70,70,70,70],"card_choices":[{"not_picked":["Dash","Sucker Punch"],"picked":"Blur","floor":1},{"not_picked":["Dagger Spray","Quick Slash"],"picked":"Poisoned Stab","floor":2},{"not_picked":["Skewer","Dagger Spray"],"picked":"Dodge and Roll","floor":3},{"not_picked":["Poisoned Stab","Sucker Punch","Backstab"],"picked":"SKIP","floor":4},{"not_picked":["All Out Attack","Heel Hook","Prepared"],"picked":"SKIP","floor":5},{"not_picked":["Sucker Punch","Prepared"],"picked":"Tools of the Trade","floor":7},{"not_picked":["Slice","Blade Dance"],"picked":"Skewer","floor":8},{"not_picked":["Dodge and Roll","Caltrops"],"picked":"Dagger Throw","floor":10}],"player_experience":178583,"relics_obtained":[{"floor":7,"key":"Juzu Bracelet"},{"floor":9,"key":"Mercury Hourglass"},{"floor":10,"key":"Omamori"}],"event_choices":[],"is_beta":false,"boss_relics":[],"items_purged_floors":[],"is_endless":false,"potions_floor_spawned":[1,3,8],"ascension_level":0}