{"gold_per_floor":[119,119,119,134,59,59,84,84,110,137,155,185,204,6,6,110,110,128,28,47,63,63,63,90,90,114,114,114,142,53,53,53,153,153,163,177,177,187,187,187,202,139,166,206,218,230,292,334,346,358],"floor_reached":51,"playtime":5720,"items_purged":["Strike_B","Strike_B","Strike_B"],"score":1098,"play_id":"42199391-d639-4648-a68a-45da3f54cc1e","local_time":"20180923151025","is_ascension_mode":true,"campfire_choices":[{"data":"Zap","floor":6,"key":"SMITH"},{"floor":8,"key":"REST"},{"floor":15,"key":"REST"},{"data":"Dualcast","floor":23,"key":"SMITH"},{"floor":25,"key":"REST"},{"data":"Blizzard","floor":28,"key":"SMITH"},{"floor":32,"key":"REST"},{"floor":40,"key":"REST"},{"floor":46,"key":"REST"},{"floor":49,"key":"REST"}],"neow_cost":"NONE","seed_source_timestamp":878994847907029,"circlet_count":0,"master_deck":["Strike_B","Defend_B","Defend_B","Defend_B","Defend_B","Zap+1","Dualcast+1","Ball Lightning","FTL","Thunder Strike","Glacier","Echo Form","Steam","Blizzard+1","Glacier","Consume","Fission","Loop+1","Undo+1","Cold Snap+1","Capacitor","Tempest+1","Biased Cognition","Chaos+1","Stack"],"relics":["FrozenCore","Art of War","Matryoshka","Sundial","PreservedInsect","Strawberry","Mercury Hourglass","Centennial Puzzle","Membership Card","Runic Capacitor","Boot","Dream Catcher","Ancient Tea Set","Blue Candle","Velvet Choker","MawBank","Unceasing Top","Smiling Mask","Oddly Smooth Stone"],"potions_floor_usage":[7,12,13,24,29,31,44,48,48],"damage_taken":[{"damage":13,"enemies":"Jaw Worm","floor":1,"turns":4},{"damage":3,"enemies":"2 Louse","floor":4,"turns":3},{"damage":20,"enemies":"3 Sentries","floor":7,"turns":6},{"damage":20,"enemies":"Gremlin Nob","floor":10,"turns":4},{"damage":4,"enemies":"Small Slimes","floor":11,"turns":2},{"damage":0,"enemies":"3 Sentries","floor":12,"turns":4},{"damage":0,"enemies":"Gremlin Gang","floor":13,"turns":3},{"damage":10,"enemies":"The Guardian","floor":16,"turns":9},{"damage":1,"enemies":"Chosen","floor":18,"turns":5},{"damage":8,"enemies":"3 Byrds","floor":20,"turns":5},{"damage":0,"enemies":"Snecko","floor":21,"turns":6},{"damage":52,"enemies":"Gremlin Leader","floor":24,"turns":7},{"damage":12,"enemies":"Slavers","floor":29,"turns":5},{"damage":0,"enemies":"Shelled Parasite and Fungi","floor":31,"turns":1},{"damage":0,"enemies":"Collector","floor":33,"turns":9},{"damage":28,"enemies":"3 Shapes","floor":35,"turns":4},{"damage":1,"enemies":"Orb Walker","floor":36,"turns":5},{"damage":8,"enemies":"Sphere and 2 Shapes","floor":38,"turns":6},{"damage":0,"enemies":"Maw","floor":41,"turns":9},{"damage":46,"enemies":"2 Orb Walkers","floor":44,"turns":6},{"damage":2,"enemies":"Nemesis","floor":48,"turns":4},{"damage":38,"enemies":"Time Eater","floor":50,"turns":10}],"seed_played":"8696984657444628786","potions_obtained":[{"floor":4,"key":"Swift Potion"},{"floor":10,"key":"Block Potion"},{"floor":11,"key":"Swift Potion"},{"floor":21,"key":"SkillPotion"},{"floor":27,"key":"SmokeBomb"},{"floor":27,"key":"SneckoOil"},{"floor":27,"key":"EssenceOfSteel"},{"floor":36,"key":"LiquidBronze"},{"floor":41,"key":"Dexterity Potion"},{"floor":44,"key":"Block Potion"}],"is_trial":false,"path_per_floor":["M","?","?","M","$","R","E","R","T","E","M","E","M","$","R","B",null,"M","$","M","M","?","R","E","R","T","?","R","E","$","M","R","B",null,"M","M","?","M","?","R","M","$","T","E","?","R","T","E","R","B"],"character_chosen":"DEFECT","items_purchased":["Membership Card","Runic Capacitor","Reinforced Body"],"campfire_rested":7,"item_purchase_floors":[14,19,30],"current_hp_per_floor":[55,55,55,52,52,52,32,54,61,41,37,37,37,37,61,51,74,73,73,65,65,82,82,30,54,54,54,54,42,42,42,66,66,78,50,49,49,41,41,64,64,64,64,18,18,41,41,39,62,24],"gold":370,"neow_bonus":"RANDOM_COMMON_RELIC","is_prod":false,"is_daily":false,"chose_seed":false,"campfire_upgraded":3,"win_rate":0,"timestamp":1537733425,"path_taken":["M","?","?","M","$","R","E","R","T","E","M","E","?","$","R","BOSS","M","$","M","?","?","R","E","R","T","?","R","E","$","M","R","BOSS","M","M","?","M","?","R","?","$","T","E","?","R","?","E","R","BOSS"],"build_version":"2018-09-20","purchased_purges":3,"victory":true,"max_hp_per_floor":[75,75,75,75,75,75,75,75,82,82,82,82,82,82,82,82,82,82,82,82,82,82,82,82,82,82,82,82,82,82,82,82,82,82,82,82,78,78,78,78,78,78,78,78,78,78,78,78,78,78],"card_choices":[{"not_picked":["Redo","Sweeping Beam","Scrape"],"picked":"SKIP","floor":1},{"not_picked":["Beam Cell","Hologram"],"picked":"Ball Lightning","floor":4},{"not_picked":["Undo","Sweeping Beam"],"picked":"FTL","floor":7},{"not_picked":["Go for the Eyes","Reprogram"],"picked":"Thunder Strike","floor":10},{"not_picked":["Compile Driver","Cold Snap","Gash"],"picked":"SKIP","floor":11},{"not_picked":["Cold Snap","Leap"],"picked":"Glacier","floor":12},{"not_picked":["Hologram","Redo","Compile Driver"],"picked":"SKIP","floor":13},{"not_picked":["Hologram","Redo","Compile Driver"],"picked":"SKIP","floor":13},{"not_picked":["Fission","Rainbow"],"picked":"Echo Form","floor":16},{"not_picked":["Conserve Battery","Beam Cell"],"picked":"Steam","floor":18},{"not_picked":["Leap","Cold Snap","Static Discharge"],"picked":"SKIP","floor":20},{"not_picked":["Rebound","Steam"],"picked":"Blizzard","floor":21},{"not_picked":["Aggregate+1","Melter"],"picked":"Glacier","floor":24},{"not_picked":["Lockon","Sweeping Beam","Streamline"],"picked":"SKIP","floor":29},{"not_picked":["Lockon","Sweeping Beam","Streamline"],"picked":"SKIP","floor":29},{"not_picked":["Ball Lightning+1","Loop"],"picked":"Consume","floor":32},{"not_picked":["Buffer","Meteor Strike"],"picked":"Fission","floor":33},{"not_picked":["Steam+1","Hologram"],"picked":"Loop+1","floor":35},{"not_picked":["Turbo+1","Stack+1"],"picked":"Undo+1","floor":36},{"not_picked":["Streamline","Ball Lightning","Steam+1"],"picked":"SKIP","floor":38},{"not_picked":["Compile Driver","Rebound+1"],"picked":"Cold Snap+1","floor":40},{"not_picked":["Loop","Skim+1"],"picked":"Capacitor","floor":41},{"not_picked":["Streamline","Skim"],"picked":"Tempest+1","floor":44},{"not_picked":["Aggregate","Turbo"],"picked":"Biased Cognition","floor":46},{"not_picked":["Sunder+1","Compile Driver+1"],"picked":"Chaos+1","floor":48},{"not_picked":["Steam","Rip and Tear+1"],"picked":"Stack","floor":49}],"player_experience":629998,"relics_obtained":[{"floor":7,"key":"Sundial"},{"floor":9,"key":"PreservedInsect"},{"floor":9,"key":"Strawberry"},{"floor":10,"key":"Mercury Hourglass"},{"floor":12,"key":"Centennial Puzzle"},{"floor":24,"key":"Boot"},{"floor":26,"key":"Dream Catcher"},{"floor":26,"key":"Ancient Tea Set"},{"floor":29,"key":"Blue Candle"},{"floor":43,"key":"MawBank"},{"floor":44,"key":"Unceasing Top"},{"floor":47,"key":"Smiling Mask"},{"floor":48,"key":"Oddly Smooth Stone"}],"event_choices":[{"event_name":"Big Fish","player_choice":"Box","floor":2,"damage_taken":0},{"event_name":"Purifier","player_choice":"One Purge","floor":3,"damage_taken":0},{"event_name":"Wheel of Change","player_choice":"Full Heal","floor":22,"damage_taken":0},{"event_name":"The Lab","player_choice":"Got Potions","floor":27,"damage_taken":0},{"event_name":"Winding Halls","player_choice":"Max HP","floor":37,"damage_taken":0},{"event_name":"Falling","player_choice":"Removed Skill","floor":39,"damage_taken":0},{"event_name":"Mysterious Sphere","player_choice":"Ignore","floor":45,"damage_taken":0}],"is_beta":false,"boss_relics":[{"not_picked":["Empty Cage","Inserter"],"picked":"FrozenCore"},{"not_picked":["Pandora\u0027s Box","Eternal Feather"],"picked":"Velvet Choker"}],"items_purged_floors":[5,30,42],"is_endless":false,"potions_floor_spawned":[4,10,11,21,31,36,41,44],"ascension_level":8}