{"gold_per_floor":[110,110,35,35,35,63,82,82,82,100,100,119,59],"floor_reached":13,"playtime":235,"items_purged":[],"score":243,"play_id":"d5fda203-cf8d-47b7-96b8-2d00570870d0","local_time":"20190811174540","is_ascension_mode":true,"campfire_choices":[{"data":"True Grit","floor":11.0,"key":"SMITH"}],"neow_cost":"NONE","seed_source_timestamp":102439463460345,"circlet_count":0,"master_deck":["Strike_R","Strike_R","Strike_R","Defend_R","Defend_R","Defend_R","Defend_R","Bash","AscMod:ascendersbane","True Grit+1","Spot Weakness","Flame Barrier"],"special_seed":0,"relics":["Burning Blood","NeowsBlessing","Golden Idol","Bronze Scales","Oddly Smooth Stone","Prayer Wheel"],"potions_floor_usage":[13],"damage_taken":[{"damage":0.0,"enemies":"Cultist","floor":1.0,"turns":1.0},{"damage":0.0,"enemies":"Lagavulin","floor":6.0,"turns":1.0},{"damage":0.0,"enemies":"2 Louse","floor":7.0,"turns":1.0},{"damage":0.0,"enemies":"Jaw Worm","floor":10.0,"turns":4.0},{"damage":8.0,"enemies":"Blue Slaver","floor":12.0,"turns":4.0},{"damage":18,"enemies":"Exordium Thugs","floor":13,"turns":5}],"seed_played":"3721358796728535229","potions_obtained":[{"floor":7.0,"key":"FearPotion"},{"floor":10.0,"key":"Explosive Potion"}],"is_trial":false,"path_per_floor":["M","?","?","?","$","E","M","?","T","M","R","M","M"],"character_chosen":"IRONCLAD","items_purchased":[],"campfire_rested":0,"item_purchase_floors":[],"current_hp_per_floor":[73,47,47,40,40,45,50,50,50,55,55,52,34],"gold":59,"neow_bonus":"THREE_ENEMY_KILL","is_prod":false,"is_daily":false,"chose_seed":false,"campfire_upgraded":1,"win_rate":0,"timestamp":1565520340,"path_taken":["M","?","?","?","$","E","?","?","T","M","R","?","M"],"build_version":"2019-07-18","purchased_purges":0,"victory":false,"max_hp_per_floor":[75,75,75,75,75,75,75,75,75,75,75,75,75],"card_choices":[{"not_picked":["Warcry","Armaments","Anger"],"picked":"SKIP","floor":1.0},{"not_picked":["Iron Wave","Reaper"],"picked":"Metallicize","floor":6.0},{"not_picked":["Warcry","Burning Pact","Sword Boomerang"],"picked":"SKIP","floor":7.0},{"not_picked":["Power Through","Perfected Strike"],"picked":"True Grit","floor":10.0},{"not_picked":["Warcry","Rampage","Body Slam"],"picked":"SKIP","floor":10.0},{"not_picked":["Anger","Sentinel"],"picked":"Spot Weakness","floor":12},{"not_picked":["Anger","Corruption"],"picked":"Flame Barrier","floor":12}],"player_experience":1060177,"relics_obtained":[{"floor":6.0,"key":"Bronze Scales"},{"floor":9.0,"key":"Prayer Wheel"}],"event_choices":[{"damage_healed":0.0,"max_hp_gain":0.0,"max_hp_loss":0.0,"gold_gain":0.0,"event_name":"Golden Idol","player_choice":"Take Damage","floor":2.0,"gold_loss":0.0,"damage_taken":26.0,"relics_obtained":["Golden Idol"]},{"cards_removed":["Strike_R"],"damage_healed":0.0,"max_hp_gain":0.0,"max_hp_loss":0.0,"gold_gain":0.0,"event_name":"The Cleric","player_choice":"Card Removal","floor":3.0,"gold_loss":75.0,"damage_taken":0.0},{"cards_removed":["Strike_R"],"damage_healed":0.0,"max_hp_gain":0.0,"max_hp_loss":0.0,"gold_gain":0.0,"event_name":"Golden Wing","player_choice":"Card Removal","floor":4.0,"gold_loss":0.0,"damage_taken":7.0},{"cards_removed":["Metallicize"],"damage_healed":0.0,"max_hp_gain":0.0,"max_hp_loss":0.0,"gold_gain":0.0,"event_name":"WeMeetAgain","player_choice":"Gave Card","floor":8.0,"gold_loss":0.0,"damage_taken":0.0,"relics_obtained":["Oddly Smooth Stone"]}],"is_beta":true,"boss_relics":[],"items_purged_floors":[],"is_endless":false,"potions_floor_spawned":[7,10,12],"killed_by":"Exordium Thugs","ascension_level":25}