{"gold_per_floor":[117,135,135,153,167,167,211,211,234,272,287,74,39,60,60,155,155,174,89,104,26,26,26,26,46,103,134,147,171,206,46,46,136,136,161,161,141,42,57,57,90,114,140,140,66,79,119,139,139,139,139],"floor_reached":52,"playtime":3382,"items_purged":[],"score":1924,"play_id":"75d69d02-55e9-4681-be18-cddcacf98cb9","local_time":"20190929115635","is_ascension_mode":true,"campfire_choices":[{"data":"Rage","floor":6.0,"key":"SMITH"},{"data":"Wild Strike","floor":8.0,"key":"SMITH"},{"data":"Apotheosis","floor":15.0,"key":"SMITH"},{"data":"Immolate","floor":23.0,"key":"SMITH"},{"data":"Feel No Pain","floor":32.0,"key":"SMITH"},{"floor":40,"key":"RECALL"},{"floor":49,"key":"REST"}],"neow_cost":"NONE","seed_source_timestamp":1075994060100500,"circlet_count":0,"master_deck":["AscendersBane","Defend_R","Defend_R","Defend_R","Defend_R","Bash","Shockwave","Rage+1","Headbutt","Wild Strike+1","Shrug It Off","Apotheosis+1","Offering","Impervious","Feel No Pain+1","Immolate+1","Bite","Bite","Bite","Bite","Bite","Body Slam","Power Through+1","Seeing Red+1","Power Through+1","Impervious+1","Burning Pact+1","Feel No Pain","Warcry+1","Sentinel+1","Decay","Feel No Pain","Warcry+1","Exhume+1"],"special_seed":0,"relics":["Burning Blood","Golden Idol","Ancient Tea Set","Pen Nib","Runic Pyramid","Toxic Egg 2","Tiny Chest","Matryoshka","InkBottle","Medical Kit","Fusion Hammer","Boot","Regal Pillow","PreservedInsect","Bag of Marbles"],"potions_floor_usage":[46,50,51,51],"damage_taken":[{"damage":9.0,"enemies":"2 Louse","floor":1.0,"turns":4.0},{"damage":6.0,"enemies":"Jaw Worm","floor":2.0,"turns":5.0},{"damage":8.0,"enemies":"Small Slimes","floor":4.0,"turns":5.0},{"damage":6.0,"enemies":"2 Fungi Beasts","floor":5.0,"turns":6.0},{"damage":45.0,"enemies":"3 Sentries","floor":7.0,"turns":11.0},{"damage":20.0,"enemies":"Lagavulin","floor":10.0,"turns":6.0},{"damage":3.0,"enemies":"Gremlin Gang","floor":11.0,"turns":5.0},{"damage":0.0,"enemies":"Looter","floor":14.0,"turns":4.0},{"damage":36.0,"enemies":"The Guardian","floor":16.0,"turns":15.0},{"damage":10.0,"enemies":"Spheric Guardian","floor":18.0,"turns":6.0},{"damage":12.0,"enemies":"3 Byrds","floor":20.0,"turns":7.0},{"damage":29.0,"enemies":"Centurion and Healer","floor":25.0,"turns":11.0},{"damage":17.0,"enemies":"Slavers","floor":27.0,"turns":2.0},{"damage":20.0,"enemies":"Chosen and Byrds","floor":28.0,"turns":8.0},{"damage":0.0,"enemies":"3 Cultists","floor":29.0,"turns":1.0},{"damage":16.0,"enemies":"Book of Stabbing","floor":30.0,"turns":5.0},{"damage":67.0,"enemies":"Collector","floor":33.0,"turns":21.0},{"damage":0,"enemies":"Orb Walker","floor":35,"turns":4},{"damage":0,"enemies":"3 Darklings","floor":39,"turns":5},{"damage":8,"enemies":"Giant Head","floor":41,"turns":5},{"damage":6,"enemies":"Transient","floor":42,"turns":6},{"damage":6,"enemies":"Writhing Mass","floor":46,"turns":4},{"damage":19,"enemies":"Nemesis","floor":47,"turns":5},{"damage":8,"enemies":"Spire Growth","floor":48,"turns":4},{"damage":45,"enemies":"Time Eater","floor":50,"turns":19},{"damage":15,"enemies":"Awakened One","floor":51,"turns":14}],"seed_played":"714175711623085949","potions_obtained":[{"floor":4.0,"key":"ElixirPotion"},{"floor":5.0,"key":"Ancient Potion"},{"floor":7.0,"key":"PowerPotion"},{"floor":11.0,"key":"Block Potion"},{"floor":16.0,"key":"GamblersBrew"},{"floor":30.0,"key":"SkillPotion"},{"floor":35,"key":"Swift Potion"},{"floor":37,"key":"Energy Potion"},{"floor":41,"key":"EntropicBrew"},{"floor":46,"key":"DuplicationPotion"}],"is_trial":false,"path_per_floor":["M","M","?","M","M","R","E","R","T","E","M","$","?","M","R","B",null,"M","?","M","$","?","R","?","M","T","E","M","M","E","$","R","B",null,"M","?","?","$","M","R","E","M","T","?","$","M","E","M","R","B","B",null],"character_chosen":"IRONCLAD","items_purchased":["Apotheosis","Immolate","Medical Kit","Feel No Pain","Warcry+1","Feel No Pain"],"campfire_rested":1,"item_purchase_floors":[12,21,31,38,38,45],"current_hp_per_floor":[72,72,72,70,70,70,31,31,31,17,22,22,40,48,48,20,61,59,59,55,55,55,55,55,74,74,67,72,74,73,73,73,46,67,74,74,74,74,74,74,74,74,74,74,74,74,63,74,74,59,74],"gold":139,"neow_bonus":"TEN_PERCENT_HP_BONUS","is_prod":false,"is_daily":false,"chose_seed":false,"campfire_upgraded":5,"win_rate":0,"timestamp":1569783395,"path_taken":["M","M","?","M","M","R","E","R","T","E","M","$","?","M","R","BOSS","M","?","M","$","?","R","?","M","T","E","M","M","E","$","R","BOSS","M","?","?","$","?","R","E","M","T","?","$","?","E","M","R","BOSS","BOSS"],"build_version":"2019-09-27","purchased_purges":0,"victory":true,"max_hp_per_floor":[82,82,74,74,74,74,74,74,74,74,74,74,74,74,74,74,74,74,74,74,74,74,74,74,74,74,74,74,74,74,74,74,74,74,74,74,74,74,74,74,74,74,74,74,74,74,74,74,74,74,74],"card_choices":[{"not_picked":["Perfected Strike","Sword Boomerang"],"picked":"Shockwave","floor":1.0},{"not_picked":["Twin Strike","Pommel Strike"],"picked":"Rage","floor":2.0},{"not_picked":["Flame Barrier","Dropkick","Havoc"],"picked":"SKIP","floor":4.0},{"not_picked":["Rage","Thunderclap"],"picked":"Headbutt","floor":5.0},{"not_picked":["Fire Breathing","Shrug It Off"],"picked":"Wild Strike","floor":7.0},{"not_picked":["Warcry","True Grit"],"picked":"Shrug It Off","floor":10.0},{"not_picked":["Anger","Clash","Havoc"],"picked":"SKIP","floor":11.0},{"not_picked":["Shockwave","Thunderclap"],"picked":"Offering","floor":14.0},{"not_picked":["Double Tap","Dark Embrace"],"picked":"Impervious","floor":16.0},{"not_picked":["Infernal Blade","Pommel Strike"],"picked":"Feel No Pain","floor":18.0},{"not_picked":["Sword Boomerang","Havoc+1","Inflame"],"picked":"SKIP","floor":20.0},{"not_picked":["Warcry+1","Wild Strike"],"picked":"Body Slam","floor":25.0},{"not_picked":["Clothesline","Wild Strike"],"picked":"Power Through+1","floor":27.0},{"not_picked":["Armaments+1","Sword Boomerang","Shockwave+1"],"picked":"SKIP","floor":28.0},{"not_picked":["Havoc+1","Wild Strike"],"picked":"Seeing Red+1","floor":29.0},{"not_picked":["Pommel Strike","Warcry+1"],"picked":"Power Through+1","floor":30.0},{"not_picked":["Immolate","Feed"],"picked":"Impervious+1","floor":33.0},{"not_picked":["Body Slam","Havoc+1"],"picked":"Burning Pact+1","floor":35},{"not_picked":["Corruption","Armaments+1","Blood for Blood"],"picked":"SKIP","floor":39},{"not_picked":["Anger+1","Pommel Strike"],"picked":"Sentinel+1","floor":41},{"not_picked":["Sever Soul+1","Metallicize+1","Disarm+1"],"picked":"SKIP","floor":42},{"not_picked":["Sever Soul+1","Infernal Blade+1"],"picked":"Warcry+1","floor":46},{"not_picked":["Twin Strike","Blood for Blood","Clash"],"picked":"SKIP","floor":47},{"not_picked":["Thunderclap","Flex+1"],"picked":"Exhume+1","floor":48}],"player_experience":1112715,"relics_obtained":[{"floor":7.0,"key":"Ancient Tea Set"},{"floor":9.0,"key":"Pen Nib"},{"floor":10.0,"key":"Blood Vial"},{"floor":26.0,"key":"Tiny Chest"},{"floor":27.0,"key":"Matryoshka"},{"floor":30.0,"key":"InkBottle"},{"floor":41,"key":"Boot"},{"floor":43,"key":"Regal Pillow"},{"floor":43,"key":"PreservedInsect"},{"floor":47,"key":"Bag of Marbles"}],"event_choices":[{"damage_healed":0.0,"max_hp_gain":0.0,"max_hp_loss":8.0,"gold_gain":0.0,"event_name":"Golden Idol","player_choice":"Lose Max HP","floor":3.0,"gold_loss":0.0,"damage_taken":0.0,"relics_obtained":["Golden Idol"]},{"damage_healed":18.0,"max_hp_gain":0.0,"max_hp_loss":0.0,"gold_gain":0.0,"event_name":"The Cleric","player_choice":"Healed","floor":13.0,"gold_loss":35.0,"damage_taken":0.0},{"damage_healed":0.0,"max_hp_gain":0.0,"max_hp_loss":0.0,"gold_gain":0.0,"event_name":"Addict","player_choice":"Obtained Relic","floor":19.0,"gold_loss":85.0,"damage_taken":0.0,"relics_obtained":["Toxic Egg 2"]},{"damage_healed":0.0,"max_hp_gain":0.0,"max_hp_loss":0.0,"gold_gain":0.0,"event_name":"Vampires","player_choice":"Became a vampire (Vial)","floor":22.0,"relics_lost":["Blood Vial"],"gold_loss":0.0,"damage_taken":0.0,"cards_obtained":["Bite","Bite","Bite","Bite","Bite"]},{"damage_healed":0.0,"max_hp_gain":0.0,"max_hp_loss":0.0,"gold_gain":0.0,"event_name":"Ghosts","player_choice":"Ignored","floor":24.0,"gold_loss":0.0,"damage_taken":0.0},{"damage_healed":0,"gold_gain":0,"player_choice":"Ignored","damage_taken":0,"max_hp_gain":0,"max_hp_loss":0,"event_name":"Tomb of Lord Red Mask","floor":36,"gold_loss":0},{"damage_healed":0,"gold_gain":0,"player_choice":"Bought 1 Potion","damage_taken":0,"max_hp_gain":0,"max_hp_loss":0,"event_name":"The Woman in Blue","floor":37,"gold_loss":0},{"damage_healed":0,"gold_gain":0,"player_choice":"Cursed","damage_taken":0,"max_hp_gain":0,"max_hp_loss":0,"event_name":"Wheel of Change","floor":44,"gold_loss":0,"cards_obtained":["Decay"]}],"is_beta":true,"boss_relics":[{"not_picked":["Philosopher\u0027s Stone","Astrolabe"],"picked":"Runic Pyramid"},{"not_picked":["SacredBark","Sozu"],"picked":"Fusion Hammer"}],"items_purged_floors":[],"is_endless":false,"potions_floor_spawned":[4,5,7,11,16,20,25,30,35,41,46],"ascension_level":20}