{"gold_per_floor":[113,288,305,325,250,250,7,7,7,33,59,59,87,104,104,206,206,222,222,132,132,82,82,94,44,98,131,149,177,193,211,211,307,307,327,427,338,388,388,388,421,421,474,494,523,540,201,201],"floor_reached":48,"playtime":13689,"items_purged":["Doubt","Defend_G","Defend_G","Defend_G","Defend_G","Defend_G"],"score":824,"play_id":"3cb95080-3b4a-40ed-9f90-4093f6033435","local_time":"20180922133941","is_ascension_mode":true,"campfire_choices":[{"floor":12,"key":"REST"},{"floor":15,"key":"REST"},{"data":"Footwork","floor":23,"key":"SMITH"},{"data":"Burst","floor":32,"key":"SMITH"},{"data":"Footwork","floor":40,"key":"SMITH"},{"floor":42,"key":"REST"}],"neow_cost":"NONE","seed_source_timestamp":780008168859258,"circlet_count":0,"master_deck":["Survivor","Neutralize","Poisoned Stab","Cloak And Dagger","Dagger Throw","Dash","Caltrops","Dash","Backflip+1","Bite","Bite","Bite","Bite","Bite","Footwork+1","Predator","Escape Plan+1","Predator+1","Bouncing Flask+1","Glass Knife+1","Cloak And Dagger+1","Dagger Spray+1","Footwork+1","Bane+1","Skewer+1","Acrobatics+1","Backstab+1","Wraith Form v2"],"relics":["Ring of the Snake","Membership Card","Oddly Smooth Stone","Letter Opener","Regal Pillow","Smiling Mask","Boot","Snecko Eye","Juzu Bracelet","Toxic Egg 2","Molten Egg 2","Sozu","Ice Cream","Mango","Omamori","Snake Skull","Happy Flower","HandDrill"],"potions_floor_usage":[11,16,27,28,28,33],"damage_taken":[{"damage":0,"enemies":"2 Louse","floor":1,"turns":4},{"damage":6,"enemies":"Small Slimes","floor":3,"turns":4},{"damage":1,"enemies":"Jaw Worm","floor":4,"turns":4},{"damage":23,"enemies":"Gremlin Nob","floor":11,"turns":5},{"damage":37,"enemies":"Lagavulin","floor":13,"turns":11},{"damage":1,"enemies":"Blue Slaver","floor":14,"turns":4},{"damage":53,"enemies":"Slime Boss","floor":16,"turns":15},{"damage":21,"enemies":"Spheric Guardian","floor":18,"turns":6},{"damage":1,"enemies":"3 Byrds","floor":24,"turns":4},{"damage":10,"enemies":"Book of Stabbing","floor":27,"turns":5},{"damage":7,"enemies":"Shelled Parasite and Fungi","floor":28,"turns":6},{"damage":8,"enemies":"Slavers","floor":29,"turns":5},{"damage":0,"enemies":"Centurion and Healer","floor":30,"turns":5},{"damage":0,"enemies":"3 Cultists","floor":31,"turns":4},{"damage":7,"enemies":"Champ","floor":33,"turns":11},{"damage":0,"enemies":"3 Shapes","floor":35,"turns":4},{"damage":6,"enemies":"Mysterious Sphere","floor":38,"turns":4},{"damage":52,"enemies":"2 Orb Walkers","floor":41,"turns":6},{"damage":12,"enemies":"3 Darklings","floor":44,"turns":4},{"damage":50,"enemies":"Nemesis","floor":45,"turns":7},{"damage":4,"enemies":"Sphere and 2 Shapes","floor":46,"turns":4},{"damage":19,"enemies":"2 Orb Walkers","floor":48,"turns":2}],"seed_played":"7546784302599228735","potions_obtained":[{"floor":4,"key":"SteroidPotion"},{"floor":13,"key":"Block Potion"},{"floor":16,"key":"Explosive Potion"},{"floor":18,"key":"AttackPotion"},{"floor":27,"key":"Explosive Potion"},{"floor":29,"key":"GhostInAJar"}],"is_trial":false,"path_per_floor":["M","?","M","M","$","?","$","?","T","T","E","R","E","M","R","B",null,"M","?","$","?","$","R","M","$","T","E","M","E","M","M","R","B",null,"M","?","$","?","?","R","E","R","T","M","E","M","$"],"character_chosen":"THE_SILENT","items_purchased":["Membership Card","Dash","Footwork","Cloak And Dagger+1","Dagger Spray+1","Backstab+1","Happy Flower","Wraith Form v2","HandDrill"],"campfire_rested":3,"item_purchase_floors":[7,7,20,37,37,47,47,47,47],"current_hp_per_floor":[63,63,57,56,56,61,61,58,58,58,35,72,35,34,71,18,61,40,40,40,40,40,40,47,47,47,43,52,50,52,52,52,52,52,52,52,52,52,52,52,22,56,56,50,10,14,14,0],"gold":201,"neow_bonus":"THREE_CARDS","is_prod":false,"is_daily":false,"chose_seed":false,"campfire_upgraded":3,"win_rate":0,"timestamp":1537641581,"path_taken":["M","?","M","M","$","?","$","?","T","?","E","R","E","?","R","BOSS","M","?","$","?","$","R","?","$","T","E","M","E","M","M","R","BOSS","M","?","$","?","?","R","E","R","T","M","E","M","$","E"],"build_version":"2018-09-20","purchased_purges":6,"victory":false,"max_hp_per_floor":[70,70,70,70,70,75,75,75,75,75,75,75,75,75,75,75,75,75,52,52,52,52,52,52,52,52,52,52,52,52,52,52,52,52,52,52,52,52,52,52,66,66,66,66,66,66,66,66],"card_choices":[{"not_picked":["Underhanded Strike","Prepared"],"picked":"Poisoned Stab","floor":0},{"not_picked":["Tactician","Deadly Poison"],"picked":"Cloak And Dagger","floor":1},{"not_picked":["Prepared","Acrobatics"],"picked":"Dagger Throw","floor":3},{"not_picked":["Heel Hook","PiercingWail","Predator"],"picked":"SKIP","floor":4},{"not_picked":["Bullet Time","Deadly Poison","Bane"],"picked":"SKIP","floor":11},{"not_picked":["Accuracy","Cloak And Dagger"],"picked":"Caltrops","floor":13},{"not_picked":["Flying Knee","Prepared"],"picked":"Dash","floor":14},{"not_picked":["Grand Finale","Glass Knife"],"picked":"Burst","floor":16},{"not_picked":["Crippling Poison","Underhanded Strike+1"],"picked":"Backflip+1","floor":18},{"not_picked":["Dagger Throw","Cloak And Dagger+1"],"picked":"Predator","floor":24},{"not_picked":["Bane","Distraction","Flying Knee"],"picked":"SKIP","floor":27},{"not_picked":["Prepared+1","Outmaneuver+1"],"picked":"Escape Plan+1","floor":28},{"not_picked":["Riddle With Holes","Poisoned Stab+1"],"picked":"Predator","floor":29},{"not_picked":["Sucker Punch+1","Deflect+1"],"picked":"Bouncing Flask+1","floor":30},{"not_picked":["Dodge and Roll+1","Poisoned Stab+1","Infinite Blades"],"picked":"SKIP","floor":31},{"not_picked":["Grand Finale+1","Storm of Steel+1"],"picked":"Glass Knife+1","floor":33},{"not_picked":["Infinite Blades","Underhanded Strike+1","Prepared+1"],"picked":"SKIP","floor":35},{"not_picked":["Dagger Spray+1","Slice+1"],"picked":"Footwork","floor":38},{"not_picked":["Concentrate+1","Poisoned Stab+1"],"picked":"Bane+1","floor":41},{"not_picked":["Adrenaline+1","Cloak And Dagger+1"],"picked":"Skewer+1","floor":44},{"not_picked":["Endless Agony+1","Deflect+1"],"picked":"Acrobatics+1","floor":45},{"not_picked":["Dagger Throw+1","Underhanded Strike+1","Backflip+1"],"picked":"SKIP","floor":46}],"player_experience":602658,"relics_obtained":[{"floor":9,"key":"Letter Opener"},{"floor":10,"key":"Regal Pillow"},{"floor":11,"key":"Smiling Mask"},{"floor":13,"key":"Boot"},{"floor":26,"key":"Juzu Bracelet"},{"floor":27,"key":"Toxic Egg 2"},{"floor":29,"key":"Molten Egg 2"},{"floor":38,"key":"Ice Cream"},{"floor":41,"key":"Mango"},{"floor":43,"key":"Omamori"},{"floor":45,"key":"Snake Skull"}],"event_choices":[{"event_name":"Liars Game","player_choice":"agreed","floor":2,"damage_taken":0},{"event_name":"Big Fish","player_choice":"Donut","floor":6,"damage_taken":0},{"event_name":"Scrap Ooze","player_choice":"success","floor":8,"damage_taken":3},{"event_name":"Vampires","player_choice":"Became a vampire","floor":19,"damage_taken":0},{"event_name":"Ghosts","player_choice":"Ignored","floor":21,"damage_taken":0},{"event_name":"Golden Shrine","player_choice":"Pray","floor":36,"damage_taken":0},{"event_name":"Mysterious Sphere","player_choice":"Fight","floor":38,"damage_taken":0},{"event_name":"Falling","player_choice":"Removed Skill","floor":39,"damage_taken":0}],"is_beta":false,"boss_relics":[{"not_picked":["HoveringKite","Calling Bell"],"picked":"Snecko Eye"},{"not_picked":["Empty Cage","Tiny House"],"picked":"Sozu"}],"items_purged_floors":[5,20,22,25,37,47],"is_endless":false,"potions_floor_spawned":[4,13,16,18,27,29,35,45],"killed_by":"2 Orb Walkers","ascension_level":9}