{"gold_per_floor":[114,128,28,28,28,28,28,57,57,91,91,91,104,136,136,214,214,231,246,246,121,121,121,121,46,46,58,71,71,71],"floor_reached":30,"playtime":655,"items_purged":["Strike_R","Strike_R"],"score":718,"play_id":"bf7e1faf-d4d9-44e7-ab18-aff077a7c577","local_time":"20190906183406","is_ascension_mode":true,"campfire_choices":[{"data":"Bash","floor":6.0,"key":"SMITH"},{"data":"Uppercut","floor":11.0,"key":"SMITH"},{"data":"Shrug It Off","floor":15.0,"key":"SMITH"},{"data":"Immolate","floor":24.0,"key":"SMITH"},{"data":"Inflame","floor":29.0,"key":"SMITH"}],"neow_cost":"NONE","seed_source_timestamp":22920933289507,"circlet_count":0,"master_deck":["Strike_R","Strike_R","Defend_R+1","Defend_R+1","Bash+1","AscMod:ascendersbane","Clothesline","Uppercut+1","Shrug It Off+1","Immolate+1","True Grit+1","Inflame+1"],"special_seed":0,"relics":["Burning Blood","NeowsBlessing","Bloody Idol","War Paint","Thread and Needle","Oddly Smooth Stone","Cursed Key","Nloth\u0027s Gift"],"potions_floor_usage":[30],"damage_taken":[{"damage":0.0,"enemies":"Jaw Worm","floor":1.0,"turns":1.0},{"damage":0.0,"enemies":"2 Louse","floor":2.0,"turns":1.0},{"damage":0.0,"enemies":"3 Sentries","floor":8.0,"turns":2.0},{"damage":22.0,"enemies":"Lagavulin","floor":10.0,"turns":7.0},{"damage":0.0,"enemies":"Small Slimes","floor":13.0,"turns":3.0},{"damage":12.0,"enemies":"Gremlin Nob","floor":14.0,"turns":4.0},{"damage":0.0,"enemies":"The Guardian","floor":16.0,"turns":16.0},{"damage":15.0,"enemies":"2 Thieves","floor":18.0,"turns":4.0},{"damage":0.0,"enemies":"Spheric Guardian","floor":19.0,"turns":6.0},{"damage":0.0,"enemies":"Centurion and Healer","floor":27.0,"turns":7.0},{"damage":0.0,"enemies":"Snake Plant","floor":28.0,"turns":3.0},{"damage":53,"enemies":"Slavers","floor":30,"turns":4}],"seed_played":"-3686112216457307968","potions_obtained":[{"floor":8.0,"key":"Explosive Potion"},{"floor":10.0,"key":"EssenceOfSteel"},{"floor":16.0,"key":"Dexterity Potion"},{"floor":18.0,"key":"BloodPotion"},{"floor":28.0,"key":"BloodPotion"}],"is_trial":false,"path_per_floor":["M","M","$","?","?","R","?","E","T","E","R","$","M","E","R","B",null,"M","M","?","$","?","?","R","?","T","M","M","R","E"],"character_chosen":"IRONCLAD","items_purchased":[],"campfire_rested":0,"item_purchase_floors":[],"current_hp_per_floor":[73,75,75,49,49,49,42,47,47,30,30,30,35,28,28,33,36,26,38,38,38,38,38,38,38,38,38,38,38,0],"gold":71,"neow_bonus":"THREE_ENEMY_KILL","is_prod":false,"is_daily":false,"chose_seed":false,"campfire_upgraded":5,"win_rate":0,"timestamp":1567769646,"path_taken":["M","M","$","?","?","R","?","E","T","E","R","?","M","E","R","BOSS","M","M","?","?","?","?","R","?","T","M","?","R","E"],"build_version":"2019-07-17","purchased_purges":2,"victory":false,"max_hp_per_floor":[75,75,75,75,75,75,75,75,75,75,75,75,75,75,75,75,38,38,38,38,38,38,38,38,38,38,38,38,38,38],"card_choices":[{"not_picked":["Anger","Pommel Strike","Twin Strike"],"picked":"SKIP","floor":1.0},{"not_picked":["Burning Pact","Havoc"],"picked":"Clothesline","floor":2.0},{"not_picked":["Perfected Strike","Body Slam","Fire Breathing"],"picked":"SKIP","floor":8.0},{"not_picked":["Combust","Iron Wave"],"picked":"Uppercut","floor":10.0},{"not_picked":["True Grit","Armaments"],"picked":"Shrug It Off","floor":13.0},{"not_picked":["Clothesline","Sword Boomerang","Hemokinesis"],"picked":"SKIP","floor":14.0},{"not_picked":["Dark Embrace","Exhume"],"picked":"Immolate","floor":16.0},{"not_picked":["Evolve","Body Slam","Sever Soul"],"picked":"SKIP","floor":18.0},{"not_picked":["Combust","Entrench","Clash"],"picked":"SKIP","floor":19.0},{"not_picked":["Clothesline","Headbutt"],"picked":"True Grit+1","floor":27.0},{"not_picked":["Evolve+1","Shrug It Off"],"picked":"Inflame","floor":28.0}],"player_experience":1145069,"relics_obtained":[{"floor":8.0,"key":"War Paint"},{"floor":9.0,"key":"Thread and Needle"},{"floor":10.0,"key":"Boot"},{"floor":14.0,"key":"Oddly Smooth Stone"}],"event_choices":[{"damage_healed":0.0,"max_hp_gain":0.0,"max_hp_loss":0.0,"gold_gain":0.0,"event_name":"Golden Idol","player_choice":"Take Damage","floor":4.0,"gold_loss":0.0,"damage_taken":26.0,"relics_obtained":["Golden Idol"]},{"cards_removed":["Strike_R"],"damage_healed":0.0,"max_hp_gain":0.0,"max_hp_loss":0.0,"gold_gain":0.0,"event_name":"Living Wall","player_choice":"Forget","floor":5.0,"gold_loss":0.0,"damage_taken":0.0},{"cards_removed":["Defend_R"],"damage_healed":0.0,"max_hp_gain":0.0,"max_hp_loss":0.0,"gold_gain":0.0,"event_name":"Golden Wing","player_choice":"Card Removal","floor":7.0,"gold_loss":0.0,"damage_taken":7.0},{"damage_healed":0.0,"max_hp_gain":0.0,"max_hp_loss":0.0,"gold_gain":0.0,"event_name":"N\u0027loth","player_choice":"Traded Relic","floor":20.0,"relics_lost":["Boot"],"gold_loss":0.0,"damage_taken":0.0,"relics_obtained":["Nloth\u0027s Gift"]},{"damage_healed":0.0,"max_hp_gain":0.0,"max_hp_loss":0.0,"gold_gain":0.0,"event_name":"The Mausoleum","player_choice":"Ignored","floor":22.0,"gold_loss":0.0,"damage_taken":0.0},{"damage_healed":0.0,"max_hp_gain":0.0,"max_hp_loss":0.0,"gold_gain":0.0,"event_name":"Forgotten Altar","player_choice":"Gave Idol","floor":23.0,"relics_lost":["Golden Idol"],"gold_loss":0.0,"damage_taken":0.0,"relics_obtained":["Bloody Idol"]},{"cards_removed":["Defend_R"],"damage_healed":0.0,"max_hp_gain":0.0,"max_hp_loss":0.0,"gold_gain":0.0,"event_name":"Beggar","player_choice":"Gave Gold","floor":25.0,"gold_loss":75.0,"damage_taken":0.0}],"is_beta":false,"boss_relics":[{"not_picked":["Scatterbrain"],"picked":"BlightedDurian"},{"not_picked":["Scatterbrain"],"picked":"BlightedDurian"},{"not_picked":["Calling Bell","Lizard Tail"],"picked":"Cursed Key"}],"items_purged_floors":[3,21],"is_endless":false,"potions_floor_spawned":[8,10,16,18,28],"killed_by":"Slavers","ascension_level":25}