{"gold_per_floor":[368,79,79,93,103,103,134,134,215,215,265,299,299,313,313,389,389,399,399,399,417,91,91,123,123,123,123,135,164,182,217,217,217],"floor_reached":33,"playtime":1432,"items_purged":["Strike_R","Strike_R"],"score":722,"play_id":"02141e88-11ca-4104-8d5e-f04fef430a6e","local_time":"20190929132856","is_ascension_mode":true,"campfire_choices":[{"data":"Inflame","floor":6,"key":"SMITH"},{"data":"Carnage","floor":10,"key":"SMITH"},{"data":"Flame Barrier","floor":13,"key":"SMITH"},{"data":"Bash","floor":15,"key":"SMITH"},{"data":"Apotheosis","floor":23,"key":"SMITH"},{"data":"Ghostly","floor":27,"key":"SMITH"},{"data":"Ghostly","floor":32,"key":"SMITH"}],"neow_cost":"TEN_PERCENT_HP_LOSS","seed_source_timestamp":66526276455100,"circlet_count":0,"master_deck":["AscendersBane","Strike_R","Strike_R","Defend_R","Defend_R","Defend_R","Defend_R","Bash+1","Shrug It Off","Inflame+1","Carnage+1","Flame Barrier+1","Twin Strike","Feel No Pain","Immolate","Thunderclap","Shrug It Off","Apotheosis+1","Ghostly+1","Ghostly+1","Ghostly","Warcry+1","Corruption"],"relics":["Burning Blood","Red Skull","PreservedInsect","Blood Vial","Omamori","Coffee Dripper","Nilry\u0027s Codex","Dodecahedron","Blue Candle","Lantern","Orichalcum"],"potions_floor_usage":[21],"damage_taken":[{"damage":8,"enemies":"Small Slimes","floor":1,"turns":3},{"damage":4,"enemies":"Jaw Worm","floor":4,"turns":5},{"damage":7,"enemies":"2 Louse","floor":5,"turns":5},{"damage":27,"enemies":"Lagavulin","floor":7,"turns":6},{"damage":0,"enemies":"Gremlin Nob","floor":12,"turns":2},{"damage":4,"enemies":"Looter","floor":14,"turns":3},{"damage":33,"enemies":"The Guardian","floor":16,"turns":11},{"damage":0,"enemies":"3 Byrds","floor":18,"turns":2},{"damage":6,"enemies":"Spheric Guardian","floor":21,"turns":4},{"damage":11,"enemies":"Gremlin Leader","floor":24,"turns":4},{"damage":0,"enemies":"3 Cultists","floor":28,"turns":4},{"damage":0,"enemies":"Slavers","floor":29,"turns":4},{"damage":0,"enemies":"Cultist and Chosen","floor":30,"turns":7},{"damage":5,"enemies":"Book of Stabbing","floor":31,"turns":5},{"damage":58,"enemies":"Automaton","floor":33,"turns":12}],"seed_played":"736383094634930199","potions_obtained":[{"floor":7,"key":"SkillPotion"},{"floor":16,"key":"Explosive Potion"},{"floor":28,"key":"Fire Potion"}],"is_trial":false,"path_per_floor":["M","$","?","M","M","R","E","?","T","R","T","E","R","M","R","B",null,"M","?","?","M","$","R","E","?","T","R","M","E","M","E","R","B"],"character_chosen":"IRONCLAD","items_purchased":["Inflame","Red Skull","Shrug It Off","Apotheosis"],"campfire_rested":0,"item_purchase_floors":[2,2,22,22],"current_hp_per_floor":[66,66,66,68,67,67,46,39,39,39,39,47,47,51,51,26,58,66,45,45,47,47,47,44,34,34,34,34,34,34,34,34,0],"gold":217,"neow_bonus":"TWO_FIFTY_GOLD","is_prod":false,"is_daily":false,"chose_seed":false,"campfire_upgraded":7,"win_rate":0,"timestamp":1569778136,"path_taken":["M","$","?","M","M","R","E","?","T","R","?","E","R","M","R","BOSS","M","?","?","M","$","R","E","?","T","R","M","E","M","E","R","BOSS"],"build_version":"2019-07-17","purchased_purges":2,"victory":false,"max_hp_per_floor":[68,68,68,68,68,68,68,68,68,68,68,68,68,68,68,68,68,68,68,68,68,68,68,68,34,34,34,34,34,34,34,34,34],"card_choices":[{"not_picked":["Headbutt","Havoc"],"picked":"Shrug It Off","floor":1},{"not_picked":["Iron Wave","Armaments","Thunderclap"],"picked":"SKIP","floor":4},{"not_picked":["Intimidate","Thunderclap"],"picked":"Carnage","floor":5},{"not_picked":["Warcry","Reckless Charge"],"picked":"Flame Barrier","floor":7},{"not_picked":["Clothesline","Exhume"],"picked":"Twin Strike","floor":12},{"not_picked":["Clash","Body Slam"],"picked":"Feel No Pain","floor":14},{"not_picked":["Double Tap","Offering"],"picked":"Immolate","floor":16},{"not_picked":["Perfected Strike","Fire Breathing"],"picked":"Thunderclap","floor":18},{"not_picked":["Combust","Body Slam","Perfected Strike"],"picked":"SKIP","floor":21},{"not_picked":["Body Slam","Whirlwind","Armaments+1"],"picked":"SKIP","floor":24},{"not_picked":["Dropkick+1","Evolve","Perfected Strike"],"picked":"SKIP","floor":28},{"not_picked":["Armaments","Second Wind"],"picked":"Warcry+1","floor":29},{"not_picked":["Sword Boomerang","Thunderclap","Havoc"],"picked":"SKIP","floor":30},{"not_picked":["Havoc","Thunderclap"],"picked":"Corruption","floor":31}],"player_experience":1045310,"relics_obtained":[{"floor":7,"key":"PreservedInsect"},{"floor":11,"key":"Blood Vial"},{"floor":12,"key":"Omamori"},{"floor":19,"key":"Nilry\u0027s Codex"},{"floor":24,"key":"Dodecahedron"},{"floor":26,"key":"Blue Candle"},{"floor":29,"key":"Lantern"},{"floor":31,"key":"Orichalcum"}],"event_choices":[{"damage_healed":0,"gold_gain":0,"player_choice":"Ignored","damage_taken":0,"max_hp_gain":0,"max_hp_loss":0,"event_name":"Liars Game","floor":3,"gold_loss":0},{"cards_removed":["Strike_R"],"damage_healed":0,"gold_gain":0,"player_choice":"Card Removal","damage_taken":7,"max_hp_gain":0,"max_hp_loss":0,"event_name":"Golden Wing","floor":8,"gold_loss":0},{"damage_healed":0,"gold_gain":0,"player_choice":"Obtained Book","damage_taken":21,"max_hp_gain":0,"max_hp_loss":0,"event_name":"Cursed Tome","floor":19,"gold_loss":0},{"damage_healed":0,"gold_gain":0,"player_choice":"Smashed Altar","damage_taken":0,"max_hp_gain":0,"max_hp_loss":0,"event_name":"Forgotten Altar","floor":20,"gold_loss":0,"cards_obtained":["Decay"]},{"damage_healed":0,"gold_gain":0,"player_choice":"Became a Ghost","damage_taken":0,"max_hp_gain":0,"max_hp_loss":34,"event_name":"Ghosts","floor":25,"gold_loss":0,"cards_obtained":["Ghostly","Ghostly","Ghostly"]}],"is_beta":false,"boss_relics":[{"not_picked":["Fusion Hammer","Black Blood"],"picked":"Coffee Dripper"}],"items_purged_floors":[2,22],"is_endless":false,"potions_floor_spawned":[7,16,28,29],"killed_by":"Automaton","ascension_level":20}