{"gold_per_floor":[114,129,129,129,304,334,334,30,105,105,135,150,165,195,195,295,295,310,310,310,325,76,106,646,646,671,701,716,716,716,746,746,846,846,861,861,891,891,46,76,91,91,103,115,157,184,211,238,250,262],"floor_reached":50,"playtime":1130,"items_purged":[],"score":1123,"play_id":"7d2c1f30-3de0-4af6-8805-ef3678e37200","local_time":"20180914143439","daily_mods":["Heirloom","Cursed Run","Lethality"],"is_ascension_mode":false,"campfire_choices":[{"data":"Neutralize","floor":7.0,"key":"SMITH"},{"data":"Choke","floor":10.0,"key":"SMITH"},{"data":"Survivor","floor":15.0,"key":"SMITH"},{"data":"Discovery","floor":25.0,"key":"SMITH"},{"data":"Malaise","floor":30.0,"key":"SMITH"},{"data":"Cloak And Dagger","floor":32.0,"key":"SMITH"},{"data":"After Image","floor":49.0,"key":"SMITH"}],"neow_cost":"","seed_source_timestamp":0,"circlet_count":0,"master_deck":["Defend_G+1","Defend_G","Defend_G","Defend_G+1","Defend_G+1","Strike_G","Strike_G","Survivor+1","Neutralize+1","Choke+1","Sucker Punch","Endless Agony","Finisher","PiercingWail","Doubt","Dash+1","Sucker Punch+1","Bane+1","Accuracy","Injury","Malaise+1","PiercingWail","Cloak And Dagger+1","Dash+1","Discovery+1","Backstab+1","Backflip","Outmaneuver","Poisoned Stab+1","Shame","Dodge and Roll","Flying Knee+1","Clumsy","Heel Hook+1","Shame","After Image+1","Poisoned Stab+1","Escape Plan+1","Poisoned Stab+1","Master of Strategy+1","Concentrate+1","Caltrops","Backflip+1","Backflip+1","Shame","Clumsy","Dagger Spray+1","Slice+1","Malaise+1","Cloak And Dagger+1"],"special_seed":17788,"relics":["Cursed Key","Darkstone Periapt","Du-Vu Doll","Peace Pipe","Gambling Chip","Mercury Hourglass","Molten Egg 2","Bag of Marbles","Ninja Scroll","Black Star","Spirit Poop","Bronze Scales","Ancient Tea Set","Oddly Smooth Stone","Ornamental Fan","Mummified Hand","Singing Bowl","Toxic Egg 2","Matryoshka","Philosopher\u0027s Stone","Tiny Chest","War Paint","Lantern","Juzu Bracelet","Vajra","MawBank","The Courier","Art of War","Letter Opener","Dodecahedron","Frozen Egg 2"],"potions_floor_usage":[50,50,50],"damage_taken":[{"damage":0.0,"enemies":"Jaw Worm","floor":1.0,"turns":2.0},{"damage":3.0,"enemies":"Small Slimes","floor":2.0,"turns":3.0},{"damage":10.0,"enemies":"Lagavulin","floor":6.0,"turns":4.0},{"damage":0.0,"enemies":"Gremlin Nob","floor":11.0,"turns":2.0},{"damage":0.0,"enemies":"Cultist","floor":12.0,"turns":1.0},{"damage":0.0,"enemies":"Looter","floor":13.0,"turns":1.0},{"damage":0.0,"enemies":"Lagavulin","floor":14.0,"turns":2.0},{"damage":0.0,"enemies":"Slime Boss","floor":16.0,"turns":2.0},{"damage":0.0,"enemies":"Chosen","floor":18.0,"turns":1.0},{"damage":0.0,"enemies":"Shell Parasite","floor":21.0,"turns":1.0},{"damage":0.0,"enemies":"Book of Stabbing","floor":23.0,"turns":4.0},{"damage":0.0,"enemies":"Slavers","floor":27.0,"turns":2.0},{"damage":0.0,"enemies":"Chosen and Byrds","floor":28.0,"turns":2.0},{"damage":0.0,"enemies":"Book of Stabbing","floor":31.0,"turns":2.0},{"damage":0.0,"enemies":"Automaton","floor":33.0,"turns":1.0},{"damage":0.0,"enemies":"Orb Walker","floor":35.0,"turns":1.0},{"damage":0.0,"enemies":"2 Orb Walkers","floor":40.0,"turns":2.0},{"damage":0.0,"enemies":"3 Darklings","floor":41.0,"turns":1.0},{"damage":0.0,"enemies":"Nemesis","floor":45.0,"turns":1.0},{"damage":0.0,"enemies":"Sphere and 2 Shapes","floor":46.0,"turns":1.0},{"damage":0.0,"enemies":"Maw","floor":47.0,"turns":4.0},{"damage":0.0,"enemies":"Jaw Worm Horde","floor":48.0,"turns":1.0},{"damage":2,"enemies":"Awakened One","floor":50,"turns":4}],"seed_played":"-5206532275745488686","potions_obtained":[{"floor":2.0,"key":"SteroidPotion"},{"floor":6.0,"key":"Ancient Potion"},{"floor":13.0,"key":"Fire Potion"},{"floor":16.0,"key":"Regen Potion"},{"floor":18.0,"key":"SteroidPotion"},{"floor":23.0,"key":"Swift Potion"},{"floor":28.0,"key":"Block Potion"},{"floor":35.0,"key":"EssenceOfSteel"},{"floor":47.0,"key":"SkillPotion"}],"is_trial":false,"path_per_floor":["M","M","?","?","?","E","R","$","T","R","E","M","M","E","R","B",null,"M","?","?","M","$","E","?","R","T","E","M","T","R","E","R","B",null,"M","?","?","?","$","E","M","T","T","?","E","M","M","M","R"],"character_chosen":"THE_SILENT","items_purchased":["Mercury Hourglass","PiercingWail","Discovery","Backstab+1","Backflip","Outmaneuver","War Paint","Lantern","Escape Plan+1","Poisoned Stab+1","Master of Strategy+1","Concentrate+1","Caltrops","AttackPotion","Fire Potion"],"campfire_rested":0,"item_purchase_floors":[8,8,22,22,22,22,39,39,39,39,39,39,39,39,39],"current_hp_per_floor":[70,67,53,53,59,49,49,49,55,55,55,55,55,55,55,61,88,88,88,88,88,88,88,32,32,38,38,38,44,44,44,44,50,106,106,106,106,106,106,106,106,112,118,118,118,118,118,118,118,116],"gold":262,"neow_bonus":"","is_prod":false,"is_daily":true,"chose_seed":false,"campfire_upgraded":7,"win_rate":0,"timestamp":1536910479,"path_taken":["M","M","?","?","?","E","R","$","T","R","E","M","M","E","R","BOSS","M","?","?","M","?","E","?","R","T","E","M","?","R","E","R","BOSS","M","?","?","?","?","E","M","?","T","?","E","M","M","M","R","BOSS"],"build_version":"2018-09-12","purchased_purges":0,"victory":false,"max_hp_per_floor":[70,70,70,70,76,76,76,76,82,82,82,82,82,82,82,88,88,88,88,88,88,88,88,88,88,94,94,94,100,100,100,100,106,106,106,106,106,106,106,106,106,112,118,118,118,118,118,118,118,118],"card_choices":[{"not_picked":["PiercingWail","Flechettes"],"picked":"Choke","floor":1.0},{"not_picked":["Acrobatics","Choke"],"picked":"Sucker Punch","floor":2.0},{"not_picked":["Dash","Concentrate"],"picked":"Finisher","floor":6.0},{"not_picked":["Leg Sweep","Cloak And Dagger"],"picked":"Dash+1","floor":11.0},{"not_picked":["Reflex","Blade Dance"],"picked":"Sucker Punch+1","floor":12.0},{"not_picked":["Reflex","Poisoned Stab+1"],"picked":"Bane+1","floor":13.0},{"not_picked":["Deflect","Slice+1"],"picked":"Accuracy","floor":14.0},{"not_picked":["Unload+1","Bullet Time"],"picked":"Malaise","floor":16.0},{"not_picked":["Bane+1","Acrobatics"],"picked":"PiercingWail","floor":18.0},{"not_picked":["Accuracy","Dodge and Roll+1"],"picked":"Dash+1","floor":21.0},{"not_picked":["PiercingWail","Deadly Poison+1"],"picked":"Poisoned Stab+1","floor":23.0},{"not_picked":["Underhanded Strike+1","Eviscerate+1"],"picked":"Dodge and Roll","floor":27.0},{"not_picked":["Deadly Poison+1","Quick Slash+1"],"picked":"Flying Knee+1","floor":28.0},{"not_picked":["Blade Dance+1","Masterful Stab+1"],"picked":"Heel Hook+1","floor":31.0},{"not_picked":["Bullet Time+1","Venomology+1"],"picked":"After Image","floor":33.0},{"not_picked":["Deadly Poison+1","Blade Dance+1"],"picked":"Poisoned Stab+1","floor":35.0},{"not_picked":["Cloak And Dagger+1","PiercingWail+1"],"picked":"Backflip+1","floor":40.0},{"not_picked":["Dodge and Roll+1","Caltrops+1"],"picked":"Backflip+1","floor":41.0},{"not_picked":["Envenom","Flying Knee+1"],"picked":"Dagger Spray+1","floor":45.0},{"not_picked":["Outmaneuver+1","Noxious Fumes+1"],"picked":"Slice+1","floor":46.0},{"not_picked":["Heel Hook+1","Sucker Punch+1"],"picked":"Malaise+1","floor":47.0},{"not_picked":["Choke+1","Tactician+1"],"picked":"Cloak And Dagger+1","floor":48.0}],"player_experience":350557,"relics_obtained":[{"floor":6.0,"key":"Gambling Chip"},{"floor":9.0,"key":"Molten Egg 2"},{"floor":11.0,"key":"Bag of Marbles"},{"floor":14.0,"key":"Ninja Scroll"},{"floor":23.0,"key":"Bronze Scales"},{"floor":23.0,"key":"Ancient Tea Set"},{"floor":26.0,"key":"Oddly Smooth Stone"},{"floor":27.0,"key":"Ornamental Fan"},{"floor":27.0,"key":"Mummified Hand"},{"floor":29.0,"key":"Singing Bowl"},{"floor":31.0,"key":"Toxic Egg 2"},{"floor":31.0,"key":"Matryoshka"},{"floor":40.0,"key":"Juzu Bracelet"},{"floor":40.0,"key":"Vajra"},{"floor":42.0,"key":"MawBank"},{"floor":42.0,"key":"The Courier"},{"floor":43.0,"key":"Art of War"},{"floor":43.0,"key":"Letter Opener"},{"floor":45.0,"key":"Dodecahedron"},{"floor":45.0,"key":"Frozen Egg 2"}],"event_choices":[{"event_name":"Shining Light","player_choice":"Entered Light","floor":3.0,"damage_taken":0.0},{"event_name":"Transmorgrifier","player_choice":"Transform","floor":4.0,"damage_taken":0.0},{"event_name":"Liars Game","player_choice":"agreed","floor":5.0,"damage_taken":0.0},{"event_name":"Transmorgrifier","player_choice":"Transform","floor":19.0,"damage_taken":0.0},{"event_name":"Bonfire Elementals","player_choice":"CURSE","floor":20.0,"damage_taken":0.0},{"event_name":"Knowing Skull","player_choice":"GOLD GOLD GOLD GOLD GOLD GOLD ","floor":24.0,"damage_taken":0.0},{"event_name":"Falling","player_choice":"Removed Attack","floor":36.0,"damage_taken":0.0},{"event_name":"WeMeetAgain","player_choice":"Potion","floor":37.0,"damage_taken":0.0},{"event_name":"Tomb of Lord Red Mask","player_choice":"Ignored","floor":38.0,"damage_taken":0.0},{"event_name":"SecretPortal","player_choice":"Rejected Portal.","floor":44.0,"damage_taken":0.0}],"is_beta":true,"boss_relics":[{"not_picked":["Runic Dome","Tiny House"],"picked":"Black Star"},{"not_picked":["Velvet Choker","Lizard Tail"],"picked":"Philosopher\u0027s Stone"}],"items_purged_floors":[],"is_endless":false,"potions_floor_spawned":[2,6,13,16,18,23,28,31,35,41,47],"killed_by":"Awakened One","ascension_level":0}