{"gold_per_floor":[112,112,127,107,119,147,147,157,157,157,176,209,209,240,240,339,339,305,305,305],"floor_reached":20,"playtime":1668,"items_purged":[],"score":211,"play_id":"85b5780e-f754-492c-b9e9-a38b2b989f17","local_time":"20190908223327","is_ascension_mode":true,"campfire_choices":[{"data":"Self Repair","floor":7,"key":"SMITH"},{"data":"Loop","floor":10,"key":"SMITH"},{"data":"Fusion","floor":13,"key":"SMITH"},{"data":"Seek","floor":15,"key":"SMITH"}],"neow_cost":"NONE","seed_source_timestamp":24253331209600,"circlet_count":0,"master_deck":["Strike_B","Strike_B","Strike_B","Strike_B+1","Defend_B","Defend_B","Defend_B+1","Defend_B","Zap","Dualcast","Seek+1","Glacier","Loop+1","Melter","Self Repair+1","Capacitor","Loop","Fusion+1","Echo Form","Rainbow","Lockon"],"relics":["Cracked Core","Vajra","The Courier","Ice Cream","Dream Catcher","Inserter"],"potions_floor_usage":[6,12,16,16,16,16],"damage_taken":[{"damage":2,"enemies":"Jaw Worm","floor":1,"turns":3},{"damage":2,"enemies":"Small Slimes","floor":3,"turns":3},{"damage":1,"enemies":"Cultist","floor":5,"turns":4},{"damage":16,"enemies":"Gremlin Nob","floor":6,"turns":4},{"damage":6,"enemies":"2 Fungi Beasts","floor":8,"turns":4},{"damage":0,"enemies":"Looter","floor":11,"turns":3},{"damage":10,"enemies":"3 Sentries","floor":12,"turns":10},{"damage":14,"enemies":"Gremlin Nob","floor":14,"turns":4},{"damage":37,"enemies":"Slime Boss","floor":16,"turns":16},{"damage":50,"enemies":"2 Thieves","floor":18,"turns":5},{"damage":22,"enemies":"3 Byrds","floor":20,"turns":2}],"seed_played":"-4025999402196054044","potions_obtained":[{"floor":4,"key":"SneckoOil"},{"floor":5,"key":"SpeedPotion"},{"floor":8,"key":"SpeedPotion"},{"floor":11,"key":"EntropicBrew"},{"floor":14,"key":"Energy Potion"}],"is_trial":false,"path_per_floor":["M","?","M","?","M","E","R","M","T","R","M","E","R","E","R","B",null,"M","?","M"],"character_chosen":"DEFECT","items_purchased":[],"campfire_rested":0,"item_purchase_floors":[],"current_hp_per_floor":[73,58,56,56,55,39,39,43,43,43,53,53,53,49,49,22,75,35,21,0],"gold":305,"neow_bonus":"ONE_RANDOM_RARE_CARD","is_prod":false,"is_daily":false,"chose_seed":false,"campfire_upgraded":4,"win_rate":0,"timestamp":1568000007,"path_taken":["M","?","M","?","M","E","R","?","T","R","M","E","R","E","R","BOSS","M","?","M"],"build_version":"2019-07-17","purchased_purges":0,"victory":false,"max_hp_per_floor":[75,75,75,75,75,75,75,75,75,75,75,75,75,75,75,75,75,75,80,80],"card_choices":[{"not_picked":["Coolheaded","Steam"],"picked":"Glacier","floor":1},{"not_picked":["Barrage","Storm"],"picked":"Loop","floor":3},{"not_picked":["Scrape","Static Discharge"],"picked":"Melter","floor":5},{"not_picked":["Auto Shields","Thunder Strike"],"picked":"Self Repair","floor":6},{"not_picked":["Hello World","Double Energy"],"picked":"Capacitor","floor":8},{"not_picked":["Turbo","Streamline"],"picked":"Loop","floor":11},{"not_picked":["Barrage","Gash"],"picked":"Fusion","floor":12},{"not_picked":["Go for the Eyes","Streamline"],"picked":"Echo Form","floor":14},{"not_picked":["Buffer","All For One"],"picked":"Rainbow","floor":16},{"not_picked":["Rebound","Blizzard"],"picked":"Lockon","floor":18}],"player_experience":199695,"relics_obtained":[{"floor":6,"key":"Vajra"},{"floor":9,"key":"The Courier"},{"floor":12,"key":"Ice Cream"},{"floor":14,"key":"Dream Catcher"}],"event_choices":[{"damage_healed":0,"gold_gain":0,"player_choice":"Entered Light","damage_taken":15,"max_hp_gain":0,"max_hp_loss":0,"event_name":"Shining Light","floor":2,"gold_loss":0,"cards_upgraded":["Strike_B","Defend_B"]},{"damage_healed":0,"gold_gain":0,"player_choice":"Bought 1 Potion","damage_taken":0,"max_hp_gain":0,"max_hp_loss":0,"event_name":"The Woman in Blue","floor":4,"gold_loss":0},{"damage_healed":0,"gold_gain":0,"player_choice":"Shed Blood","damage_taken":19,"max_hp_gain":5,"max_hp_loss":0,"event_name":"Forgotten Altar","floor":19,"gold_loss":0}],"is_beta":false,"boss_relics":[{"not_picked":["Pandora\u0027s Box","Velvet Choker"],"picked":"Inserter"}],"items_purged_floors":[],"is_endless":false,"potions_floor_spawned":[5,8,11,14],"killed_by":"3 Byrds","ascension_level":2}