{"gold_per_floor":[109,29,29,29,41,76,76,96,120,135,135,173,208,221,221,346,346,370,370,370,386,386,386,409,409,409,409],"floor_reached":27,"playtime":725,"items_purged":[],"score":295,"play_id":"98a4e6cb-2f4c-4146-a2da-0ba85972e1a0","local_time":"20190826173319","is_ascension_mode":true,"campfire_choices":[{"data":"Redo","floor":7,"key":"SMITH"},{"data":"Loop","floor":15,"key":"SMITH"},{"data":"Conserve Battery","floor":23,"key":"SMITH"},{"data":"Loop","floor":25,"key":"SMITH"}],"neow_cost":"NONE","seed_source_timestamp":20244370709700,"circlet_count":0,"master_deck":["Strike_B","Strike_B","Strike_B","Strike_B","Defend_B","Defend_B","Defend_B","Defend_B","Zap","Dualcast","Loop+1","Redo+1","Loop+1","Cold Snap","Injury","Ball Lightning","Coolheaded","Rainbow","Conserve Battery+1","Writhe","Cold Snap","Cold Snap"],"relics":["Cracked Core","NeowsBlessing","Blood Vial","Bronze Scales","PreservedInsect","Golden Idol","Bird Faced Urn","Odd Mushroom","Cursed Key","Prayer Wheel"],"potions_floor_usage":[12,13,27,27],"damage_taken":[{"damage":0,"enemies":"Small Slimes","floor":1,"turns":1},{"damage":0,"enemies":"2 Louse","floor":5,"turns":1},{"damage":0,"enemies":"3 Sentries","floor":6,"turns":1},{"damage":1,"enemies":"Cultist","floor":8,"turns":3},{"damage":17,"enemies":"Looter","floor":10,"turns":3},{"damage":16,"enemies":"Gremlin Nob","floor":12,"turns":3},{"damage":11,"enemies":"The Mushroom Lair","floor":13,"turns":4},{"damage":11,"enemies":"3 Louse","floor":14,"turns":2},{"damage":22,"enemies":"Slime Boss","floor":16,"turns":11},{"damage":2,"enemies":"Chosen","floor":18,"turns":4},{"damage":17,"enemies":"3 Byrds","floor":21,"turns":3},{"damage":31,"enemies":"Snake Plant","floor":24,"turns":3},{"damage":45,"enemies":"Gremlin Leader","floor":27,"turns":5}],"seed_played":"-493770072386764072","potions_obtained":[{"floor":8,"key":"Block Potion"},{"floor":10,"key":"Poison Potion"},{"floor":16,"key":"Weak Potion"},{"floor":21,"key":"LiquidBronze"}],"is_trial":false,"path_per_floor":["M","$","?","?","M","E","R","M","T","M","?","E","?","M","R","B",null,"M","?","T","M","?","R","M","R","T","E"],"character_chosen":"DEFECT","items_purchased":["Loop"],"campfire_rested":0,"item_purchase_floors":[2],"current_hp_per_floor":[75,75,80,80,80,80,80,79,79,63,63,49,44,35,35,19,80,80,80,80,63,63,63,36,36,36,0],"gold":409,"neow_bonus":"THREE_ENEMY_KILL","is_prod":false,"is_daily":false,"chose_seed":false,"campfire_upgraded":4,"win_rate":0,"timestamp":1566833599,"path_taken":["M","$","?","?","M","E","R","M","T","?","?","E","?","M","R","BOSS","M","?","?","?","?","R","M","R","T","E"],"build_version":"2019-07-17","purchased_purges":0,"victory":false,"max_hp_per_floor":[75,75,80,80,80,80,80,80,80,80,80,80,80,80,80,80,80,80,80,80,80,80,80,80,80,80,80],"card_choices":[{"not_picked":["Steam","Hologram"],"picked":"Defragment","floor":1},{"not_picked":["Stack","Steam"],"picked":"Redo","floor":5},{"not_picked":["Turbo","Leap"],"picked":"Loop","floor":6},{"not_picked":["Streamline","Scrape"],"picked":"Cold Snap","floor":8},{"not_picked":["Lockon","Stack","Genetic Algorithm"],"picked":"SKIP","floor":10},{"not_picked":["Hyperbeam","Fission","Redo"],"picked":"SKIP","floor":12},{"not_picked":["Double Energy","Turbo"],"picked":"Ball Lightning","floor":13},{"not_picked":["Stack","Undo"],"picked":"Coolheaded","floor":14},{"not_picked":["Multi-Cast","Hyperbeam"],"picked":"Rainbow","floor":16},{"not_picked":["Ball Lightning","Go for the Eyes"],"picked":"Conserve Battery","floor":18},{"not_picked":["Coolheaded","Rebound","Skim"],"picked":"SKIP","floor":21},{"not_picked":["Compile Driver+1","Steam"],"picked":"Cold Snap","floor":24},{"not_picked":["Aggregate","Static Discharge"],"picked":"Cold Snap","floor":24}],"player_experience":343095,"relics_obtained":[{"floor":6,"key":"Bronze Scales"},{"floor":9,"key":"PreservedInsect"},{"floor":12,"key":"Bird Faced Urn"},{"floor":13,"key":"Odd Mushroom"}],"event_choices":[{"damage_healed":0,"gold_gain":0,"player_choice":"Donut","damage_taken":0,"max_hp_gain":5,"max_hp_loss":0,"event_name":"Big Fish","floor":3,"gold_loss":0},{"cards_removed":["Defragment"],"damage_healed":0,"gold_gain":0,"player_choice":"Gave Card","damage_taken":0,"relics_obtained":["Blood Vial"],"max_hp_gain":0,"max_hp_loss":0,"event_name":"WeMeetAgain","floor":4,"gold_loss":0},{"damage_healed":0,"gold_gain":0,"player_choice":"Take Wound","damage_taken":0,"relics_obtained":["Golden Idol"],"max_hp_gain":0,"max_hp_loss":0,"event_name":"Golden Idol","floor":11,"gold_loss":0,"cards_obtained":["Injury"]},{"damage_healed":0,"gold_gain":0,"player_choice":"Fought Mushrooms","damage_taken":0,"max_hp_gain":0,"max_hp_loss":0,"event_name":"Mushrooms","floor":13,"gold_loss":0},{"damage_healed":0,"gold_gain":0,"player_choice":"Ignored","damage_taken":0,"max_hp_gain":0,"max_hp_loss":0,"event_name":"Ghosts","floor":19,"gold_loss":0},{"damage_healed":0,"gold_gain":0,"player_choice":"Opened","damage_taken":0,"relics_obtained":["Prayer Wheel"],"max_hp_gain":0,"max_hp_loss":0,"event_name":"The Mausoleum","floor":22,"gold_loss":0,"cards_obtained":["Writhe"]}],"is_beta":false,"boss_relics":[{"not_picked":["Snecko Eye","Orrery"],"picked":"Cursed Key"}],"items_purged_floors":[],"is_endless":false,"potions_floor_spawned":[8,10,16,21],"killed_by":"Gremlin Leader","ascension_level":4}