{"gold_per_floor":[114,39,55,65,85,85,120,120,120,148,148,148,172,72,72,72],"floor_reached":16,"playtime":1252,"items_purged":["Strike_R","Strike_R"],"score":160,"play_id":"95880780-2297-4dca-8155-19fbcb47cc41","local_time":"20180923162646","is_ascension_mode":true,"campfire_choices":[{"data":"Bash","floor":6,"key":"SMITH"},{"data":"Double Tap","floor":8,"key":"SMITH"},{"floor":15,"key":"REST"}],"neow_cost":"NONE","seed_source_timestamp":888917537719313,"circlet_count":0,"master_deck":["Strike_R","Strike_R","Defend_R","Defend_R","Defend_R","Defend_R","Bash+1","Iron Wave","Double Tap+1","Pommel Strike","Flame Barrier"],"relics":["Burning Blood","Orichalcum","Juzu Bracelet","Ornamental Fan","Golden Idol"],"potions_floor_usage":[10,16],"damage_taken":[{"damage":1,"enemies":"Cultist","floor":1,"turns":3},{"damage":6,"enemies":"Jaw Worm","floor":3,"turns":5},{"damage":2,"enemies":"2 Louse","floor":4,"turns":3},{"damage":3,"enemies":"Blue Slaver","floor":5,"turns":8},{"damage":28,"enemies":"Gremlin Nob","floor":7,"turns":5},{"damage":43,"enemies":"Lagavulin","floor":10,"turns":11},{"damage":15,"enemies":"Large Slime","floor":13,"turns":10},{"damage":50,"enemies":"Slime Boss","floor":16,"turns":9}],"seed_played":"-309289159118498743","potions_obtained":[{"floor":7,"key":"Weak Potion"},{"floor":10,"key":"Poison Potion"}],"is_trial":false,"path_per_floor":["M","$","M","M","M","R","E","R","T","E","?","?","M","$","R"],"character_chosen":"IRONCLAD","items_purchased":[],"campfire_rested":1,"item_purchase_floors":[],"current_hp_per_floor":[85,85,85,88,88,88,66,66,66,29,29,29,20,20,44,0],"gold":72,"neow_bonus":"TEN_PERCENT_HP_BONUS","is_prod":false,"is_daily":false,"chose_seed":false,"campfire_upgraded":2,"win_rate":0,"timestamp":1537738006,"path_taken":["M","$","?","M","M","R","E","R","T","E","?","?","M","$","R","BOSS"],"build_version":"2018-09-20","purchased_purges":2,"victory":false,"max_hp_per_floor":[88,88,88,88,88,88,88,88,88,88,88,81,81,81,81,81],"card_choices":[{"not_picked":["Clothesline","Combust","Warcry"],"picked":"SKIP","floor":1},{"not_picked":["Sword Boomerang","Clash"],"picked":"Iron Wave","floor":3},{"not_picked":["Heavy Blade","Cleave","Twin Strike"],"picked":"SKIP","floor":4},{"not_picked":["Corruption","Cleave","Dual Wield"],"picked":"SKIP","floor":5},{"not_picked":["Hemokinesis","Headbutt"],"picked":"Double Tap","floor":7},{"not_picked":["Hemokinesis","Sword Boomerang"],"picked":"Pommel Strike","floor":10},{"not_picked":["Flex","Havoc"],"picked":"Flame Barrier","floor":13}],"player_experience":635718,"relics_obtained":[{"floor":7,"key":"Orichalcum"},{"floor":9,"key":"Juzu Bracelet"},{"floor":10,"key":"Ornamental Fan"}],"event_choices":[{"event_name":"Wheel of Change","player_choice":"Card Removal","floor":11,"damage_taken":0},{"event_name":"Golden Idol","player_choice":"Lose Max HP","floor":12,"damage_taken":0}],"is_beta":false,"boss_relics":[],"items_purged_floors":[2,14],"is_endless":false,"potions_floor_spawned":[7,10],"killed_by":"Slime Boss","ascension_level":9}