{"gold_per_floor":[118,38,51,51,51,81,6,21,77,77,102,114,138,169,181,193],"floor_reached":16,"playtime":178,"items_purged":["Strike_R"],"score":270,"play_id":"b89b2e80-1297-4e1c-8d3e-3d37cf63a4c0","local_time":"20190819204825","is_ascension_mode":true,"campfire_choices":[{"data":"Immolate","floor":12,"key":"SMITH"},{"data":"Bash","floor":15,"key":"SMITH"}],"neow_cost":"NONE","seed_source_timestamp":142345646053391,"circlet_count":0,"master_deck":["AscendersBane","Strike_R","Strike_R","Strike_R","Defend_R","Defend_R","Defend_R","Defend_R","Bash+1","Immolate+1","Spot Weakness","Battle Trance"],"special_seed":0,"relics":["Burning Blood","NeowsBlessing","Bag of Preparation","Tiny Chest","MawBank"],"potions_floor_usage":[16,16],"damage_taken":[{"damage":0.0,"enemies":"Jaw Worm","floor":1.0,"turns":1.0},{"damage":0.0,"enemies":"2 Louse","floor":3.0,"turns":1.0},{"damage":0,"enemies":"Lagavulin","floor":6,"turns":1},{"damage":0,"enemies":"Small Slimes","floor":8,"turns":2},{"damage":39,"enemies":"Gremlin Nob","floor":11,"turns":4},{"damage":13,"enemies":"Blue Slaver","floor":13,"turns":2},{"damage":14,"enemies":"Red Slaver","floor":14,"turns":2},{"damage":29,"enemies":"Slime Boss","floor":16,"turns":7}],"seed_played":"-3660042085078816355","potions_obtained":[{"floor":1.0,"key":"LiquidBronze"},{"floor":6,"key":"Explosive Potion"},{"floor":11,"key":"Explosive Potion"}],"is_trial":false,"path_per_floor":["M","$","M","?","?","E","$","M","T","?","E","R","M","M","R","B"],"character_chosen":"IRONCLAD","items_purchased":["Immolate"],"campfire_rested":0,"item_purchase_floors":[2],"current_hp_per_floor":[74,74,75,80,80,80,80,80,80,80,47,47,40,32,32,3],"gold":193,"neow_bonus":"THREE_ENEMY_KILL","is_prod":false,"is_daily":false,"chose_seed":false,"campfire_upgraded":2,"win_rate":0,"timestamp":1566222505,"path_taken":["M","$","M","?","?","E","$","M","T","?","E","R","M","M","R","BOSS"],"build_version":"2019-08-15","purchased_purges":1,"victory":false,"max_hp_per_floor":[75,75,75,80,80,80,80,80,80,80,80,80,80,80,80,80],"card_choices":[{"not_picked":["Intimidate","Clash","Rampage"],"picked":"SKIP","floor":1.0},{"not_picked":["Metallicize","Dual Wield"],"picked":"Spot Weakness","floor":3.0},{"not_picked":["Twin Strike","Iron Wave","Clash"],"picked":"SKIP","floor":6},{"not_picked":["Thunderclap","Havoc","Cleave"],"picked":"SKIP","floor":8},{"not_picked":["Shockwave","Demon Form"],"picked":"Battle Trance","floor":11},{"not_picked":["Ghostly Armor","Intimidate","Pommel Strike"],"picked":"SKIP","floor":13},{"not_picked":["Sword Boomerang","Twin Strike","Warcry"],"picked":"SKIP","floor":14}],"player_experience":1070956,"relics_obtained":[{"floor":6,"key":"Bag of Preparation"},{"floor":9,"key":"Tiny Chest"},{"floor":11,"key":"MawBank"}],"event_choices":[{"damage_healed":0.0,"max_hp_gain":5.0,"max_hp_loss":0.0,"gold_gain":0.0,"event_name":"Big Fish","player_choice":"Donut","floor":4.0,"gold_loss":0.0,"damage_taken":0.0},{"damage_healed":0,"gold_gain":0,"player_choice":"Leave","damage_taken":0,"max_hp_gain":0,"max_hp_loss":0,"event_name":"The Cleric","floor":5,"gold_loss":0},{"cards_removed":["Strike_R"],"damage_healed":0,"gold_gain":0,"player_choice":"Forget","damage_taken":0,"max_hp_gain":0,"max_hp_loss":0,"event_name":"Living Wall","floor":10,"gold_loss":0}],"is_beta":true,"boss_relics":[],"items_purged_floors":[7],"is_endless":false,"potions_floor_spawned":[1,6,11],"killed_by":"Slime Boss","ascension_level":20}