{"gold_per_floor":[113,73,89,89,101,130,130,130,130,159,159,179,179,47,47,147,147,162,174,104,118,33,62,62,62,85,117,67,79,105,125,125,223,223,237,237,256,274,81,112,112,112,112,138,138,154,171,21,21,21],"floor_reached":51,"playtime":5965,"items_purged":["Bash","Strike_R","Writhe","Strike_R"],"score":1073,"play_id":"9ec250b5-6ef5-44f2-9d62-e819cd996d46","local_time":"20181009102126","is_ascension_mode":true,"campfire_choices":[{"data":"Shockwave","floor":8.0,"key":"SMITH"},{"data":"Immolate","floor":11.0,"key":"SMITH"},{"data":"Whirlwind","floor":13.0,"key":"SMITH"},{"data":"Inflame","floor":15,"key":"SMITH"},{"data":"Uppercut","floor":24,"key":"SMITH"},{"data":"Metallicize","floor":32,"key":"SMITH"},{"data":"Shrug It Off","floor":41,"key":"SMITH"},{"data":"Iron Wave","floor":45,"key":"SMITH"},{"floor":49,"key":"REST"}],"neow_cost":"NONE","seed_source_timestamp":0,"circlet_count":0,"master_deck":["Strike_R","Strike_R","Strike_R","Defend_R","Defend_R","Defend_R","Defend_R","Shockwave+1","Whirlwind+1","Iron Wave+1","Immolate+1","Metallicize+1","Inflame+1","Uppercut+1","Fiend Fire","Evolve+1","Spot Weakness","Iron Wave","Shrug It Off+1","Spot Weakness+1","True Grit+1","Impervious","Immolate+1","Armaments+1","Madness","Madness","Iron Wave+1","Reckless Charge+1","True Grit","Seeing Red","Clothesline"],"special_seed":0,"relics":["Burning Blood","Oddly Smooth Stone","Thread and Needle","The Courier","Blood Vial","Smiling Mask","Busted Crown","Pear","Ancient Tea Set","Boot","Strawberry","Bronze Scales","Potion Belt","Runic Dome","Membership Card","Juzu Bracelet","Kunai","Bag of Preparation"],"potions_floor_usage":[23,33,33,33,38,44,50,50,50,50,50,50,50,50],"damage_taken":[{"damage":0.0,"enemies":"Cultist","floor":1.0,"turns":3.0},{"damage":0.0,"enemies":"2 Louse","floor":3.0,"turns":3.0},{"damage":4.0,"enemies":"Jaw Worm","floor":5.0,"turns":4.0},{"damage":25.0,"enemies":"Gremlin Nob","floor":6.0,"turns":5.0},{"damage":6.0,"enemies":"3 Sentries","floor":10.0,"turns":3.0},{"damage":5.0,"enemies":"Blue Slaver","floor":12.0,"turns":2.0},{"damage":19,"enemies":"Slime Boss","floor":16,"turns":7},{"damage":12,"enemies":"2 Thieves","floor":18,"turns":2},{"damage":8,"enemies":"Shell Parasite","floor":19,"turns":3},{"damage":0,"enemies":"Centurion and Healer","floor":21,"turns":4},{"damage":25,"enemies":"Book of Stabbing","floor":23,"turns":5},{"damage":25,"enemies":"Slavers","floor":27,"turns":5},{"damage":6,"enemies":"Chosen and Byrds","floor":29,"turns":3},{"damage":17,"enemies":"Gremlin Leader","floor":30,"turns":3},{"damage":2,"enemies":"Cultist and Chosen","floor":31,"turns":3},{"damage":58,"enemies":"Automaton","floor":33,"turns":8},{"damage":0,"enemies":"Orb Walker","floor":35,"turns":3},{"damage":1,"enemies":"3 Darklings","floor":37,"turns":3},{"damage":12,"enemies":"Maw","floor":38,"turns":7},{"damage":17,"enemies":"2 Orb Walkers","floor":40,"turns":4},{"damage":5,"enemies":"Nemesis","floor":44,"turns":7},{"damage":16,"enemies":"Reptomancer","floor":46,"turns":3},{"damage":9,"enemies":"Sphere and 2 Shapes","floor":47,"turns":4},{"damage":50,"enemies":"Donu and Deca","floor":50,"turns":8}],"seed_played":"-5355876609812256967","potions_obtained":[{"floor":2.0,"key":"Explosive Potion"},{"floor":2.0,"key":"Block Potion"},{"floor":2.0,"key":"Block Potion"},{"floor":3.0,"key":"LiquidBronze"},{"floor":4.0,"key":"BloodPotion"},{"floor":6.0,"key":"Strength Potion"},{"floor":27,"key":"Strength Potion"},{"floor":30,"key":"BloodPotion"},{"floor":31,"key":"AttackPotion"},{"floor":33,"key":"GamblersBrew"},{"floor":35,"key":"GamblersBrew"},{"floor":44,"key":"Strength Potion"},{"floor":47,"key":"Swift Potion"}],"is_trial":false,"path_per_floor":["M","?","M","?","M","E","T","R","T","E","R","M","R","$","R","B",null,"M","M","$","M","?","E","R","?","T","E","$","M","E","M","R","B",null,"M","?","M","M","$","E","R","?","T","E","R","M","M","$","R","B"],"character_chosen":"IRONCLAD","items_purchased":["Inflame","Uppercut","Iron Wave","Membership Card","EntropicBrew","True Grit","Regen Potion","Seeing Red","Clothesline"],"campfire_rested":1,"item_purchase_floors":[14,14,20,39,39,48,48,48,48],"current_hp_per_floor":[78,78,80,80,80,61,61,61,61,63,63,66,66,66,66,55,74,70,70,70,78,88,71,71,71,78,61,61,63,54,60,60,19,78,86,86,93,89,89,80,80,68,68,71,71,63,62,62,91,73],"gold":21,"neow_bonus":"RANDOM_COMMON_RELIC","is_prod":false,"is_daily":false,"chose_seed":false,"campfire_upgraded":8,"win_rate":0,"timestamp":1539098486,"path_taken":["M","?","M","?","M","E","?","R","T","E","R","?","R","$","R","BOSS","M","M","$","M","?","E","R","?","T","E","$","?","E","?","R","BOSS","M","?","M","M","$","E","R","?","T","E","R","M","M","$","R","BOSS"],"build_version":"2018-10-04v2","purchased_purges":4,"victory":true,"max_hp_per_floor":[80,80,80,80,80,80,80,80,80,80,80,80,80,80,80,80,80,80,80,80,80,90,90,90,90,97,97,97,97,97,97,97,97,97,97,97,97,97,97,97,97,97,97,97,97,97,97,97,97,97],"card_choices":[{"not_picked":["Wild Strike","Reckless Charge"],"picked":"Shockwave","floor":1.0},{"not_picked":["Rupture","Cleave"],"picked":"Whirlwind","floor":3.0},{"not_picked":["Warcry","Searing Blow"],"picked":"Iron Wave","floor":5.0},{"not_picked":["Cleave","Havoc"],"picked":"Immolate","floor":6.0},{"not_picked":["Entrench","Twin Strike","Wild Strike"],"picked":"SKIP","floor":10.0},{"not_picked":["Shrug It Off","Hemokinesis"],"picked":"Metallicize","floor":12.0},{"not_picked":["Immolate","Juggernaut"],"picked":"Fiend Fire","floor":16},{"not_picked":[],"picked":"Evolve+1","floor":18},{"not_picked":[],"picked":"Spot Weakness","floor":19},{"not_picked":["Anger"],"picked":"SKIP","floor":21},{"not_picked":[],"picked":"Shrug It Off","floor":23},{"not_picked":["Sentinel"],"picked":"SKIP","floor":27},{"not_picked":[],"picked":"Spot Weakness+1","floor":29},{"not_picked":[],"picked":"True Grit+1","floor":30},{"not_picked":["Anger"],"picked":"SKIP","floor":31},{"not_picked":[],"picked":"Impervious","floor":33},{"not_picked":["Evolve+1"],"picked":"SKIP","floor":35},{"not_picked":["Clash"],"picked":"SKIP","floor":37},{"not_picked":[],"picked":"Armaments+1","floor":38},{"not_picked":["Twin Strike+1"],"picked":"SKIP","floor":40},{"not_picked":["Evolve+1"],"picked":"SKIP","floor":44},{"not_picked":[],"picked":"Iron Wave+1","floor":46},{"not_picked":[],"picked":"Reckless Charge+1","floor":47}],"player_experience":737208,"relics_obtained":[{"floor":6.0,"key":"Thread and Needle"},{"floor":7.0,"key":"The Courier"},{"floor":9.0,"key":"Blood Vial"},{"floor":10.0,"key":"Smiling Mask"},{"floor":23,"key":"Ancient Tea Set"},{"floor":26,"key":"Strawberry"},{"floor":27,"key":"Bronze Scales"},{"floor":30,"key":"Potion Belt"},{"floor":40,"key":"Juzu Bracelet"},{"floor":43,"key":"Kunai"},{"floor":44,"key":"Bag of Preparation"}],"event_choices":[{"event_name":"The Woman in Blue","player_choice":"Bought 3 Potions","floor":2.0,"damage_taken":0.0},{"event_name":"The Lab","player_choice":"Got Potions","floor":4.0,"damage_taken":0.0},{"event_name":"Addict","player_choice":"Obtained Relic","floor":22,"damage_taken":0},{"event_name":"The Mausoleum","player_choice":"Yes","floor":25,"damage_taken":0},{"event_name":"Duplicator","player_choice":"One dupe","floor":36,"damage_taken":0},{"event_name":"Winding Halls","player_choice":"Embrace Madness","floor":42,"damage_taken":0}],"is_beta":false,"boss_relics":[{"not_picked":["Runic Pyramid","Mark of Pain"],"picked":"Busted Crown"},{"not_picked":["Tiny House","Calling Bell"],"picked":"Runic Dome"}],"items_purged_floors":[14,20,28,48],"is_endless":false,"potions_floor_spawned":[3,6,27,30,31,33,35,44,47],"ascension_level":9}