{"gold_per_floor":[118,137,62,62,62,62,94,114,140,151,151,162,194,174],"floor_reached":14,"playtime":274,"items_purged":["Defend_G"],"score":200,"play_id":"c12a1984-9922-48b8-91f3-8596132198a4","local_time":"20190825232239","is_ascension_mode":true,"campfire_choices":[{"data":"Neutralize","floor":6,"key":"SMITH"}],"neow_cost":"NONE","seed_source_timestamp":35087263536301,"circlet_count":0,"master_deck":["AscendersBane","Strike_G","Strike_G","Strike_G","Defend_G","Defend_G","Defend_G","Defend_G","Survivor","Neutralize+1","All Out Attack","All Out Attack","Die Die Die","Dodge and Roll","Crippling Poison","Dagger Spray"],"relics":["Philosopher\u0027s Stone","PreservedInsect","Potion Belt","Sundial"],"potions_floor_usage":[7,8,12],"damage_taken":[{"damage":3,"enemies":"Jaw Worm","floor":1,"turns":5},{"damage":2,"enemies":"Cultist","floor":2,"turns":4},{"damage":42,"enemies":"Gremlin Nob","floor":7,"turns":5},{"damage":0,"enemies":"2 Louse","floor":8,"turns":1},{"damage":6,"enemies":"Red Slaver","floor":10,"turns":3},{"damage":4,"enemies":"Large Slime","floor":12,"turns":5},{"damage":1,"enemies":"3 Sentries","floor":13,"turns":3},{"damage":0,"enemies":"Looter","floor":14,"turns":2}],"seed_played":"-2447579001892974089","potions_obtained":[{"floor":1,"key":"Weak Potion"},{"floor":7,"key":"Explosive Potion"},{"floor":10,"key":"Fire Potion"},{"floor":13,"key":"GamblersBrew"}],"is_trial":false,"path_per_floor":["M","M","$","?","$","R","E","M","T","M","?","M","E","M"],"character_chosen":"THE_SILENT","items_purchased":[],"campfire_rested":0,"item_purchase_floors":[],"current_hp_per_floor":[56,54,54,54,54,54,12,12,12,6,6,2,1,1],"gold":174,"neow_bonus":"BOSS_RELIC","is_prod":false,"is_daily":false,"chose_seed":false,"campfire_upgraded":1,"win_rate":0,"timestamp":1566750159,"path_taken":["M","M","$","?","?","R","E","?","T","M","?","M","E","M"],"build_version":"2019-07-17","purchased_purges":1,"victory":false,"max_hp_per_floor":[66,66,66,66,66,66,66,66,66,66,66,66,66,66],"card_choices":[{"not_picked":["Eviscerate","Acrobatics"],"picked":"All Out Attack","floor":1},{"not_picked":["Sucker Punch","Accuracy","Masterful Stab"],"picked":"SKIP","floor":2},{"not_picked":["Bane","Sucker Punch"],"picked":"Die Die Die","floor":7},{"not_picked":["Cloak And Dagger","Heel Hook"],"picked":"Dodge and Roll","floor":8},{"not_picked":["Flying Knee","Slice","Blur"],"picked":"SKIP","floor":10},{"not_picked":["Sucker Punch","Bane"],"picked":"Crippling Poison","floor":12},{"not_picked":["Bane","Terror"],"picked":"Dagger Spray","floor":13}],"player_experience":1079624,"relics_obtained":[{"floor":7,"key":"PreservedInsect"},{"floor":9,"key":"Potion Belt"},{"floor":13,"key":"Sundial"}],"event_choices":[{"damage_healed":0,"gold_gain":0,"cards_transformed":["Strike_G"],"player_choice":"Transformed","damage_taken":0,"max_hp_gain":0,"max_hp_loss":0,"event_name":"Transmorgrifier","floor":4,"gold_loss":0,"cards_obtained":["All Out Attack"]},{"cards_removed":["Strike_G"],"damage_healed":0,"gold_gain":0,"player_choice":"Purged","damage_taken":0,"max_hp_gain":0,"max_hp_loss":0,"event_name":"Purifier","floor":11,"gold_loss":0}],"is_beta":false,"boss_relics":[],"items_purged_floors":[3],"is_endless":false,"potions_floor_spawned":[1,7,10,13],"killed_by":"Looter","ascension_level":20}