{"gold_per_floor":[114,131,147,163,175,207,207,241,317,317,333,333,353,3,3,103,103,119,131,131,5,5,5,33,33,33,33,89,89,101,132,132,233,233,250,250,266,266,282,308,308,319,319,367,367,367,367,380,380,380],"floor_reached":51,"playtime":2750,"items_purged":["Strike_G"],"score":935,"play_id":"5ca4824f-64a0-446e-8aa7-90427db72305","local_time":"20190928091122","is_ascension_mode":true,"campfire_choices":[{"floor":7,"key":"REST"},{"floor":10,"key":"REST"},{"floor":12,"key":"REST"},{"data":"Dash","floor":15,"key":"SMITH"},{"data":"Strike_G","floor":23,"key":"PURGE"},{"floor":25,"key":"REST"},{"data":"Strike_G","floor":27,"key":"PURGE"},{"data":"Noxious Fumes","floor":32,"key":"SMITH"},{"data":"Quick Slash","floor":41,"key":"SMITH"},{"data":"After Image","floor":49,"key":"SMITH"}],"neow_cost":"NONE","seed_source_timestamp":1359857779048400,"circlet_count":0,"master_deck":["Defend_G","Defend_G","Defend_G","Defend_G","Defend_G","Survivor","Neutralize+1","Noxious Fumes+1","Quick Slash+1","Dash+1","Blur","Dagger Spray","All Out Attack","Leg Sweep","Backstab+1","Flying Knee+1","Leg Sweep","Die Die Die+1","Backflip","Slice+1","Distraction+1","After Image+1","Slice+1","Backflip+1","Noxious Fumes+1","Quick Slash+1","Backflip+1","Acrobatics+1","Dramatic Entrance+1","Die Die Die+1"],"relics":["Ring of the Snake","Peace Pipe","PreservedInsect","Molten Egg 2","Thread and Needle","Empty Cage","MutagenicStrength","Dead Branch","Bronze Scales","Tiny Chest","Ancient Tea Set","Philosopher\u0027s Stone","Darkstone Periapt","Dodecahedron","Centennial Puzzle","Incense Burner"],"potions_floor_usage":[16,16,31,33,44,44,50],"damage_taken":[{"damage":0,"enemies":"Cultist","floor":1,"turns":3},{"damage":6,"enemies":"Small Slimes","floor":2,"turns":4},{"damage":0,"enemies":"2 Louse","floor":3,"turns":3},{"damage":1,"enemies":"Blue Slaver","floor":4,"turns":4},{"damage":2,"enemies":"2 Fungi Beasts","floor":5,"turns":4},{"damage":27,"enemies":"3 Sentries","floor":6,"turns":7},{"damage":36,"enemies":"Lagavulin","floor":8,"turns":8},{"damage":1,"enemies":"Exordium Thugs","floor":11,"turns":4},{"damage":0,"enemies":"Looter","floor":13,"turns":3},{"damage":16,"enemies":"Hexaghost","floor":16,"turns":12},{"damage":2,"enemies":"3 Byrds","floor":18,"turns":3},{"damage":12,"enemies":"Shell Parasite","floor":19,"turns":8},{"damage":16,"enemies":"Slavers","floor":24,"turns":5},{"damage":0,"enemies":"Sentry and Sphere","floor":30,"turns":3},{"damage":2,"enemies":"Gremlin Leader","floor":31,"turns":5},{"damage":3,"enemies":"Automaton","floor":33,"turns":10},{"damage":1,"enemies":"3 Shapes","floor":35,"turns":3},{"damage":0,"enemies":"3 Darklings","floor":37,"turns":3},{"damage":0,"enemies":"Sphere and 2 Shapes","floor":39,"turns":3},{"damage":0,"enemies":"Nemesis","floor":40,"turns":7},{"damage":0,"enemies":"Transient","floor":42,"turns":5},{"damage":3,"enemies":"2 Orb Walkers","floor":44,"turns":5},{"damage":0,"enemies":"Jaw Worm Horde","floor":48,"turns":1},{"damage":65,"enemies":"Donu and Deca","floor":50,"turns":9}],"seed_played":"8127346745134066719","potions_obtained":[{"floor":1,"key":"Strength Potion"},{"floor":5,"key":"SneckoOil"},{"floor":11,"key":"AttackPotion"},{"floor":13,"key":"Strength Potion"},{"floor":16,"key":"Fruit Juice"},{"floor":19,"key":"EssenceOfSteel"},{"floor":31,"key":"Block Potion"},{"floor":33,"key":"Fire Potion"},{"floor":35,"key":"Explosive Potion"}],"is_trial":false,"path_per_floor":["M","M","M","M","M","E","R","E","T","R","M","R","M","$","R","B",null,"M","M","?","$","?","R","E","R","T","R","T","?","M","E","R","B",null,"M","T","M","?","M","E","R","M","T","?","?","?","?","M","R","B",null],"character_chosen":"THE_SILENT","items_purchased":["Thread and Needle","Leg Sweep","Poisoned Stab+1"],"campfire_rested":4,"item_purchase_floors":[14,14,21],"current_hp_per_floor":[63,57,57,56,54,27,48,12,12,33,32,53,53,53,53,42,67,65,53,53,53,53,53,37,59,59,59,59,75,75,73,73,70,74,73,73,73,73,73,73,73,73,73,70,70,70,70,70,70,5],"gold":380,"neow_bonus":"UPGRADE_CARD","is_prod":false,"is_daily":false,"chose_seed":false,"campfire_upgraded":4,"win_rate":0,"timestamp":1569676282,"path_taken":["M","M","M","M","M","E","R","E","T","R","M","R","M","?","R","BOSS","M","M","?","$","?","R","E","R","T","R","?","?","M","E","R","BOSS","M","?","M","?","?","E","R","M","T","?","?","?","?","M","R","BOSS"],"build_version":"2019-07-17","purchased_purges":1,"victory":true,"max_hp_per_floor":[70,70,70,70,70,70,70,70,70,70,70,70,70,70,70,75,75,75,75,75,75,75,75,75,75,75,75,75,75,75,75,75,75,75,75,75,75,75,75,75,75,75,75,75,75,75,75,75,75,75],"card_choices":[{"not_picked":["Backflip","Dagger Throw"],"picked":"Noxious Fumes","floor":1},{"not_picked":["PiercingWail","Concentrate"],"picked":"Quick Slash","floor":2},{"not_picked":["Outmaneuver","Predator"],"picked":"Dash","floor":3},{"not_picked":["Bane","Deflect"],"picked":"Blur","floor":4},{"not_picked":["Concentrate","Endless Agony"],"picked":"Dagger Spray","floor":5},{"not_picked":["Acrobatics","Dagger Throw"],"picked":"All Out Attack","floor":6},{"not_picked":["Dagger Spray","Burst"],"picked":"Leg Sweep","floor":8},{"not_picked":["Riddle With Holes+1","Bouncing Flask"],"picked":"Backstab+1","floor":11},{"not_picked":["Backflip","Concentrate"],"picked":"Flying Knee+1","floor":13},{"not_picked":["Corpse Explosion","Glass Knife+1"],"picked":"Die Die Die+1","floor":16},{"not_picked":["Dodge and Roll","Tactician","Prepared"],"picked":"SKIP","floor":18},{"not_picked":["Quick Slash+1","Underhanded Strike+1"],"picked":"Backflip","floor":19},{"not_picked":["Underhanded Strike+1","Masterful Stab+1","Setup"],"picked":"SKIP","floor":24},{"not_picked":["Underhanded Strike+1","Masterful Stab+1"],"picked":"Setup","floor":24},{"not_picked":["Bane+1","Eviscerate+1"],"picked":"Slice+1","floor":30},{"not_picked":["Backflip","Outmaneuver+1"],"picked":"Distraction+1","floor":31},{"not_picked":["Phantasmal Killer","Tools of the Trade"],"picked":"After Image","floor":33},{"not_picked":["Accuracy","Deflect"],"picked":"Slice+1","floor":35},{"not_picked":["Flying Knee+1","Leg Sweep+1"],"picked":"Backflip+1","floor":37},{"not_picked":["Cloak And Dagger+1","Dagger Throw+1"],"picked":"Noxious Fumes+1","floor":39},{"not_picked":["Night Terror","Dagger Throw+1"],"picked":"Quick Slash+1","floor":40},{"not_picked":["Cloak And Dagger","Blade Dance+1"],"picked":"Backflip+1","floor":42},{"not_picked":["Prepared","Underhanded Strike+1"],"picked":"Acrobatics+1","floor":44},{"not_picked":["Violence","Good Instincts"],"picked":"Dramatic Entrance+1","floor":46},{"not_picked":["Bane+1","Concentrate","Cloak And Dagger+1"],"picked":"SKIP","floor":48}],"player_experience":159318,"relics_obtained":[{"floor":6,"key":"Peace Pipe"},{"floor":8,"key":"PreservedInsect"},{"floor":9,"key":"Molten Egg 2"},{"floor":24,"key":"Dead Branch"},{"floor":26,"key":"Bronze Scales"},{"floor":28,"key":"Tiny Chest"},{"floor":31,"key":"Ancient Tea Set"},{"floor":36,"key":"Darkstone Periapt"},{"floor":40,"key":"Dodecahedron"},{"floor":43,"key":"Centennial Puzzle"},{"floor":44,"key":"Incense Burner"}],"event_choices":[{"damage_healed":0,"gold_gain":0,"player_choice":"Inject Mutagens","damage_taken":0,"relics_obtained":["MutagenicStrength"],"max_hp_gain":0,"max_hp_loss":0,"event_name":"Drug Dealer","floor":20,"gold_loss":0},{"damage_healed":0,"gold_gain":0,"player_choice":"Ignored","damage_taken":0,"max_hp_gain":0,"max_hp_loss":0,"event_name":"Vampires","floor":22,"gold_loss":0},{"cards_removed":["Setup"],"damage_healed":16,"gold_gain":0,"player_choice":"Offered Uncommon","damage_taken":0,"max_hp_gain":0,"max_hp_loss":0,"event_name":"Bonfire Elementals","floor":29,"gold_loss":0},{"damage_healed":0,"gold_gain":0,"player_choice":"Leave","damage_taken":0,"max_hp_gain":0,"max_hp_loss":0,"event_name":"FaceTrader","floor":38,"gold_loss":0},{"damage_healed":0,"gold_gain":0,"player_choice":"Fight","damage_taken":0,"max_hp_gain":0,"max_hp_loss":0,"event_name":"Mysterious Sphere","floor":44,"gold_loss":0},{"cards_removed":["Poisoned Stab"],"damage_healed":0,"gold_gain":0,"player_choice":"Removed Attack","damage_taken":0,"max_hp_gain":0,"max_hp_loss":0,"event_name":"Falling","floor":45,"gold_loss":0},{"damage_healed":0,"gold_gain":0,"player_choice":"Memory 1","damage_taken":0,"max_hp_gain":0,"max_hp_loss":0,"event_name":"SensoryStone","floor":46,"gold_loss":0},{"damage_healed":0,"gold_gain":0,"player_choice":"Copied","damage_taken":0,"max_hp_gain":0,"max_hp_loss":0,"event_name":"Duplicator","floor":47,"gold_loss":0,"cards_obtained":["Die Die Die"]}],"is_beta":false,"boss_relics":[{"not_picked":["Pandora\u0027s Box","Eternal Feather"],"picked":"Empty Cage"},{"not_picked":["White Beast Statue","Tiny House"],"picked":"Philosopher\u0027s Stone"}],"items_purged_floors":[21],"is_endless":false,"potions_floor_spawned":[1,5,11,13,16,19,31,33,35,39],"ascension_level":6}