{"gold_per_floor":[119,44,144,44,44,75,75,108,134,134,175,200,30,30,30,159,159,129,129,129,129,7,7,7,7,7,7,7,7,7,7,7,7,7,7,7,7,7,7,7,7,7,7,7,7,7,0,0,0,0,0,0,0,0,0],"floor_reached":55,"playtime":3299,"items_purged":["Strike_R","Strike_R","Injury"],"score":1243,"play_id":"8c8fa10c-6b0a-4e8f-aff9-08dd55a866ba","local_time":"20190927095645","is_ascension_mode":true,"campfire_choices":[{"floor":7,"key":"RECALL"},{"floor":10,"key":"REST"},{"floor":15,"key":"REST"},{"data":"Cleave","floor":23,"key":"SMITH"},{"floor":28,"key":"REST"},{"data":"Bash","floor":32,"key":"SMITH"},{"data":"Demon Form","floor":40,"key":"SMITH"},{"data":"Searing Blow+1","floor":42,"key":"SMITH"},{"data":"Searing Blow+2","floor":45,"key":"SMITH"},{"data":"Searing Blow+3","floor":49,"key":"SMITH"},{"data":"Searing Blow+4","floor":52,"key":"SMITH"}],"neow_cost":"NONE","seed_source_timestamp":1275635193901700,"circlet_count":0,"master_deck":["Defend_R+1","Defend_R+1","Defend_R+1","Defend_R+1","Bash+1","Entrench","Blood for Blood","Body Slam","Thunderclap","Dark Embrace","Barricade","Corruption","Cleave+1","Bite","Bite","Bite","Bite","Bite","Brutality","Clothesline","Shrug It Off","Metallicize+1","Wild Strike+1","Armaments+1","Demon Form+1","Body Slam","Sever Soul+1","Searing Blow+5","Double Tap","Shame","Double Tap","Ghostly Armor+1"],"relics":["Snecko Eye","Golden Idol","Mercury Hourglass","Dodecahedron","FossilizedHelix","Ectoplasm","Anchor","Bottled Tornado","Potion Belt","Calipers","Cursed Key","Art of War","Sundial","Bird Faced Urn","Red Mask","Du-Vu Doll","Mummified Hand"],"potions_floor_usage":[6,16,18,24,31,44,48,54,55,55,55,55],"damage_taken":[{"damage":0,"enemies":"Small Slimes","floor":1,"turns":2},{"damage":0,"enemies":"Gremlin Nob","floor":6,"turns":2},{"damage":50,"enemies":"3 Sentries","floor":8,"turns":10},{"damage":8,"enemies":"Gremlin Nob","floor":11,"turns":3},{"damage":0,"enemies":"Cultist","floor":12,"turns":2},{"damage":36,"enemies":"Hexaghost","floor":16,"turns":6},{"damage":1,"enemies":"2 Thieves","floor":18,"turns":3},{"damage":6,"enemies":"Chosen","floor":19,"turns":3},{"damage":49,"enemies":"Book of Stabbing","floor":24,"turns":5},{"damage":0,"enemies":"Snake Plant","floor":25,"turns":4},{"damage":0,"enemies":"Centurion and Healer","floor":27,"turns":2},{"damage":0,"enemies":"Slavers","floor":29,"turns":4},{"damage":1,"enemies":"Cultist and Chosen","floor":30,"turns":5},{"damage":0,"enemies":"Book of Stabbing","floor":31,"turns":3},{"damage":4,"enemies":"Collector","floor":33,"turns":6},{"damage":0,"enemies":"3 Shapes","floor":35,"turns":3},{"damage":0,"enemies":"Orb Walker","floor":36,"turns":3},{"damage":0,"enemies":"3 Darklings","floor":37,"turns":3},{"damage":14,"enemies":"Maw","floor":38,"turns":6},{"damage":0,"enemies":"Transient","floor":39,"turns":5},{"damage":0,"enemies":"Giant Head","floor":41,"turns":4},{"damage":18,"enemies":"Reptomancer","floor":44,"turns":4},{"damage":15,"enemies":"2 Orb Walkers","floor":48,"turns":6},{"damage":0,"enemies":"Time Eater","floor":50,"turns":6},{"damage":45,"enemies":"Shield and Spear","floor":54,"turns":4},{"damage":63,"enemies":"The Heart","floor":55,"turns":5}],"seed_played":"-489103396524357903","potions_obtained":[{"floor":1,"key":"AttackPotion"},{"floor":12,"key":"Poison Potion"},{"floor":16,"key":"Fire Potion"},{"floor":19,"key":"SpeedPotion"},{"floor":29,"key":"BloodPotion"},{"floor":30,"key":"Block Potion"},{"floor":31,"key":"LiquidBronze"},{"floor":35,"key":"BloodPotion"},{"floor":38,"key":"Swift Potion"},{"floor":44,"key":"Strength Potion"},{"floor":48,"key":"Poison Potion"}],"is_trial":false,"path_per_floor":["M","$","?","$","?","E","R","E","T","R","E","M","$","?","R","B",null,"M","M","?","?","$","R","E","M","T","M","R","E","M","E","R","B",null,"M","M","M","M","M","R","E","R","T","E","R","$","?","?","R","B",null,"R","$","E","B"],"character_chosen":"IRONCLAD","items_purchased":["Thunderclap","Regen Potion","FearPotion"],"campfire_rested":3,"item_purchase_floors":[13,22,22],"current_hp_per_floor":[80,80,80,80,80,80,80,30,30,54,46,46,46,46,70,34,69,68,62,62,56,56,56,13,19,19,23,39,47,55,56,56,54,56,56,56,56,42,54,54,56,56,56,38,38,38,38,56,56,56,56,56,56,26,0],"gold":0,"neow_bonus":"BOSS_RELIC","is_prod":false,"is_daily":false,"chose_seed":false,"campfire_upgraded":7,"win_rate":0,"timestamp":1569592605,"path_taken":["M","$","?","?","?","E","R","E","T","R","E","M","$","?","R","BOSS","M","M","?","?","?","R","E","M","T","M","R","E","M","E","R","BOSS","M","?","M","?","M","R","E","R","T","E","R","$","?","?","R","BOSS","R","$","E","BOSS"],"build_version":"2019-07-17","purchased_purges":3,"victory":false,"max_hp_per_floor":[80,80,80,80,80,80,80,80,80,80,80,80,80,80,80,80,80,80,80,80,56,56,56,56,56,56,56,56,56,56,56,56,56,56,56,56,56,56,56,56,56,56,56,56,56,56,56,56,56,56,56,56,56,56,56],"card_choices":[{"not_picked":["Combust","Havoc","Headbutt"],"picked":"SKIP","floor":1},{"not_picked":["Twin Strike","Evolve"],"picked":"Entrench","floor":6},{"not_picked":["Perfected Strike","Dropkick"],"picked":"Blood for Blood","floor":8},{"not_picked":["Dark Embrace","Iron Wave","Clash"],"picked":"SKIP","floor":11},{"not_picked":["Twin Strike","Wild Strike"],"picked":"Body Slam","floor":12},{"not_picked":["Juggernaut","Limit Break"],"picked":"Barricade","floor":16},{"not_picked":["Shrug It Off","Spot Weakness"],"picked":"Corruption","floor":18},{"not_picked":["True Grit","Twin Strike"],"picked":"Cleave","floor":19},{"not_picked":["Heavy Blade","Armaments+1"],"picked":"Brutality","floor":24},{"not_picked":["Pommel Strike","Headbutt+1"],"picked":"Clothesline","floor":25},{"not_picked":["Corruption","Havoc+1"],"picked":"Shrug It Off","floor":27},{"not_picked":["Clothesline","Combust"],"picked":"Metallicize+1","floor":29},{"not_picked":["Clash","Sword Boomerang"],"picked":"Wild Strike+1","floor":30},{"not_picked":["Seeing Red","Flex+1"],"picked":"Armaments+1","floor":31},{"not_picked":["Barricade","Fiend Fire"],"picked":"Demon Form","floor":33},{"not_picked":["Twin Strike+1","Heavy Blade+1"],"picked":"Body Slam","floor":35},{"not_picked":["Pommel Strike","Perfected Strike"],"picked":"Sever Soul+1","floor":36},{"not_picked":["Corruption+1","Clothesline","Anger"],"picked":"SKIP","floor":37},{"not_picked":["True Grit","Combust+1"],"picked":"Searing Blow+1","floor":38},{"not_picked":["Perfected Strike","True Grit","Thunderclap"],"picked":"SKIP","floor":39},{"not_picked":["Clothesline","Twin Strike"],"picked":"Double Tap","floor":41},{"not_picked":["Second Wind+1","Clothesline"],"picked":"Double Tap","floor":44},{"not_picked":["Perfected Strike+1","Shockwave"],"picked":"Ghostly Armor+1","floor":48},{"not_picked":["Perfected Strike","Thunderclap","Havoc+1"],"picked":"SKIP","floor":54}],"player_experience":120211,"relics_obtained":[{"floor":6,"key":"Mercury Hourglass"},{"floor":8,"key":"Dodecahedron"},{"floor":11,"key":"FossilizedHelix"},{"floor":24,"key":"Anchor"},{"floor":26,"key":"Bottled Tornado"},{"floor":29,"key":"Potion Belt"},{"floor":31,"key":"Calipers"},{"floor":41,"key":"Art of War"},{"floor":43,"key":"Sundial"},{"floor":44,"key":"Bird Faced Urn"},{"floor":48,"key":"Du-Vu Doll"},{"floor":54,"key":"Mummified Hand"}],"event_choices":[{"damage_healed":0,"gold_gain":100,"player_choice":"Pray","damage_taken":0,"max_hp_gain":0,"max_hp_loss":0,"event_name":"Golden Shrine","floor":3,"gold_loss":0},{"damage_healed":0,"gold_gain":0,"player_choice":"Take Wound","damage_taken":0,"relics_obtained":["Golden Idol"],"max_hp_gain":0,"max_hp_loss":0,"event_name":"Golden Idol","floor":5,"gold_loss":0,"cards_obtained":["Injury"]},{"damage_healed":0,"gold_gain":0,"cards_transformed":["Strike_R"],"player_choice":"Change","damage_taken":0,"max_hp_gain":0,"max_hp_loss":0,"event_name":"Living Wall","floor":14,"gold_loss":0,"cards_obtained":["Dark Embrace"]},{"damage_healed":0,"gold_gain":0,"player_choice":"Simplicity","damage_taken":0,"max_hp_gain":0,"max_hp_loss":0,"event_name":"Back to Basics","floor":20,"gold_loss":0,"cards_upgraded":["Strike_R","Strike_R","Defend_R","Defend_R","Defend_R","Defend_R"]},{"damage_healed":0,"gold_gain":0,"player_choice":"Became a vampire","damage_taken":0,"max_hp_gain":0,"max_hp_loss":24,"event_name":"Vampires","floor":21,"gold_loss":0,"cards_obtained":["Bite","Bite","Bite","Bite","Bite"]},{"damage_healed":0,"gold_gain":0,"player_choice":"Paid","damage_taken":0,"relics_obtained":["Red Mask"],"max_hp_gain":0,"max_hp_loss":0,"event_name":"Tomb of Lord Red Mask","floor":47,"gold_loss":7},{"damage_healed":0,"gold_gain":0,"player_choice":"Fight","damage_taken":0,"max_hp_gain":0,"max_hp_loss":0,"event_name":"Mysterious Sphere","floor":48,"gold_loss":0}],"is_beta":false,"boss_relics":[{"not_picked":["Runic Pyramid","Coffee Dripper"],"picked":"Ectoplasm"},{"not_picked":["Velvet Choker","Eternal Feather"],"picked":"Cursed Key"}],"items_purged_floors":[2,4,13],"is_endless":false,"potions_floor_spawned":[1,12,16,19,29,30,31,35,38,44,48],"killed_by":"The Heart","ascension_level":5}