{"gold_per_floor":[109,120,120,135,149,177,177,205,284,304,304,339,357,375,375,470,470,489,489,502,502,502,529,529,548,548,548,583,583,132,144,144,240,240,253,253,264,5,105,105,124,124,174,174,188,215,234,244,244,244,244,244,18,46,46],"floor_reached":55,"playtime":2230,"items_purged":[],"score":1007,"play_id":"ec151c3d-af61-4f14-8b08-44f96d197388","local_time":"20190928225050","is_ascension_mode":true,"campfire_choices":[{"floor":7,"key":"REST"},{"floor":11,"key":"REST"},{"data":"Perfected Strike","floor":15,"key":"SMITH"},{"data":"Perfected Strike","floor":24,"key":"SMITH"},{"floor":27,"key":"REST"},{"data":"Whirlwind","floor":29,"key":"SMITH"},{"data":"1","floor":32,"key":"LIFT"},{"data":"2","floor":40,"key":"LIFT"},{"data":"3","floor":42,"key":"LIFT"},{"floor":49,"key":"RECALL"},{"data":"Demon Form","floor":52,"key":"SMITH"}],"neow_cost":"NONE","seed_source_timestamp":1409553461420500,"circlet_count":0,"master_deck":["Strike_R","Strike_R","Strike_R","Strike_R","Strike_R","Defend_R","Defend_R+1","Defend_R+1","Bash","Clothesline","Perfected Strike+1","Shrug It Off","Flame Barrier","Rampage","Wild Strike","Perfected Strike+1","Immolate","Dark Embrace","Uppercut+1","Juggernaut+1","Wild Strike","J.A.X.+1","Heavy Blade","Necronomicurse","Searing Blow","Whirlwind+1","Disarm","Bludgeon+1","Shrug It Off","Reaper+1","Demon Form+1","Wild Strike+1","Whirlwind+1","Shockwave","Wild Strike+1","Master of Strategy","Dark Shackles+1","Carnage+1","Impervious"],"relics":["Burning Blood","Orichalcum","Magic Flower","Unceasing Top","Eternal Feather","MealTicket","Astrolabe","Necronomicon","White Beast Statue","Girya","Regal Pillow","Molten Egg 2","Bottled Flame","Velvet Choker","Ice Cream","Vajra","Dead Branch","Bag of Preparation","War Paint","Letter Opener"],"potions_floor_usage":[6,12,16,16,18,23,25,31,33,39,45,46,50,55,55,55],"damage_taken":[{"damage":9,"enemies":"Small Slimes","floor":1,"turns":5},{"damage":6,"enemies":"Jaw Worm","floor":2,"turns":3},{"damage":0,"enemies":"Cultist","floor":4,"turns":3},{"damage":8,"enemies":"3 Louse","floor":5,"turns":4},{"damage":48,"enemies":"Lagavulin","floor":6,"turns":8},{"damage":16,"enemies":"Gremlin Nob","floor":8,"turns":5},{"damage":3,"enemies":"Blue Slaver","floor":10,"turns":4},{"damage":28,"enemies":"Lagavulin","floor":12,"turns":6},{"damage":4,"enemies":"Exordium Wildlife","floor":13,"turns":3},{"damage":12,"enemies":"Large Slime","floor":14,"turns":4},{"damage":18,"enemies":"Slime Boss","floor":16,"turns":6},{"damage":1,"enemies":"Chosen","floor":18,"turns":4},{"damage":30,"enemies":"2 Thieves","floor":20,"turns":4},{"damage":25,"enemies":"Book of Stabbing","floor":23,"turns":3},{"damage":24,"enemies":"Snake Plant","floor":25,"turns":4},{"damage":15,"enemies":"Slavers","floor":28,"turns":3},{"damage":11,"enemies":"Shelled Parasite and Fungi","floor":31,"turns":2},{"damage":48,"enemies":"Collector","floor":33,"turns":5},{"damage":5,"enemies":"Orb Walker","floor":35,"turns":2},{"damage":20,"enemies":"3 Shapes","floor":37,"turns":1},{"damage":24,"enemies":"Mind Bloom Boss Battle","floor":39,"turns":4},{"damage":3,"enemies":"Spire Growth","floor":41,"turns":2},{"damage":8,"enemies":"4 Shapes","floor":45,"turns":1},{"damage":30,"enemies":"Nemesis","floor":46,"turns":3},{"damage":0,"enemies":"Jaw Worm Horde","floor":47,"turns":1},{"damage":12,"enemies":"Spire Growth","floor":48,"turns":2},{"damage":62,"enemies":"Time Eater","floor":50,"turns":9},{"damage":61,"enemies":"Shield and Spear","floor":54,"turns":4},{"damage":131,"enemies":"The Heart","floor":55,"turns":6}],"seed_played":"-4697270439318038800","potions_obtained":[{"floor":1,"key":"GamblersBrew"},{"floor":6,"key":"FearPotion"},{"floor":8,"key":"FearPotion"},{"floor":12,"key":"Swift Potion"},{"floor":14,"key":"LiquidBronze"},{"floor":16,"key":"SpeedPotion"},{"floor":18,"key":"Energy Potion"},{"floor":23,"key":"Weak Potion"},{"floor":25,"key":"Regen Potion"},{"floor":28,"key":"Weak Potion"},{"floor":31,"key":"SteroidPotion"},{"floor":33,"key":"Energy Potion"},{"floor":35,"key":"Strength Potion"},{"floor":39,"key":"Strength Potion"},{"floor":41,"key":"SkillPotion"},{"floor":45,"key":"AttackPotion"},{"floor":46,"key":"Ancient Potion"},{"floor":48,"key":"Energy Potion"}],"is_trial":false,"path_per_floor":["M","M","?","M","M","E","R","E","T","M","R","E","M","M","R","B",null,"M","?","M","?","?","E","R","M","T","R","E","R","$","M","R","B",null,"M","T","M","$","?","R","M","R","T","?","M","E","M","M","R","B",null,"R","$","E","B"],"character_chosen":"IRONCLAD","items_purchased":["Bottled Flame","Bludgeon+1","Shrug It Off","Vajra","Whirlwind+1","Shockwave","War Paint","Regen Potion"],"campfire_rested":3,"item_purchase_floors":[30,30,30,38,38,38,53,53],"current_hp_per_floor":[69,69,53,59,57,15,39,32,32,38,71,52,57,54,66,57,74,80,80,59,43,43,27,42,27,27,80,74,80,80,78,80,41,70,74,74,63,78,63,80,80,80,80,70,71,50,59,68,80,61,75,80,80,28,0],"gold":46,"neow_bonus":"RANDOM_COMMON_RELIC","is_prod":false,"is_daily":false,"chose_seed":false,"campfire_upgraded":4,"win_rate":0,"timestamp":1569725450,"path_taken":["M","M","?","M","M","E","R","E","T","M","R","E","M","M","R","BOSS","M","?","M","?","?","E","R","M","T","R","E","R","$","M","R","BOSS","M","?","M","$","?","R","M","R","T","?","M","E","?","M","R","BOSS","R","$","E","BOSS"],"build_version":"2019-09-27","purchased_purges":0,"victory":false,"max_hp_per_floor":[80,80,80,80,80,80,80,80,80,80,80,80,80,80,80,80,80,80,80,80,80,80,80,80,80,80,80,80,80,80,80,80,80,80,80,80,80,80,80,80,80,80,80,80,80,80,80,80,80,80,80,80,80,80,80],"card_choices":[{"not_picked":["True Grit","Clash"],"picked":"Clothesline","floor":1},{"not_picked":["Headbutt","Sever Soul"],"picked":"Perfected Strike","floor":2},{"not_picked":["Heavy Blade","Sword Boomerang"],"picked":"Shrug It Off","floor":4},{"not_picked":["Brutality","Pummel"],"picked":"Body Slam","floor":5},{"not_picked":["Heavy Blade","Metallicize"],"picked":"Flame Barrier","floor":6},{"not_picked":["Cleave","Blood for Blood"],"picked":"Rampage","floor":8},{"not_picked":["Heavy Blade","Burning Pact"],"picked":"Rage","floor":10},{"not_picked":["Body Slam","Reckless Charge"],"picked":"Wild Strike","floor":12},{"not_picked":["Heavy Blade","Blood for Blood"],"picked":"Perfected Strike","floor":13},{"not_picked":["Sword Boomerang","Shrug It Off"],"picked":"Immolate","floor":14},{"not_picked":["Juggernaut","Brutality"],"picked":"Dark Embrace","floor":16},{"not_picked":["Blood for Blood","Iron Wave+1"],"picked":"Wild Strike","floor":18},{"not_picked":["Combust+1","Flame Barrier+1"],"picked":"Heavy Blade","floor":20},{"not_picked":["Body Slam","Twin Strike+1"],"picked":"Searing Blow","floor":23},{"not_picked":["Body Slam+1","Warcry"],"picked":"Whirlwind","floor":25},{"not_picked":["Clothesline+1","Sword Boomerang"],"picked":"Disarm","floor":28},{"not_picked":["Warcry","Corruption"],"picked":"Reaper+1","floor":31},{"not_picked":["Berserk","Juggernaut"],"picked":"Demon Form","floor":33},{"not_picked":["Sword Boomerang+1","Clothesline+1"],"picked":"Wild Strike+1","floor":35},{"not_picked":["Pommel Strike+1","Clothesline+1","Thunderclap+1"],"picked":"SKIP","floor":37},{"not_picked":["Body Slam+1","Cleave+1"],"picked":"Wild Strike+1","floor":41},{"not_picked":["Panache","Mind Blast+1"],"picked":"Master of Strategy","floor":44},{"not_picked":["Good Instincts","PanicButton"],"picked":"Dark Shackles","floor":44},{"not_picked":["Pommel Strike+1","Iron Wave+1","Cleave+1"],"picked":"SKIP","floor":45},{"not_picked":["True Grit+1","Ghostly Armor"],"picked":"Carnage+1","floor":46},{"not_picked":["Blood for Blood+1","Sentinel+1","Thunderclap+1"],"picked":"SKIP","floor":47},{"not_picked":["Clothesline+1","Pommel Strike+1"],"picked":"Impervious","floor":48},{"not_picked":["Havoc","Combust+1","Shrug It Off"],"picked":"SKIP","floor":54}],"player_experience":190579,"relics_obtained":[{"floor":6,"key":"Magic Flower"},{"floor":8,"key":"Unceasing Top"},{"floor":9,"key":"Eternal Feather"},{"floor":12,"key":"MealTicket"},{"floor":21,"key":"Necronomicon"},{"floor":23,"key":"Girya"},{"floor":26,"key":"Regal Pillow"},{"floor":28,"key":"Molten Egg 2"},{"floor":36,"key":"Ice Cream"},{"floor":39,"key":"Dead Branch"},{"floor":46,"key":"Bag of Preparation"},{"floor":54,"key":"Letter Opener"}],"event_choices":[{"damage_healed":0,"gold_gain":0,"player_choice":"Entered Light","damage_taken":16,"max_hp_gain":0,"max_hp_loss":0,"event_name":"Shining Light","floor":3,"gold_loss":0,"cards_upgraded":["Defend_R","Defend_R"]},{"damage_healed":0,"gold_gain":0,"player_choice":"Obtain J.A.X.","damage_taken":0,"max_hp_gain":0,"max_hp_loss":0,"event_name":"Drug Dealer","floor":19,"gold_loss":0,"cards_obtained":["J.A.X."]},{"damage_healed":0,"gold_gain":0,"player_choice":"Obtained Book","damage_taken":16,"max_hp_gain":0,"max_hp_loss":0,"event_name":"Cursed Tome","floor":21,"gold_loss":0},{"cards_removed":["Second Wind"],"damage_healed":0,"gold_gain":0,"player_choice":"Gave Card","damage_taken":0,"relics_obtained":["White Beast Statue"],"max_hp_gain":0,"max_hp_loss":0,"event_name":"WeMeetAgain","floor":22,"gold_loss":0},{"damage_healed":0,"gold_gain":0,"player_choice":"Fight","damage_taken":0,"max_hp_gain":0,"max_hp_loss":0,"event_name":"MindBloom","floor":39,"gold_loss":0},{"damage_healed":0,"gold_gain":0,"player_choice":"Memory 3","damage_taken":10,"max_hp_gain":0,"max_hp_loss":0,"event_name":"SensoryStone","floor":44,"gold_loss":0}],"is_beta":true,"boss_relics":[{"not_picked":["Runic Dome","Runic Pyramid"],"picked":"Astrolabe"},{"not_picked":["Mark of Pain","Coffee Dripper"],"picked":"Velvet Choker"}],"items_purged_floors":[],"is_endless":false,"potions_floor_spawned":[1,6,8,12,14,16,18,23,25,28,31,33,35,37,39,41,45,46,47,48,54],"killed_by":"The Heart","ascension_level":7}