{"gold_per_floor":[117,2,0,0,18,18,36,46,46,46,60,60,79,179,179,276,276,288,59,76,103,113,113,146,146,146,157,157,157,174,21,21,21],"floor_reached":33,"playtime":2173,"items_purged":["Strike_B"],"score":368,"play_id":"3b9c6659-a3b8-4dd2-bbb4-2ef93b09624f","local_time":"20190812172847","is_ascension_mode":true,"campfire_choices":[{"data":"Doom and Gloom","floor":6,"key":"SMITH"},{"data":"Hologram","floor":12,"key":"SMITH"},{"data":"Zap","floor":15,"key":"SMITH"},{"data":"Loop","floor":23,"key":"SMITH"},{"data":"Creative AI","floor":25,"key":"SMITH"},{"data":"Redo","floor":29,"key":"SMITH"},{"data":"Hologram","floor":32,"key":"SMITH"}],"neow_cost":"NONE","seed_source_timestamp":3188599895162,"circlet_count":0,"master_deck":["Strike_B","Strike_B","Defend_B","Defend_B","Defend_B","Defend_B","Zap+1","Dualcast","Doom and Gloom+1","Self Repair","FTL","Rainbow","Ball Lightning","Hologram+1","White Noise","Cold Snap","Hologram+1","Creative AI+1","Loop+1","Trip","Self Repair+1","Multi-Cast","Redo+1"],"relics":["Coffee Dripper","Bronze Scales","Nuclear Battery","Potion Belt","Cables","Pocketwatch","Lantern"],"potions_floor_usage":[22,24,24,33,33,33],"damage_taken":[{"damage":3,"enemies":"2 Louse","floor":1,"turns":2},{"damage":0,"enemies":"Small Slimes","floor":5,"turns":3},{"damage":0,"enemies":"Cultist","floor":7,"turns":4},{"damage":6,"enemies":"Looter","floor":8,"turns":3},{"damage":16,"enemies":"Lots of Slimes","floor":11,"turns":2},{"damage":14,"enemies":"Exordium Thugs","floor":13,"turns":3},{"damage":0,"enemies":"Slime Boss","floor":16,"turns":5},{"damage":8,"enemies":"3 Byrds","floor":18,"turns":3},{"damage":25,"enemies":"Shell Parasite","floor":20,"turns":4},{"damage":21,"enemies":"3 Cultists","floor":22,"turns":4},{"damage":31,"enemies":"Book of Stabbing","floor":24,"turns":4},{"damage":32,"enemies":"Sentry and Sphere","floor":27,"turns":4},{"damage":5,"enemies":"Snecko","floor":30,"turns":5},{"damage":63,"enemies":"Automaton","floor":33,"turns":6}],"seed_played":"-7632259934381930548","potions_obtained":[{"floor":5,"key":"SpeedPotion"},{"floor":7,"key":"Dexterity Potion"},{"floor":16,"key":"FocusPotion"},{"floor":27,"key":"GamblersBrew"},{"floor":28,"key":"FearPotion"},{"floor":28,"key":"Explosive Potion"},{"floor":28,"key":"SkillPotion"}],"is_trial":false,"path_per_floor":["M","$","?","?","M","R","M","M","T","?","M","R","M","?","R","B",null,"M","$","M","T","M","R","E","R","T","M","?","R","M","$","R","B"],"character_chosen":"DEFECT","items_purchased":["Self Repair","FTL","Loop","Trip","Lantern"],"campfire_rested":0,"item_purchase_floors":[2,2,19,19,31],"current_hp_per_floor":[72,72,72,72,75,75,75,75,75,68,52,52,38,38,38,45,75,74,74,63,63,59,59,45,45,45,20,20,20,25,25,25,0],"gold":21,"neow_bonus":"BOSS_RELIC","is_prod":false,"is_daily":false,"chose_seed":false,"campfire_upgraded":7,"win_rate":0,"timestamp":1565623727,"path_taken":["M","$","?","?","?","R","M","M","T","?","M","R","M","?","R","BOSS","M","$","?","?","M","R","E","R","T","M","?","R","M","$","R","BOSS"],"build_version":"2019-07-17","purchased_purges":1,"victory":false,"max_hp_per_floor":[75,75,75,75,75,75,75,75,75,75,75,75,75,75,75,75,75,75,75,75,75,75,75,75,75,75,75,75,75,75,75,75,75],"card_choices":[{"not_picked":["Gash","Force Field"],"picked":"Doom and Gloom","floor":1},{"not_picked":["Compile Driver","Turbo"],"picked":"Ball Lightning","floor":5},{"not_picked":["Heatsinks","Ball Lightning"],"picked":"Hologram","floor":7},{"not_picked":["Cold Snap","Beam Cell"],"picked":"White Noise","floor":8},{"not_picked":["Beam Cell","Doom and Gloom"],"picked":"Cold Snap","floor":11},{"not_picked":["Aggregate","All For One"],"picked":"Hologram","floor":13},{"not_picked":["Rainbow","Multi-Cast"],"picked":"Creative AI","floor":16},{"not_picked":["Hologram","Ball Lightning","Hello World"],"picked":"SKIP","floor":18},{"not_picked":["Storm","Go for the Eyes"],"picked":"Self Repair+1","floor":20},{"not_picked":["Streamline","Stack+1","Hello World"],"picked":"SKIP","floor":22},{"not_picked":["Reinforced Body+1","Conserve Battery"],"picked":"Multi-Cast","floor":24},{"not_picked":["Static Discharge","Rip and Tear"],"picked":"Redo","floor":27},{"not_picked":["Streamline","Cold Snap","Coolheaded+1"],"picked":"SKIP","floor":30}],"player_experience":292675,"relics_obtained":[{"floor":9,"key":"Bronze Scales"},{"floor":21,"key":"Potion Belt"},{"floor":24,"key":"Cables"},{"floor":26,"key":"Pocketwatch"}],"event_choices":[{"damage_healed":0,"gold_gain":0,"player_choice":"Left Gold","damage_taken":0,"max_hp_gain":0,"max_hp_loss":0,"event_name":"World of Goop","floor":3,"gold_loss":2},{"damage_healed":0,"gold_gain":0,"player_choice":"1 cards matched","damage_taken":0,"max_hp_gain":0,"max_hp_loss":0,"event_name":"Match and Keep!","floor":4,"gold_loss":0,"cards_obtained":["Rainbow"]},{"cards_removed":["Strike_B"],"damage_healed":0,"gold_gain":0,"player_choice":"Card Removal","damage_taken":7,"max_hp_gain":0,"max_hp_loss":0,"event_name":"Golden Wing","floor":10,"gold_loss":0},{"damage_healed":0,"gold_gain":100,"player_choice":"Gold","damage_taken":0,"max_hp_gain":0,"max_hp_loss":0,"event_name":"Wheel of Change","floor":14,"gold_loss":0},{"damage_healed":0,"gold_gain":0,"player_choice":"Got Potions","damage_taken":0,"max_hp_gain":0,"max_hp_loss":0,"event_name":"Lab","floor":28,"gold_loss":0}],"is_beta":false,"boss_relics":[{"not_picked":["White Beast Statue","Tiny House"],"picked":"Nuclear Battery"}],"items_purged_floors":[19],"is_endless":false,"potions_floor_spawned":[5,7,16,20,27],"killed_by":"Automaton","ascension_level":4}