{"gold_per_floor":[118,118,43,62,62,62,92,92,140,159,191,191,65,85,85,157,157,169,169,169,180,104,104],"floor_reached":23,"playtime":2419,"items_purged":["Strike_B","Strike_B"],"score":335,"play_id":"3e882385-a663-49ec-a9ff-05f3930c46ca","local_time":"20190505174657","is_ascension_mode":true,"campfire_choices":[{"data":"Zap","floor":6,"key":"SMITH"},{"floor":8,"key":"REST"},{"floor":12,"key":"REST"},{"floor":15,"key":"REST"}],"neow_cost":"NONE","seed_source_timestamp":1059634795104135,"circlet_count":0,"master_deck":["AscendersBane","Strike_B","Strike_B","Defend_B","Defend_B","Defend_B","Defend_B","Zap+1","Dualcast","Darkness","Ball Lightning","Doom and Gloom","Redo","Leap","Redo","White Noise","Streamline+1","Defragment"],"relics":["Cracked Core","FaceOfCleric","Nunchaku","Blood Vial","Omamori","Odd Mushroom","Sozu"],"potions_floor_usage":[7,10,19],"damage_taken":[{"damage":10,"enemies":"Small Slimes","floor":1,"turns":3},{"damage":0,"enemies":"Cultist","floor":4,"turns":3},{"damage":45,"enemies":"Gremlin Nob","floor":7,"turns":5},{"damage":9,"enemies":"2 Louse","floor":10,"turns":3},{"damage":25,"enemies":"Lagavulin","floor":11,"turns":5},{"damage":11,"enemies":"The Mushroom Lair","floor":14,"turns":4},{"damage":30,"enemies":"Hexaghost","floor":16,"turns":8},{"damage":11,"enemies":"Shell Parasite","floor":18,"turns":5},{"damage":0,"enemies":"2 Thieves","floor":19,"turns":1},{"damage":43,"enemies":"Centurion and Healer","floor":21,"turns":6},{"damage":30,"enemies":"Book of Stabbing","floor":23,"turns":3}],"seed_played":"-7195342557134948235","potions_obtained":[{"floor":4,"key":"Strength Potion"},{"floor":7,"key":"Poison Potion"},{"floor":11,"key":"SmokeBomb"}],"is_trial":false,"path_per_floor":["M","?","$","M","$","R","E","R","T","M","E","R","$","?","R","B",null,"M","M","?","M","$","E"],"character_chosen":"DEFECT","items_purchased":["Leap","Defragment"],"campfire_rested":3,"item_purchase_floors":[13,22],"current_hp_per_floor":[61,61,61,62,62,62,18,42,42,36,14,38,38,30,54,27,70,62,65,65,25,25,0],"gold":104,"neow_bonus":"TEN_PERCENT_HP_BONUS","is_prod":false,"is_daily":false,"chose_seed":false,"campfire_upgraded":1,"win_rate":0,"timestamp":1557096417,"path_taken":["M","?","?","M","$","R","E","R","T","M","E","R","$","?","R","BOSS","M","M","?","M","$","E"],"build_version":"2019-01-23","purchased_purges":2,"victory":false,"max_hp_per_floor":[78,78,78,79,79,79,80,80,80,81,82,82,82,83,83,84,84,85,86,86,87,87,87],"card_choices":[{"not_picked":["Streamline","Rebound"],"picked":"Darkness","floor":1},{"not_picked":["Force Field","Aggregate"],"picked":"Ball Lightning","floor":4},{"not_picked":["BootSequence","Meteor Strike"],"picked":"Doom and Gloom","floor":7},{"not_picked":["Rebound","Chaos","Compile Driver"],"picked":"SKIP","floor":10},{"not_picked":["Force Field","Gash"],"picked":"Redo","floor":11},{"not_picked":["Steam","Hologram"],"picked":"Redo","floor":14},{"not_picked":["Sweeping Beam","Stack"],"picked":"White Noise","floor":18},{"not_picked":["Force Field","Barrage"],"picked":"Streamline+1","floor":21}],"player_experience":1181760,"relics_obtained":[{"floor":7,"key":"Nunchaku"},{"floor":9,"key":"Blood Vial"},{"floor":11,"key":"Omamori"},{"floor":14,"key":"Odd Mushroom"}],"event_choices":[{"damage_healed":0,"gold_gain":0,"player_choice":"Trade","damage_taken":0,"relics_obtained":["FaceOfCleric"],"max_hp_gain":0,"max_hp_loss":0,"event_name":"FaceTrader","floor":2,"gold_loss":0},{"damage_healed":0,"gold_gain":0,"player_choice":"Fought Mushrooms","damage_taken":0,"max_hp_gain":0,"max_hp_loss":0,"event_name":"Mushrooms","floor":14,"gold_loss":0},{"damage_healed":0,"gold_gain":0,"player_choice":"Got Potions","damage_taken":0,"max_hp_gain":0,"max_hp_loss":0,"event_name":"Lab","floor":20,"gold_loss":0}],"is_beta":false,"boss_relics":[{"not_picked":["Empty Cage","Busted Crown"],"picked":"Sozu"}],"items_purged_floors":[3,13],"is_endless":false,"potions_floor_spawned":[4,7,11,18],"killed_by":"Book of Stabbing","ascension_level":14}