{"gold_per_floor":[117,128,128,128,128,128,138,156,231,248,264,72,84,59,59,162,162,172,172,184,211,211],"floor_reached":22,"playtime":2472,"items_purged":[],"score":178,"play_id":"d7058220-e444-47dd-a5b3-1127353cbb51","local_time":"20190929142156","is_ascension_mode":false,"campfire_choices":[{"data":"Strike_R","floor":6,"key":"SMITH"},{"floor":15,"key":"REST"}],"neow_cost":"NONE","seed_source_timestamp":1020710083108400,"circlet_count":0,"master_deck":["Strike_R+1","Strike_R","Strike_R","Strike_R","Strike_R","Defend_R","Defend_R","Defend_R","Defend_R","Bash","Iron Wave","Whirlwind","Flex","Apotheosis","Flex","Demon Form","Blood for Blood"],"relics":["Black Blood","Mercury Hourglass","Happy Flower"],"potions_floor_usage":[16,18,20,22],"damage_taken":[{"damage":6,"enemies":"2 Louse","floor":1,"turns":2},{"damage":15,"enemies":"Cultist","floor":2,"turns":4},{"damage":0,"enemies":"Small Slimes","floor":7,"turns":3},{"damage":25,"enemies":"Exordium Wildlife","floor":8,"turns":5},{"damage":15,"enemies":"Looter","floor":10,"turns":3},{"damage":0,"enemies":"Gremlin Gang","floor":11,"turns":1},{"damage":18,"enemies":"Exordium Wildlife","floor":13,"turns":4},{"damage":57,"enemies":"The Guardian","floor":16,"turns":8},{"damage":52,"enemies":"2 Thieves","floor":18,"turns":4},{"damage":20,"enemies":"3 Byrds","floor":20,"turns":4},{"damage":18,"enemies":"Sentry and Sphere","floor":22,"turns":3}],"seed_played":"3355094973657135968","potions_obtained":[{"floor":0,"key":"Explosive Potion"},{"floor":0,"key":"BloodPotion"},{"floor":0,"key":"AttackPotion"},{"floor":16,"key":"Poison Potion"}],"is_trial":false,"path_per_floor":["M","M","?","?","$","R","M","M","T","M","M","$","M","$","R","B",null,"M","?","M","T","M"],"character_chosen":"IRONCLAD","items_purchased":["Apotheosis","Flex"],"campfire_rested":1,"item_purchase_floors":[12,14],"current_hp_per_floor":[80,71,71,71,71,71,77,58,58,49,55,55,43,43,67,36,80,38,23,13,13,0],"gold":211,"neow_bonus":"THREE_SMALL_POTIONS","is_prod":false,"is_daily":false,"chose_seed":false,"campfire_upgraded":1,"win_rate":0.0,"timestamp":1569759716,"path_taken":["M","M","?","?","$","R","M","M","T","?","M","?","M","$","R","BOSS","M","?","M","?","M"],"build_version":"2019-07-17","purchased_purges":0,"victory":false,"max_hp_per_floor":[80,80,80,80,80,80,80,80,80,80,80,80,80,80,80,80,80,80,85,85,85,85],"card_choices":[{"not_picked":["Shrug It Off","Burning Pact","Iron Wave"],"picked":"SKIP","floor":1},{"not_picked":["Thunderclap","Rage","Shockwave"],"picked":"SKIP","floor":2},{"not_picked":["Feel No Pain","Heavy Blade"],"picked":"Iron Wave","floor":7},{"not_picked":["Feel No Pain","Headbutt"],"picked":"Whirlwind","floor":8},{"not_picked":["Cleave","Thunderclap"],"picked":"Flex","floor":10},{"not_picked":["Hemokinesis","Thunderclap","Rupture"],"picked":"SKIP","floor":11},{"not_picked":["Cleave","Havoc","Ghostly Armor"],"picked":"SKIP","floor":13},{"not_picked":["Reaper","Offering"],"picked":"Demon Form","floor":16},{"not_picked":["Perfected Strike","Havoc"],"picked":"Blood for Blood","floor":18},{"not_picked":["Battle Trance","Sword Boomerang","Hemokinesis"],"picked":"SKIP","floor":20}],"player_experience":65780,"relics_obtained":[{"floor":9,"key":"Mercury Hourglass"},{"floor":21,"key":"Happy Flower"}],"event_choices":[{"damage_healed":0,"gold_gain":0,"player_choice":"Leave","damage_taken":0,"max_hp_gain":0,"max_hp_loss":0,"event_name":"The Cleric","floor":3,"gold_loss":0},{"damage_healed":0,"gold_gain":0,"player_choice":"Got Potions","damage_taken":0,"max_hp_gain":0,"max_hp_loss":0,"event_name":"Lab","floor":4,"gold_loss":0},{"damage_healed":0,"gold_gain":0,"player_choice":"Shed Blood","damage_taken":20,"max_hp_gain":5,"max_hp_loss":0,"event_name":"Forgotten Altar","floor":19,"gold_loss":0}],"is_beta":false,"boss_relics":[{"not_picked":["White Beast Statue","Snecko Eye"],"picked":"Black Blood"}],"items_purged_floors":[],"is_endless":false,"potions_floor_spawned":[7,8,10,16],"killed_by":"Sentry and Sphere","ascension_level":0}