{"gold_per_floor":[112,112,37,112,128,161,161,191,191,91,107,120,45,9,9,9],"floor_reached":16,"playtime":314,"items_purged":["Strike_P","Defend_P"],"score":246,"play_id":"26ad8376-e3ca-4e18-ba4b-2cff4d58b763","local_time":"20190921220525","is_ascension_mode":true,"campfire_choices":[{"data":"Eruption","floor":7,"key":"SMITH"},{"data":"Devotion","floor":15,"key":"SMITH"}],"neow_cost":"NONE","seed_source_timestamp":75668010468500,"circlet_count":0,"master_deck":["AscendersBane","Strike_P","Strike_P","Strike_P","Defend_P","Eruption+1","Vigilance","Protect","Establishment","Devotion+1"],"relics":["PureWater","NeowsBlessing","Bottled Lightning","Bag of Marbles","CeramicFish"],"potions_floor_usage":[8,16,16],"damage_taken":[{"damage":0,"enemies":"Small Slimes","floor":1,"turns":1},{"damage":0,"enemies":"2 Louse","floor":5,"turns":1},{"damage":0,"enemies":"3 Sentries","floor":6,"turns":1},{"damage":12,"enemies":"Lagavulin","floor":8,"turns":7},{"damage":0,"enemies":"Jaw Worm","floor":11,"turns":5},{"damage":0,"enemies":"Large Slime","floor":12,"turns":6},{"damage":21,"enemies":"Hexaghost","floor":16,"turns":9}],"seed_played":"7905168194223697500","potions_obtained":[{"floor":1,"key":"Strength Potion"},{"floor":6,"key":"Dexterity Potion"},{"floor":8,"key":"AttackPotion"}],"is_trial":false,"path_per_floor":["M","?","$","?","M","E","R","E","T","$","M","M","?","$","R","B"],"character_chosen":"WATCHER","items_purchased":["Devotion"],"campfire_rested":0,"item_purchase_floors":[14],"current_hp_per_floor":[55,48,48,37,37,37,37,25,25,25,25,25,25,25,25,4],"gold":9,"neow_bonus":"THREE_ENEMY_KILL","is_prod":false,"is_daily":false,"chose_seed":false,"campfire_upgraded":2,"win_rate":0,"timestamp":1569078325,"path_taken":["M","?","$","?","M","E","R","E","T","?","M","M","?","$","R","BOSS"],"build_version":"2019-09-20","purchased_purges":2,"victory":false,"max_hp_per_floor":[61,61,61,61,61,61,61,61,61,61,61,61,61,61,61,61],"card_choices":[{"not_picked":["Scrawl","BowlingBash","Halt"],"picked":"SKIP","floor":1},{"not_picked":["CarveReality","WaveOfTheHand"],"picked":"Protect","floor":5},{"not_picked":["Halt","Weave","Wallop"],"picked":"SKIP","floor":6},{"not_picked":["SashWhip","FollowUp"],"picked":"Establishment","floor":8},{"not_picked":["SashWhip","WindmillStrike","ClearTheMind"],"picked":"SKIP","floor":11},{"not_picked":["CrushJoints","Conclude","Prostrate"],"picked":"SKIP","floor":12}],"player_experience":1127567,"relics_obtained":[{"floor":6,"key":"Bottled Lightning"},{"floor":8,"key":"Bag of Marbles"},{"floor":9,"key":"CeramicFish"}],"event_choices":[{"cards_removed":["Defend_P"],"damage_healed":0,"gold_gain":0,"player_choice":"Card Removal","damage_taken":7,"max_hp_gain":0,"max_hp_loss":0,"event_name":"Golden Wing","floor":2,"gold_loss":0},{"damage_healed":0,"gold_gain":75,"player_choice":"Gather Gold","damage_taken":11,"max_hp_gain":0,"max_hp_loss":0,"event_name":"World of Goop","floor":4,"gold_loss":0},{"cards_removed":["Defend_P"],"damage_healed":0,"gold_gain":0,"player_choice":"Card Removal","damage_taken":0,"max_hp_gain":0,"max_hp_loss":0,"event_name":"The Cleric","floor":13,"gold_loss":75}],"is_beta":true,"boss_relics":[],"items_purged_floors":[3,10],"is_endless":false,"potions_floor_spawned":[1,6,8],"killed_by":"Hexaghost","ascension_level":17}