{"gold_per_floor":[112,129,129,204,204,238,238,256,283,283,283,298,317,330,330,330],"floor_reached":16,"playtime":462,"items_purged":[],"score":191,"play_id":"20adc1c2-c4de-432a-be75-2da8bc6510ab","local_time":"20190927174555","is_ascension_mode":true,"campfire_choices":[{"data":"Glacier","floor":7,"key":"SMITH"},{"data":"Zap","floor":10,"key":"SMITH"},{"data":"FTL","floor":15,"key":"SMITH"}],"neow_cost":"NONE","seed_source_timestamp":26591058222400,"circlet_count":0,"master_deck":["AscendersBane","Strike_B","Strike_B","Strike_B","Defend_B","Defend_B","Defend_B","Zap+1","Dualcast","FTL+1","Barrage","Blizzard","Glacier+1","Heatsinks","Cold Snap+1","Conserve Battery"],"relics":["Cracked Core","NeowsBlessing","Vajra","Pen Nib","Molten Egg 2"],"potions_floor_usage":[16],"damage_taken":[{"damage":0,"enemies":"Cultist","floor":1,"turns":1},{"damage":0,"enemies":"Small Slimes","floor":2,"turns":1},{"damage":0,"enemies":"Gremlin Nob","floor":6,"turns":1},{"damage":2,"enemies":"2 Louse","floor":8,"turns":3},{"damage":2,"enemies":"Looter","floor":12,"turns":3},{"damage":16,"enemies":"Gremlin Gang","floor":13,"turns":4},{"damage":0,"enemies":"Large Slime","floor":14,"turns":5},{"damage":33,"enemies":"Hexaghost","floor":16,"turns":12}],"seed_played":"5716322312772425103","potions_obtained":[{"floor":1,"key":"Dexterity Potion"},{"floor":2,"key":"Weak Potion"},{"floor":6,"key":"Ancient Potion"}],"is_trial":false,"path_per_floor":["M","M","?","?","?","E","R","M","T","R","T","M","M","M","R","B"],"character_chosen":"DEFECT","items_purchased":[],"campfire_rested":0,"item_purchase_floors":[],"current_hp_per_floor":[68,68,61,50,50,50,50,48,48,48,48,46,30,30,30,0],"gold":330,"neow_bonus":"THREE_ENEMY_KILL","is_prod":false,"is_daily":false,"chose_seed":false,"campfire_upgraded":3,"win_rate":0,"timestamp":1569599155,"path_taken":["M","M","?","?","?","E","R","M","T","R","?","M","M","M","R","BOSS"],"build_version":"2019-07-17","purchased_purges":0,"victory":false,"max_hp_per_floor":[75,75,75,75,75,75,75,75,75,75,75,75,75,75,75,75],"card_choices":[{"not_picked":["Steam","Undo"],"picked":"FTL","floor":1},{"not_picked":["Steam","Turbo"],"picked":"Barrage","floor":2},{"not_picked":["Cold Snap","Machine Learning"],"picked":"Glacier","floor":6},{"not_picked":["Steam","Go for the Eyes"],"picked":"Heatsinks","floor":8},{"not_picked":["Streamline+1","Storm"],"picked":"Cold Snap+1","floor":12},{"not_picked":["Sunder+1","Redo"],"picked":"Conserve Battery","floor":13},{"not_picked":["Stack","Tempest","Beam Cell+1"],"picked":"SKIP","floor":14}],"player_experience":403698,"relics_obtained":[{"floor":6,"key":"Vajra"},{"floor":9,"key":"Pen Nib"},{"floor":11,"key":"Molten Egg 2"}],"event_choices":[{"cards_removed":["Defend_B"],"damage_healed":0,"gold_gain":0,"player_choice":"Card Removal","damage_taken":7,"max_hp_gain":0,"max_hp_loss":0,"event_name":"Golden Wing","floor":3,"gold_loss":0},{"damage_healed":0,"gold_gain":75,"player_choice":"Gather Gold","damage_taken":11,"max_hp_gain":0,"max_hp_loss":0,"event_name":"World of Goop","floor":4,"gold_loss":0},{"damage_healed":0,"gold_gain":0,"cards_transformed":["Strike_B"],"player_choice":"Change","damage_taken":0,"max_hp_gain":0,"max_hp_loss":0,"event_name":"Living Wall","floor":5,"gold_loss":0,"cards_obtained":["Blizzard"]}],"is_beta":false,"boss_relics":[],"items_purged_floors":[],"is_endless":false,"potions_floor_spawned":[1,2,6,14],"killed_by":"Hexaghost","ascension_level":10}