{"gold_per_floor":[116,291,291,305,128,128,154,154,201,231,251,261,261,294,294,399,399,412,425,425,340,356,356,43,62,86,86,185,25,125,50,50,148,148,162,262,272,45,57,57,73,73,97,109,109,109,18,30,30,30],"floor_reached":51,"playtime":4491,"items_purged":["Regret","Normality","Decay"],"score":712,"play_id":"aeb0a5a1-bf9a-4ef2-97fc-db874f0f1957","local_time":"20190916232643","is_ascension_mode":false,"campfire_choices":[{"data":"Redo","floor":6,"key":"SMITH"},{"data":"Capacitor","floor":8,"key":"SMITH"},{"data":"Storm","floor":15,"key":"SMITH"},{"floor":23,"key":"REST"},{"data":"Hologram","floor":27,"key":"SMITH"},{"floor":32,"key":"REST"},{"floor":40,"key":"REST"},{"data":"1","floor":42,"key":"LIFT"},{"floor":49,"key":"REST"}],"neow_cost":"NONE","seed_source_timestamp":372542463748600,"circlet_count":0,"master_deck":["Strike_B","Strike_B","Strike_B","Defend_B+1","Defend_B","Defend_B+1","Defend_B","Zap+1","Dualcast","Glacier","Cold Snap","Redo+1","Self Repair","Capacitor+1","Capacitor","Rebound","Storm+1","Electrodynamics","Parasite","Hologram+1","Amplify","Thunder Strike","Coolheaded","Aggregate+1","Blizzard","Barrage+1","Creative AI","Storm+1","Static Discharge+1","Hologram+1","Self Repair","Defragment+1","Lockon+1","Storm","Storm+1"],"relics":["Cracked Core","Orichalcum","Torii","Potion Belt","War Paint","Spirit Poop","Girya","Calling Bell","Happy Flower","Shuriken","Nunchaku","Mummified Hand","Juzu Bracelet","Boot","Mango","Darkstone Periapt","Fusion Hammer","Thread and Needle","Strawberry","Ancient Tea Set"],"potions_floor_usage":[12,12,14,22,25,33,35,50,50,50,50],"damage_taken":[{"damage":2,"enemies":"Jaw Worm","floor":1,"turns":4},{"damage":4,"enemies":"Cultist","floor":4,"turns":4},{"damage":7,"enemies":"Lagavulin","floor":7,"turns":10},{"damage":17,"enemies":"3 Sentries","floor":10,"turns":9},{"damage":0,"enemies":"Small Slimes","floor":11,"turns":4},{"damage":0,"enemies":"Exordium Thugs","floor":12,"turns":6},{"damage":9,"enemies":"Gremlin Nob","floor":14,"turns":4},{"damage":15,"enemies":"Slime Boss","floor":16,"turns":9},{"damage":20,"enemies":"Shell Parasite","floor":18,"turns":6},{"damage":12,"enemies":"2 Thieves","floor":19,"turns":3},{"damage":8,"enemies":"Chosen and Byrds","floor":22,"turns":5},{"damage":8,"enemies":"Snake Plant","floor":25,"turns":3},{"damage":33,"enemies":"Colosseum Slavers","floor":30,"turns":3},{"damage":21,"enemies":"Colosseum Nobs","floor":30,"turns":5},{"damage":17,"enemies":"Champ","floor":33,"turns":10},{"damage":37,"enemies":"3 Shapes","floor":35,"turns":6},{"damage":0,"enemies":"Mind Bloom Boss Battle","floor":36,"turns":4},{"damage":6,"enemies":"3 Darklings","floor":37,"turns":2},{"damage":1,"enemies":"Sphere and 2 Shapes","floor":39,"turns":3},{"damage":14,"enemies":"Spire Growth","floor":41,"turns":3},{"damage":0,"enemies":"Maw","floor":44,"turns":4},{"damage":12,"enemies":"Writhing Mass","floor":48,"turns":2},{"damage":50,"enemies":"Donu and Deca","floor":50,"turns":5}],"seed_played":"2850431059077661980","potions_obtained":[{"floor":10,"key":"Strength Potion"},{"floor":11,"key":"FearPotion"},{"floor":12,"key":"SteroidPotion"},{"floor":14,"key":"FairyPotion"},{"floor":19,"key":"Weak Potion"},{"floor":30,"key":"Strength Potion"},{"floor":33,"key":"FearPotion"},{"floor":37,"key":"Dexterity Potion"},{"floor":41,"key":"Strength Potion"},{"floor":48,"key":"LiquidBronze"}],"is_trial":false,"path_per_floor":["M","?","?","M","$","R","E","R","T","E","M","M","?","E","R","B",null,"M","M","?","?","M","R","$","M","T","R","?","$","?","?","R","B",null,"M","?","M","$","M","R","M","R","T","M","?","?","$","M","R","B",null],"character_chosen":"DEFECT","items_purchased":["Redo","Self Repair","Thunder Strike","Swift Potion","Coolheaded","Blizzard","Strawberry","Self Repair","Storm","AttackPotion"],"campfire_rested":4,"item_purchase_floors":[5,5,24,24,24,29,38,38,47,47],"current_hp_per_floor":[73,73,73,69,69,69,69,69,69,59,66,73,73,71,71,63,75,62,57,57,57,49,71,71,63,63,63,63,63,44,44,70,60,89,59,66,67,74,80,96,89,89,89,89,89,89,89,77,96,60],"gold":30,"neow_bonus":"UPGRADE_CARD","is_prod":false,"is_daily":false,"chose_seed":false,"campfire_upgraded":4,"win_rate":1,"timestamp":1568690803,"path_taken":["M","?","?","M","?","R","E","R","T","E","?","M","?","E","R","BOSS","M","M","?","?","M","R","$","M","T","R","?","$","?","?","R","BOSS","M","?","M","$","M","R","M","R","T","M","?","?","?","M","R","BOSS"],"build_version":"2019-07-17","purchased_purges":3,"victory":true,"max_hp_per_floor":[75,75,75,75,75,75,75,75,75,75,75,75,75,75,75,75,75,75,75,75,75,75,75,75,75,75,75,75,75,89,89,89,89,89,89,89,89,96,96,96,96,96,96,96,96,96,96,96,96,96],"card_choices":[{"not_picked":["Cold Snap","BootSequence"],"picked":"Glacier","floor":1},{"not_picked":["Steam","Steam Power"],"picked":"Cold Snap","floor":4},{"not_picked":["Streamline","Darkness"],"picked":"Capacitor","floor":7},{"not_picked":["Buffer","Self Repair"],"picked":"Capacitor","floor":10},{"not_picked":["Self Repair","Hello World","Genetic Algorithm"],"picked":"SKIP","floor":11},{"not_picked":["Beam Cell","Chaos"],"picked":"Rebound","floor":12},{"not_picked":["Genetic Algorithm","Gash"],"picked":"Storm","floor":14},{"not_picked":["All For One","Rainbow"],"picked":"Electrodynamics","floor":16},{"not_picked":["Stack","Steam+1"],"picked":"Hologram","floor":18},{"not_picked":["Loop","Storm"],"picked":"Amplify","floor":19},{"not_picked":["Rebound","Darkness","Leap"],"picked":"SKIP","floor":22},{"not_picked":["Streamline+1","Hologram"],"picked":"Aggregate+1","floor":25},{"not_picked":["Static Discharge","Stack+1"],"picked":"Barrage+1","floor":30},{"not_picked":["Amplify","All For One"],"picked":"Creative AI","floor":33},{"not_picked":["Ball Lightning","Cold Snap+1"],"picked":"Storm+1","floor":35},{"not_picked":["Rip and Tear","BootSequence+1"],"picked":"Static Discharge+1","floor":36},{"not_picked":["Darkness","Go for the Eyes+1"],"picked":"Hologram+1","floor":37},{"not_picked":["Lockon+1","Coolheaded+1"],"picked":"Defragment+1","floor":39},{"not_picked":["Genetic Algorithm","Go for the Eyes"],"picked":"Ball Lightning","floor":41},{"not_picked":["Steam+1","Compile Driver+1"],"picked":"Lockon+1","floor":44},{"not_picked":["Lockon","Undo"],"picked":"Storm+1","floor":48}],"player_experience":26583,"relics_obtained":[{"floor":7,"key":"Torii"},{"floor":9,"key":"Potion Belt"},{"floor":10,"key":"War Paint"},{"floor":14,"key":"Girya"},{"floor":17,"key":"Happy Flower"},{"floor":17,"key":"Shuriken"},{"floor":17,"key":"Nunchaku"},{"floor":26,"key":"Boot"},{"floor":30,"key":"Mango"},{"floor":30,"key":"Darkstone Periapt"},{"floor":36,"key":"Thread and Needle"},{"floor":43,"key":"Ancient Tea Set"}],"event_choices":[{"damage_healed":0,"gold_gain":175,"player_choice":"AGREE","damage_taken":0,"max_hp_gain":0,"max_hp_loss":0,"event_name":"Liars Game","floor":2,"gold_loss":0,"cards_obtained":["Doubt"]},{"damage_healed":0,"gold_gain":0,"player_choice":"Box","damage_taken":0,"relics_obtained":["Orichalcum"],"max_hp_gain":0,"max_hp_loss":0,"event_name":"Big Fish","floor":3,"gold_loss":0,"cards_obtained":["Regret"]},{"cards_removed":["Doubt"],"damage_healed":0,"gold_gain":0,"player_choice":"Offered Curse","damage_taken":0,"relics_obtained":["Spirit Poop"],"max_hp_gain":0,"max_hp_loss":0,"event_name":"Bonfire Elementals","floor":13,"gold_loss":0},{"damage_healed":0,"gold_gain":0,"player_choice":"Opened","damage_taken":0,"relics_obtained":["Mummified Hand"],"max_hp_gain":0,"max_hp_loss":0,"event_name":"The Mausoleum","floor":20,"gold_loss":0},{"damage_healed":0,"gold_gain":0,"player_choice":"Obtained Relic","damage_taken":0,"relics_obtained":["Juzu Bracelet"],"max_hp_gain":0,"max_hp_loss":0,"event_name":"Addict","floor":21,"gold_loss":85},{"damage_healed":0,"gold_gain":99,"player_choice":"Stole From Cult","damage_taken":0,"max_hp_gain":0,"max_hp_loss":0,"event_name":"Nest","floor":28,"gold_loss":0},{"damage_healed":0,"gold_gain":0,"player_choice":"Fight","damage_taken":0,"max_hp_gain":0,"max_hp_loss":0,"event_name":"Colosseum","floor":30,"gold_loss":0},{"damage_healed":0,"gold_gain":0,"player_choice":"Fought Nobs","damage_taken":0,"max_hp_gain":0,"max_hp_loss":0,"event_name":"Colosseum","floor":30,"gold_loss":0},{"cards_removed":["Strike_B"],"damage_healed":0,"gold_gain":0,"player_choice":"Gave Gold","damage_taken":0,"max_hp_gain":0,"max_hp_loss":0,"event_name":"Beggar","floor":31,"gold_loss":75},{"damage_healed":0,"gold_gain":0,"player_choice":"Fight","damage_taken":0,"max_hp_gain":0,"max_hp_loss":0,"event_name":"MindBloom","floor":36,"gold_loss":0},{"damage_healed":0,"gold_gain":0,"player_choice":"Ignored","damage_taken":0,"max_hp_gain":0,"max_hp_loss":0,"event_name":"Mysterious Sphere","floor":45,"gold_loss":0},{"cards_removed":["Ball Lightning"],"damage_healed":0,"gold_gain":0,"player_choice":"Removed Attack","damage_taken":0,"max_hp_gain":0,"max_hp_loss":0,"event_name":"Falling","floor":46,"gold_loss":0}],"is_beta":false,"boss_relics":[{"not_picked":["Coffee Dripper","Runic Dome"],"picked":"Calling Bell"},{"not_picked":["Philosopher\u0027s Stone","Snecko Eye"],"picked":"Fusion Hammer"}],"items_purged_floors":[5,24,29],"is_endless":false,"potions_floor_spawned":[10,11,12,14,19,30,30,33,37,41,48],"ascension_level":0}