{"gold_per_floor":[110,110,125,138,155,186,54,54,103,131,131,131,151,179,179,257,257,270,282,282,282,282,282,310,310,310,328,346,364,151,183,183,260,260,278,278,293,308,308,308,131,131,131,161,161,31,62,124,136,148,160],"floor_reached":52,"playtime":1699,"items_purged":["Pain","Strike_R"],"score":2107,"play_id":"70c01d61-a953-4926-8135-d8362dba3f1e","local_time":"20190928141113","is_ascension_mode":true,"campfire_choices":[{"data":"True Grit","floor":8.0,"key":"SMITH"},{"floor":11.0,"key":"REST"},{"floor":15.0,"key":"REST"},{"floor":23,"key":"REST"},{"floor":25,"key":"REST"},{"data":"Juggernaut","floor":32,"key":"SMITH"},{"data":"Juggernaut","floor":40,"key":"SMITH"},{"data":"Dual Wield","floor":42,"key":"SMITH"},{"data":"Feel No Pain","floor":45,"key":"SMITH"},{"data":"Feel No Pain","floor":49,"key":"SMITH"}],"neow_cost":"NONE","seed_source_timestamp":999281214432300,"circlet_count":0,"master_deck":["AscendersBane","Strike_R","Strike_R","Defend_R","Defend_R","Defend_R","Defend_R","Bash","Anger","Feel No Pain+1","Shockwave","True Grit+1","Power Through","Feel No Pain+1","Second Wind","Reckless Charge","Power Through","Immolate+1","Shrug It Off","Evolve","True Grit","Discovery","Rampage+1","Juggernaut+1","Juggernaut+1","Dual Wield+1","Fiend Fire+1","Power Through","Power Through","Metallicize","Corruption"],"special_seed":0,"relics":["Burning Blood","WarpedTongs","Mercury Hourglass","Anchor","Bronze Scales","Mummified Hand","Runic Dome","Enchiridion","Molten Egg 2","White Beast Statue","Lantern","Empty Cage","HornCleat","Vajra","MawBank"],"potions_floor_usage":[16,31,31,33,51,51],"damage_taken":[{"damage":8.0,"enemies":"Jaw Worm","floor":1.0,"turns":7.0},{"damage":3.0,"enemies":"Cultist","floor":3.0,"turns":3.0},{"damage":4.0,"enemies":"2 Louse","floor":4.0,"turns":3.0},{"damage":7.0,"enemies":"2 Fungi Beasts","floor":5.0,"turns":4.0},{"damage":11.0,"enemies":"Gremlin Nob","floor":6.0,"turns":3.0},{"damage":43.0,"enemies":"Lagavulin","floor":10.0,"turns":9.0},{"damage":3.0,"enemies":"Lots of Slimes","floor":13.0,"turns":3.0},{"damage":40.0,"enemies":"Gremlin Nob","floor":14.0,"turns":5.0},{"damage":34,"enemies":"Hexaghost","floor":16,"turns":9},{"damage":2,"enemies":"2 Thieves","floor":18,"turns":3},{"damage":9,"enemies":"Spheric Guardian","floor":19,"turns":5},{"damage":8,"enemies":"Book of Stabbing","floor":24,"turns":5},{"damage":1,"enemies":"Snecko","floor":27,"turns":6},{"damage":8,"enemies":"3 Cultists","floor":28,"turns":4},{"damage":12,"enemies":"Snake Plant","floor":29,"turns":4},{"damage":4,"enemies":"Slavers","floor":31,"turns":6},{"damage":0,"enemies":"Automaton","floor":33,"turns":8},{"damage":0,"enemies":"Orb Walker","floor":35,"turns":3},{"damage":1,"enemies":"3 Shapes","floor":37,"turns":4},{"damage":12,"enemies":"Transient","floor":38,"turns":6},{"damage":17,"enemies":"Nemesis","floor":44,"turns":5},{"damage":6,"enemies":"Reptomancer","floor":47,"turns":5},{"damage":7,"enemies":"Time Eater","floor":50,"turns":9},{"damage":0,"enemies":"Donu and Deca","floor":51,"turns":6}],"seed_played":"7671451038827228014","potions_obtained":[{"floor":0.0,"key":"Strength Potion"},{"floor":0.0,"key":"Fire Potion"},{"floor":0.0,"key":"DuplicationPotion"},{"floor":14.0,"key":"AttackPotion"},{"floor":16,"key":"Swift Potion"},{"floor":24,"key":"ElixirPotion"},{"floor":31,"key":"PowerPotion"},{"floor":33,"key":"Strength Potion"},{"floor":35,"key":"FearPotion"},{"floor":37,"key":"SneckoOil"},{"floor":47,"key":"Regen Potion"}],"is_trial":false,"path_per_floor":["M","?","M","M","M","E","$","R","T","E","R","?","M","E","R","B",null,"M","M","?","?","?","R","E","R","T","M","M","M","$","E","R","B",null,"M","?","M","M","?","R","$","R","T","E","R","$","E","?","R","B","B",null],"character_chosen":"IRONCLAD","items_purchased":["Power Through","Feel No Pain","Discovery","Rampage+1","Fiend Fire+1","Power Through","Metallicize"],"campfire_rested":4,"item_purchase_floors":[7,7,30,30,41,46,46],"current_hp_per_floor":[66,66,69,71,70,65,65,65,65,28,50,50,53,19,41,13,60,64,61,40,19,19,43,41,65,65,70,68,62,62,64,64,70,78,80,76,80,74,74,74,74,74,74,63,63,63,63,63,63,62,76],"gold":172,"neow_bonus":"THREE_SMALL_POTIONS","is_prod":false,"is_daily":false,"chose_seed":false,"campfire_upgraded":6,"win_rate":0,"timestamp":1569705073,"path_taken":["M","?","M","M","M","E","?","R","T","E","R","?","M","E","R","BOSS","M","M","?","?","?","R","E","R","T","?","M","M","$","E","R","BOSS","M","?","M","?","?","R","$","R","T","E","R","$","E","?","R","BOSS","BOSS"],"build_version":"2019-09-27","purchased_purges":2,"victory":true,"max_hp_per_floor":[75,75,75,75,75,75,75,75,75,75,75,75,75,75,75,75,75,75,75,75,80,80,80,80,80,80,80,80,80,80,80,80,80,80,80,80,80,80,76,76,76,76,76,76,76,76,76,76,76,76,76],"card_choices":[{"not_picked":["Sentinel","Flex"],"picked":"Anger","floor":1.0},{"not_picked":["Entrench","Dropkick"],"picked":"Feel No Pain","floor":3.0},{"not_picked":["Corruption","Infernal Blade","Warcry"],"picked":"SKIP","floor":4.0},{"not_picked":["Sentinel","Anger"],"picked":"Shockwave","floor":5.0},{"not_picked":["Warcry","Evolve"],"picked":"True Grit","floor":6.0},{"not_picked":["Wild Strike","Limit Break"],"picked":"Second Wind","floor":10.0},{"not_picked":["Infernal Blade","Blood for Blood"],"picked":"Reckless Charge","floor":13.0},{"not_picked":["Shockwave","Anger"],"picked":"Power Through","floor":14.0},{"not_picked":["Brutality","Double Tap"],"picked":"Immolate","floor":16},{"not_picked":["Pommel Strike","Cleave+1"],"picked":"Shrug It Off","floor":18},{"not_picked":["Headbutt","Warcry","Wild Strike"],"picked":"SKIP","floor":19},{"not_picked":["Thunderclap","Twin Strike","Spot Weakness"],"picked":"SKIP","floor":24},{"not_picked":["Corruption","Armaments"],"picked":"Evolve","floor":27},{"not_picked":["Warcry","Hemokinesis+1"],"picked":"True Grit","floor":28},{"not_picked":["Anger+1","Armaments","Sword Boomerang+1"],"picked":"SKIP","floor":29},{"not_picked":["Metallicize","Heavy Blade+1"],"picked":"Juggernaut","floor":31},{"not_picked":["Feed+1","Berserk"],"picked":"Juggernaut","floor":33},{"not_picked":["Whirlwind+1","Reckless Charge+1"],"picked":"Dual Wield","floor":35},{"not_picked":["Perfected Strike+1","Wild Strike+1","Searing Blow+1"],"picked":"SKIP","floor":37},{"not_picked":["Warcry","Heavy Blade+1","Wild Strike+1"],"picked":"SKIP","floor":38},{"not_picked":["Pommel Strike+1","Headbutt+1"],"picked":"Power Through","floor":44},{"not_picked":["Perfected Strike+1","Battle Trance"],"picked":"Corruption","floor":47}],"player_experience":1095671,"relics_obtained":[{"floor":6.0,"key":"Mercury Hourglass"},{"floor":9.0,"key":"Anchor"},{"floor":10.0,"key":"Bronze Scales"},{"floor":14.0,"key":"Mummified Hand"},{"floor":20,"key":"Enchiridion"},{"floor":24,"key":"Molten Egg 2"},{"floor":26,"key":"White Beast Statue"},{"floor":31,"key":"Lantern"},{"floor":43,"key":"HornCleat"},{"floor":44,"key":"Vajra"},{"floor":47,"key":"MawBank"}],"event_choices":[{"damage_healed":0.0,"max_hp_gain":0.0,"max_hp_loss":0.0,"gold_gain":0.0,"event_name":"Accursed Blacksmith","player_choice":"Rummage","floor":2.0,"gold_loss":0.0,"damage_taken":0.0,"relics_obtained":["WarpedTongs"],"cards_obtained":["Pain"]},{"damage_healed":0.0,"max_hp_gain":0.0,"max_hp_loss":0.0,"gold_gain":0.0,"event_name":"Liars Game","player_choice":"Ignored","floor":12.0,"gold_loss":0.0,"damage_taken":0.0},{"damage_healed":0,"gold_gain":0,"player_choice":"Obtained Book","damage_taken":21,"max_hp_gain":0,"max_hp_loss":0,"event_name":"Cursed Tome","floor":20,"gold_loss":0},{"damage_healed":0,"gold_gain":0,"player_choice":"Shed Blood","damage_taken":26,"max_hp_gain":5,"max_hp_loss":0,"event_name":"Forgotten Altar","floor":21,"gold_loss":0},{"damage_healed":0,"gold_gain":0,"player_choice":"Upgraded","damage_taken":0,"max_hp_gain":0,"max_hp_loss":0,"event_name":"Upgrade Shrine","floor":22,"gold_loss":0,"cards_upgraded":["Immolate"]},{"damage_healed":0,"gold_gain":0,"player_choice":"Bought 0 Potions","damage_taken":0,"max_hp_gain":0,"max_hp_loss":0,"event_name":"The Woman in Blue","floor":36,"gold_loss":0},{"damage_healed":0,"gold_gain":0,"player_choice":"Max HP","damage_taken":0,"max_hp_gain":0,"max_hp_loss":4,"event_name":"Winding Halls","floor":39,"gold_loss":0},{"damage_healed":0,"gold_gain":50,"player_choice":"Pray","damage_taken":0,"max_hp_gain":0,"max_hp_loss":0,"event_name":"Golden Shrine","floor":48,"gold_loss":0}],"is_beta":true,"boss_relics":[{"not_picked":["Runic Cube","Black Star"],"picked":"Runic Dome"},{"not_picked":["SacredBark","Velvet Choker"],"picked":"Empty Cage"}],"items_purged_floors":[30,41],"is_endless":false,"potions_floor_spawned":[1,3,4,14,16,24,27,28,29,31,33,35,37,38,44,47],"ascension_level":20}