{"gold_per_floor":[113,125,135,145,145,145,145,157,227,327,327,354,373,401,401,473,473,393,411,79,4,14,14,24,24,81,81,99,19,45,65,65,138,138,158,176,193,211,211,211,223,239,263,273,303,321,57,57,57,57,57,57,57,57,90,90],"floor_reached":57,"playtime":4670,"items_purged":["Strike_G"],"score":2736,"play_id":"c3d49f7a-013e-4575-a7f1-e1887598608b","local_time":"20190524192500","is_ascension_mode":true,"campfire_choices":[{"data":"Crippling Poison","floor":6.0,"key":"SMITH"},{"data":"Wraith Form v2","floor":11.0,"key":"SMITH"},{"data":"Malaise","floor":15.0,"key":"SMITH"},{"floor":23.0,"key":"REST"},{"floor":27.0,"key":"REST"},{"floor":32.0,"key":"REST"},{"floor":40.0,"key":"REST"},{"floor":49.0,"key":"RECALL"},{"floor":53,"key":"REST"}],"neow_cost":"PERCENT_DAMAGE","seed_source_timestamp":159589591108327,"circlet_count":0,"master_deck":["AscendersBane","Defend_G","Defend_G","Defend_G","Defend_G","Defend_G","Strike_G","Strike_G","Strike_G+1","Survivor","Neutralize+1","Crippling Poison+1","Wraith Form v2+1","Skewer+1","Dash","Leg Sweep","PiercingWail","Malaise+1","Burst","Backflip","Glass Knife","Wraith Form v2","Backflip","Catalyst","Backflip","Footwork","Flying Knee","Crippling Poison+1","Night Terror","PiercingWail","Crippling Poison","PiercingWail","Die Die Die","Escape Plan","Crippling Poison","Footwork"],"special_seed":0,"relics":["Ring of the Snake","Gambling Chip","Dodecahedron","FossilizedHelix","Whetstone","Fusion Hammer","Tiny Chest","Bronze Scales","Snecko Eye","Pen Nib","Calipers","Bottled Lightning","Regal Pillow","Orichalcum"],"potions_floor_usage":[56,56],"damage_taken":[{"damage":14.0,"enemies":"Jaw Worm","floor":1.0,"turns":7.0},{"damage":0.0,"enemies":"2 Louse","floor":2.0,"turns":5.0},{"damage":0.0,"enemies":"Cultist","floor":3.0,"turns":4.0},{"damage":19.0,"enemies":"Large Slime","floor":4.0,"turns":9.0},{"damage":0.0,"enemies":"2 Fungi Beasts","floor":8.0,"turns":3.0},{"damage":8.0,"enemies":"3 Sentries","floor":12.0,"turns":11.0},{"damage":1.0,"enemies":"Exordium Thugs","floor":13.0,"turns":7.0},{"damage":10.0,"enemies":"Gremlin Nob","floor":14.0,"turns":5.0},{"damage":0.0,"enemies":"The Guardian","floor":16.0,"turns":18.0},{"damage":8.0,"enemies":"2 Thieves","floor":18.0,"turns":4.0},{"damage":0.0,"enemies":"3 Byrds","floor":19.0,"turns":5.0},{"damage":16.0,"enemies":"Centurion and Healer","floor":22.0,"turns":12.0},{"damage":19.0,"enemies":"3 Cultists","floor":24.0,"turns":6.0},{"damage":1.0,"enemies":"Sentry and Sphere","floor":28.0,"turns":11.0},{"damage":5.0,"enemies":"Book of Stabbing","floor":30.0,"turns":7.0},{"damage":15.0,"enemies":"Snake Plant","floor":31.0,"turns":3.0},{"damage":20.0,"enemies":"Collector","floor":33.0,"turns":8.0},{"damage":0.0,"enemies":"3 Shapes","floor":35.0,"turns":5.0},{"damage":0.0,"enemies":"3 Darklings","floor":36.0,"turns":3.0},{"damage":0.0,"enemies":"Maw","floor":37.0,"turns":6.0},{"damage":0.0,"enemies":"Transient","floor":38.0,"turns":6.0},{"damage":0.0,"enemies":"3 Darklings","floor":41.0,"turns":4.0},{"damage":0.0,"enemies":"Maw","floor":42.0,"turns":3.0},{"damage":0.0,"enemies":"Jaw Worm Horde","floor":44.0,"turns":3.0},{"damage":2.0,"enemies":"Nemesis","floor":45.0,"turns":7.0},{"damage":6.0,"enemies":"Writhing Mass","floor":46.0,"turns":7.0},{"damage":23.0,"enemies":"Donu and Deca","floor":50.0,"turns":10.0},{"damage":28,"enemies":"Time Eater","floor":51,"turns":4},{"damage":4,"enemies":"Shield and Spear","floor":55,"turns":8},{"damage":71,"enemies":"The Heart","floor":56,"turns":15}],"seed_played":"-9014405493674781302","potions_obtained":[{"floor":2.0,"key":"AttackPotion"},{"floor":8.0,"key":"SteroidPotion"},{"floor":13.0,"key":"Weak Potion"},{"floor":14.0,"key":"SteroidPotion"},{"floor":22.0,"key":"Poison Potion"},{"floor":30.0,"key":"PowerPotion"},{"floor":35.0,"key":"Block Potion"},{"floor":44.0,"key":"Fire Potion"},{"floor":55,"key":"Regen Potion"}],"is_trial":false,"path_per_floor":["M","M","M","M","?","R","?","M","T","?","R","E","M","E","R","B",null,"M","M","$","?","M","R","M","?","T","R","M","$","E","M","R","B",null,"M","M","M","M","?","R","M","M","T","M","E","M","$","T","R","B","B",null,"R","$","E","B",null],"character_chosen":"THE_SILENT","items_purchased":["Wraith Form v2","GhostInAJar","Footwork","Bottled Lightning"],"campfire_rested":5,"item_purchase_floors":[20,20,29,47],"current_hp_per_floor":[30,30,30,11,33,33,33,33,33,33,33,25,24,14,14,14,53,45,45,45,45,29,48,29,29,29,48,47,47,42,27,46,26,56,56,56,56,56,56,66,66,66,66,66,64,58,58,58,58,35,7,51,66,66,62,1],"gold":90,"neow_bonus":"ONE_RARE_RELIC","is_prod":false,"is_daily":false,"chose_seed":false,"campfire_upgraded":3,"win_rate":0,"timestamp":1558740300,"path_taken":["M","M","M","M","?","R","?","M","T","?","R","E","M","E","R","BOSS","M","?","$","?","M","R","M","?","T","R","?","?","E","M","R","BOSS","M","M","M","M","?","R","M","M","T","M","E","?","$","?","R","BOSS","BOSS","R","$","E","BOSS"],"build_version":"2019-01-23","purchased_purges":1,"victory":true,"max_hp_per_floor":[66,66,66,66,66,66,66,66,66,66,66,66,66,66,66,66,66,66,66,66,66,66,66,66,66,66,66,66,66,66,66,66,66,66,66,66,66,66,66,66,66,66,66,66,66,66,66,66,66,66,66,66,66,66,66,66],"card_choices":[{"not_picked":["Deflect","Slice","Prepared"],"picked":"SKIP","floor":1.0},{"not_picked":["Dagger Spray","Choke"],"picked":"Crippling Poison","floor":2.0},{"not_picked":["Poisoned Stab","Flying Knee"],"picked":"Wraith Form v2","floor":3.0},{"not_picked":["Choke","Dagger Spray"],"picked":"Skewer","floor":4.0},{"not_picked":["Escape Plan","Quick Slash"],"picked":"Dash","floor":8.0},{"not_picked":["Backstab","Finisher"],"picked":"Leg Sweep","floor":12.0},{"not_picked":["Cloak And Dagger","Acrobatics"],"picked":"PiercingWail","floor":13.0},{"not_picked":["Backstab","Flying Knee"],"picked":"Malaise","floor":14.0},{"not_picked":["Venomology","After Image"],"picked":"Burst","floor":16.0},{"not_picked":["Cloak And Dagger","Outmaneuver"],"picked":"Backflip","floor":18.0},{"not_picked":["Masterful Stab","Quick Slash"],"picked":"Glass Knife","floor":19.0},{"not_picked":["Terror","Sucker Punch"],"picked":"Poisoned Stab","floor":22.0},{"not_picked":["Dagger Spray","Underhanded Strike"],"picked":"Backflip","floor":24.0},{"not_picked":["Blade Dance+1","Outmaneuver"],"picked":"Backflip","floor":28.0},{"not_picked":["Cloak And Dagger","Deflect"],"picked":"Flying Knee","floor":30.0},{"not_picked":["Bane","Slice"],"picked":"Crippling Poison+1","floor":31.0},{"not_picked":["Grand Finale","Tools of the Trade"],"picked":"Night Terror","floor":33.0},{"not_picked":["Accuracy","Underhanded Strike","Reflex"],"picked":"SKIP","floor":35.0},{"not_picked":["Blade Dance+1","Slice","Tactician"],"picked":"SKIP","floor":36.0},{"not_picked":["Prepared+1","Blur"],"picked":"PiercingWail","floor":37.0},{"not_picked":["Bane+1","Sucker Punch","Acrobatics"],"picked":"SKIP","floor":38.0},{"not_picked":["Flying Knee","Distraction"],"picked":"Crippling Poison","floor":41.0},{"not_picked":["Dodge and Roll","Flying Knee"],"picked":"PiercingWail","floor":42.0},{"not_picked":["Dagger Spray","Slice+1"],"picked":"Die Die Die","floor":44.0},{"not_picked":["Tactician","Riddle With Holes"],"picked":"Escape Plan","floor":45.0},{"not_picked":["Eviscerate","Sucker Punch"],"picked":"Crippling Poison","floor":46.0},{"not_picked":["Sucker Punch+1","Masterful Stab"],"picked":"Footwork","floor":55}],"player_experience":884164,"relics_obtained":[{"floor":9.0,"key":"Dodecahedron"},{"floor":12.0,"key":"FossilizedHelix"},{"floor":14.0,"key":"Whetstone"},{"floor":26.0,"key":"Tiny Chest"},{"floor":30.0,"key":"Bronze Scales"},{"floor":45.0,"key":"Calipers"},{"floor":48.0,"key":"Regal Pillow"},{"floor":55,"key":"Orichalcum"}],"event_choices":[{"damage_healed":22.0,"max_hp_gain":0.0,"max_hp_loss":0.0,"gold_gain":0.0,"event_name":"Big Fish","player_choice":"Banana","floor":5.0,"gold_loss":0.0,"damage_taken":0.0},{"damage_healed":0.0,"max_hp_gain":0.0,"max_hp_loss":0.0,"gold_gain":0.0,"event_name":"Living Wall","player_choice":"Grow","floor":7.0,"gold_loss":0.0,"damage_taken":0.0,"cards_upgraded":["Skewer"]},{"damage_healed":0.0,"max_hp_gain":0.0,"max_hp_loss":0.0,"gold_gain":100.0,"event_name":"Wheel of Change","player_choice":"Gold","floor":10.0,"gold_loss":0.0,"damage_taken":0.0},{"cards_removed":["Strike_G"],"damage_healed":0.0,"max_hp_gain":0.0,"max_hp_loss":0.0,"gold_gain":0.0,"event_name":"Beggar","player_choice":"Gave Gold","floor":21.0,"gold_loss":75.0,"damage_taken":0.0},{"damage_healed":0.0,"max_hp_gain":0.0,"max_hp_loss":0.0,"gold_gain":0.0,"event_name":"The Library","player_choice":"Read","floor":25.0,"gold_loss":0.0,"damage_taken":0.0,"cards_obtained":["Catalyst"]},{"cards_removed":["Poisoned Stab"],"damage_healed":0.0,"max_hp_gain":0.0,"max_hp_loss":0.0,"gold_gain":0.0,"event_name":"WeMeetAgain","player_choice":"Gave Card","floor":39.0,"gold_loss":0.0,"damage_taken":0.0,"relics_obtained":["Pen Nib"]}],"is_beta":false,"boss_relics":[{"not_picked":["Runic Dome","Tiny House"],"picked":"Fusion Hammer"},{"not_picked":["Velvet Choker","Coffee Dripper"],"picked":"Snecko Eye"}],"items_purged_floors":[20],"is_endless":false,"potions_floor_spawned":[2,8,13,14,22,24,30,31,35,44,46,55],"ascension_level":20}