{"gold_per_floor":[114,64,74,74,89,89,117,117,117,117,130,130,55,73,73,73],"floor_reached":16,"playtime":692,"items_purged":["Regret"],"score":120,"play_id":"858ea18e-da12-4b4f-bcc3-66e536534d96","local_time":"20190607105057","is_ascension_mode":true,"campfire_choices":[{"data":"Purity","floor":6,"key":"SMITH"},{"floor":8,"key":"REST"},{"data":"Shockwave","floor":10,"key":"SMITH"},{"floor":15,"key":"REST"}],"neow_cost":"NONE","seed_source_timestamp":7467102328845,"circlet_count":0,"master_deck":["Strike_R","Strike_R","Strike_R","Strike_R","Defend_R","Defend_R","Defend_R","Defend_R","Bash","Purity+1","Shockwave+1"],"relics":["Burning Blood","Darkstone Periapt","Bottled Lightning","Pantograph"],"potions_floor_usage":[7,7,16,16],"damage_taken":[{"damage":8,"enemies":"2 Louse","floor":1,"turns":3},{"damage":18,"enemies":"Jaw Worm","floor":3,"turns":6},{"damage":0,"enemies":"Small Slimes","floor":5,"turns":4},{"damage":45,"enemies":"Lagavulin","floor":7,"turns":7},{"damage":12,"enemies":"Exordium Wildlife","floor":11,"turns":4},{"damage":33,"enemies":"Lots of Slimes","floor":14,"turns":7},{"damage":85,"enemies":"Slime Boss","floor":16,"turns":11}],"seed_played":"-5461197834660021044","potions_obtained":[{"floor":1,"key":"Poison Potion"},{"floor":3,"key":"GamblersBrew"},{"floor":5,"key":"Block Potion"},{"floor":11,"key":"SkillPotion"}],"is_trial":false,"path_per_floor":["M","?","M","$","M","R","E","R","T","R","M","?","$","M","R","B"],"character_chosen":"IRONCLAD","items_purchased":[],"campfire_rested":2,"item_purchase_floors":[],"current_hp_per_floor":[78,78,66,66,72,72,33,57,57,57,51,57,57,30,55,0],"gold":73,"neow_bonus":"RANDOM_COLORLESS","is_prod":false,"is_daily":false,"chose_seed":false,"campfire_upgraded":2,"win_rate":0,"timestamp":1559897457,"path_taken":["M","?","M","$","M","R","E","R","T","R","M","?","$","M","R","BOSS"],"build_version":"2019-01-23","purchased_purges":1,"victory":false,"max_hp_per_floor":[80,80,80,80,80,80,80,80,80,80,80,86,86,86,86,86],"card_choices":[{"not_picked":["Rupture","Wild Strike"],"picked":"Shockwave","floor":1},{"not_picked":["Inflame","Headbutt","Flex"],"picked":"SKIP","floor":3},{"not_picked":["Iron Wave","True Grit","Sword Boomerang"],"picked":"SKIP","floor":5},{"not_picked":["Headbutt","Perfected Strike","Fire Breathing"],"picked":"SKIP","floor":7},{"not_picked":["Iron Wave","Reckless Charge","Pommel Strike"],"picked":"SKIP","floor":11},{"not_picked":["Cleave","True Grit","Bludgeon"],"picked":"SKIP","floor":14}],"player_experience":194485,"relics_obtained":[{"floor":7,"key":"Darkstone Periapt"},{"floor":9,"key":"Bottled Lightning"}],"event_choices":[{"cards_removed":["Strike_R"],"damage_healed":0,"gold_gain":0,"player_choice":"Card Removal","damage_taken":0,"max_hp_gain":0,"max_hp_loss":0,"event_name":"The Cleric","floor":2,"gold_loss":50},{"damage_healed":0,"gold_gain":0,"player_choice":"Box","damage_taken":0,"relics_obtained":["Pantograph"],"max_hp_gain":0,"max_hp_loss":0,"event_name":"Big Fish","floor":12,"gold_loss":0,"cards_obtained":["Regret"]}],"is_beta":false,"boss_relics":[],"items_purged_floors":[13],"is_endless":false,"potions_floor_spawned":[1,3,5,11],"killed_by":"Slime Boss","ascension_level":4}