{"gold_per_floor":[109,9,25,40,40,40,50,50,74,44,56,56,67,17,17,17],"floor_reached":16,"playtime":835,"items_purged":["Strike_R"],"score":129,"play_id":"b82491cc-2f27-4f61-b902-39c7d609a2c6","local_time":"20190926113622","is_ascension_mode":true,"campfire_choices":[{"data":"Mind Blast","floor":6,"key":"SMITH"},{"data":"Shrug It Off","floor":8,"key":"SMITH"},{"data":"Armaments","floor":15,"key":"SMITH"}],"neow_cost":"PERCENT_DAMAGE","seed_source_timestamp":3651402186200,"circlet_count":0,"master_deck":["Strike_R","Strike_R","Strike_R","Defend_R","Defend_R","Defend_R","Defend_R","Bash","Panache","Mind Blast+1","Shockwave","Shrug It Off+1","Dropkick","Armaments+1","Havoc","Dual Wield"],"relics":["Burning Blood","Smiling Mask","CultistMask"],"potions_floor_usage":[11],"damage_taken":[{"damage":1,"enemies":"Cultist","floor":1,"turns":4},{"damage":7,"enemies":"Jaw Worm","floor":3,"turns":5},{"damage":8,"enemies":"Small Slimes","floor":4,"turns":3},{"damage":6,"enemies":"Exordium Wildlife","floor":7,"turns":6},{"damage":1,"enemies":"Looter","floor":10,"turns":4},{"damage":7,"enemies":"Large Slime","floor":11,"turns":7},{"damage":2,"enemies":"2 Fungi Beasts","floor":13,"turns":5},{"damage":23,"enemies":"Hexaghost","floor":16,"turns":11}],"seed_played":"2127970896506976635","potions_obtained":[{"floor":1,"key":"Fire Potion"},{"floor":7,"key":"EssenceOfSteel"},{"floor":13,"key":"EssenceOfSteel"}],"is_trial":false,"path_per_floor":["M","$","M","M","?","R","M","R","T","M","M","?","M","$","R","B"],"character_chosen":"IRONCLAD","items_purchased":["Shockwave","Shrug It Off"],"campfire_rested":0,"item_purchase_floors":[2,2],"current_hp_per_floor":[56,56,55,53,46,46,46,46,46,51,50,50,54,54,54,31],"gold":17,"neow_bonus":"RANDOM_COLORLESS_2","is_prod":false,"is_daily":false,"chose_seed":false,"campfire_upgraded":3,"win_rate":0,"timestamp":1569490582,"path_taken":["M","?","?","M","?","R","M","R","T","M","M","?","?","?","R","BOSS"],"build_version":"2019-07-17","purchased_purges":1,"victory":false,"max_hp_per_floor":[80,80,80,80,80,80,80,80,80,80,80,80,80,80,80,80],"card_choices":[{"not_picked":["Fire Breathing","Blood for Blood","Wild Strike"],"picked":"SKIP","floor":1},{"not_picked":["Cleave","Pommel Strike"],"picked":"Dropkick","floor":3},{"not_picked":["Clash","Reckless Charge"],"picked":"Armaments","floor":4},{"not_picked":["Flex","Whirlwind","Combust"],"picked":"SKIP","floor":7},{"not_picked":["Armaments","Wild Strike","Anger"],"picked":"SKIP","floor":10},{"not_picked":["Disarm","Feel No Pain"],"picked":"Havoc","floor":11},{"not_picked":["Cleave","Immolate"],"picked":"Dual Wield","floor":13}],"player_experience":394491,"relics_obtained":[{"floor":9,"key":"Smiling Mask"}],"event_choices":[{"cards_removed":["Strike_R"],"damage_healed":0,"gold_gain":0,"player_choice":"Card Removal","damage_taken":7,"max_hp_gain":0,"max_hp_loss":0,"event_name":"Golden Wing","floor":5,"gold_loss":0},{"damage_healed":0,"gold_gain":0,"player_choice":"Trade","damage_taken":0,"relics_obtained":["CultistMask"],"max_hp_gain":0,"max_hp_loss":0,"event_name":"FaceTrader","floor":12,"gold_loss":0}],"is_beta":false,"boss_relics":[],"items_purged_floors":[14],"is_endless":false,"potions_floor_spawned":[1,7,13],"killed_by":"Hexaghost","ascension_level":8}