{"gold_per_floor":[115,126,139,159,159,187,247,247,247,308,335,33,33,33,33,107,107,119,133,133,133,96,96,127,141,141,172,172,207,221,64,64,64],"floor_reached":33,"playtime":860,"items_purged":[],"score":697,"play_id":"56ac2571-55e5-4c52-a0c0-9a54c55d8e83","local_time":"20190929154701","is_ascension_mode":true,"campfire_choices":[{"data":"Perfected Strike","floor":8.0,"key":"SMITH"},{"data":"Perfected Strike","floor":13.0,"key":"SMITH"},{"data":"Perfected Strike","floor":15.0,"key":"SMITH"},{"floor":23.0,"key":"REST"},{"data":"Dual Wield","floor":28.0,"key":"SMITH"},{"floor":32.0,"key":"REST"}],"neow_cost":"NONE","seed_source_timestamp":1092229584893000,"circlet_count":0,"master_deck":["AscendersBane","Strike_R","Strike_R","Strike_R","Strike_R","Strike_R","Defend_R","Defend_R","Defend_R","Defend_R","Bash","Armaments","Perfected Strike+1","Spot Weakness","Fire Breathing","Perfected Strike+1","Wild Strike","Perfected Strike+1","Perfected Strike+1","Evolve","Pommel Strike","Metallicize","Pommel Strike","Dual Wield+1","Brutality","Battle Trance"],"special_seed":0,"relics":["Burning Blood","Bag of Marbles","Gremlin Horn","Mummified Hand","Self Forming Clay","Darkstone Periapt","DollysMirror","Velvet Choker","Sundial","Smiling Mask","Vajra","Membership Card"],"potions_floor_usage":[33,33],"damage_taken":[{"damage":31.0,"enemies":"Jaw Worm","floor":1.0,"turns":7.0},{"damage":11.0,"enemies":"2 Louse","floor":2.0,"turns":3.0},{"damage":6.0,"enemies":"Small Slimes","floor":3.0,"turns":2.0},{"damage":12.0,"enemies":"Exordium Wildlife","floor":4.0,"turns":3.0},{"damage":31.0,"enemies":"Gremlin Nob","floor":6.0,"turns":4.0},{"damage":15.0,"enemies":"3 Sentries","floor":7.0,"turns":6.0},{"damage":9.0,"enemies":"3 Sentries","floor":11.0,"turns":4.0},{"damage":13.0,"enemies":"Slime Boss","floor":16.0,"turns":5.0},{"damage":4.0,"enemies":"2 Thieves","floor":18.0,"turns":3.0},{"damage":0.0,"enemies":"Spheric Guardian","floor":19.0,"turns":1.0},{"damage":29.0,"enemies":"Book of Stabbing","floor":24.0,"turns":4.0},{"damage":5.0,"enemies":"Snecko","floor":25.0,"turns":3.0},{"damage":0.0,"enemies":"Slavers","floor":27.0,"turns":2.0},{"damage":10.0,"enemies":"Gremlin Leader","floor":29.0,"turns":4.0},{"damage":22.0,"enemies":"Shelled Parasite and Fungi","floor":30.0,"turns":3.0},{"damage":63,"enemies":"Automaton","floor":33,"turns":6}],"seed_played":"-1458680346847527551","potions_obtained":[{"floor":3.0,"key":"SteroidPotion"},{"floor":6.0,"key":"ElixirPotion"},{"floor":7.0,"key":"ElixirPotion"},{"floor":11.0,"key":"Energy Potion"},{"floor":16.0,"key":"FearPotion"},{"floor":18.0,"key":"Fire Potion"},{"floor":27.0,"key":"SpeedPotion"},{"floor":30.0,"key":"Strength Potion"}],"is_trial":false,"path_per_floor":["M","M","M","M","?","E","?","R","T","?","E","$","R","?","R","B",null,"M","M","?","?","$","R","E","M","T","E","R","E","M","$","R","B"],"character_chosen":"IRONCLAD","items_purchased":["Perfected Strike","DollysMirror","Evolve","Metallicize","Membership Card"],"campfire_rested":2,"item_purchase_floors":[12,12,12,22,31],"current_hp_per_floor":[43,38,38,32,57,32,23,23,23,23,20,20,20,20,20,13,60,62,68,47,47,47,71,48,49,49,55,55,51,35,35,59,0],"gold":64,"neow_bonus":"RANDOM_COMMON_RELIC","is_prod":false,"is_daily":false,"chose_seed":false,"campfire_upgraded":4,"win_rate":0,"timestamp":1569797221,"path_taken":["M","M","M","M","?","E","?","R","T","?","E","$","R","?","R","BOSS","M","M","?","?","?","R","E","M","T","E","R","E","M","$","R","BOSS"],"build_version":"2019-09-27","purchased_purges":0,"victory":false,"max_hp_per_floor":[75,75,75,75,75,75,75,75,75,75,75,75,75,75,75,75,75,75,75,80,80,80,80,80,80,80,80,80,80,80,80,80,80],"card_choices":[{"not_picked":["Twin Strike","Cleave"],"picked":"Armaments","floor":1.0},{"not_picked":["Corruption","Twin Strike"],"picked":"Perfected Strike","floor":2.0},{"not_picked":["Thunderclap","Dropkick"],"picked":"Spot Weakness","floor":3.0},{"not_picked":["Armaments","Iron Wave"],"picked":"Fire Breathing","floor":4.0},{"not_picked":["Berserk","Sever Soul"],"picked":"Perfected Strike","floor":6.0},{"not_picked":["Power Through","Body Slam"],"picked":"Wild Strike","floor":7.0},{"not_picked":["Body Slam","Carnage","Infernal Blade"],"picked":"SKIP","floor":11.0},{"not_picked":["Iron Wave","Bloodletting","Flex"],"picked":"SKIP","floor":18.0},{"not_picked":["Disarm","Twin Strike"],"picked":"Pommel Strike","floor":19.0},{"not_picked":["Reaper","Hemokinesis","Headbutt"],"picked":"SKIP","floor":24.0},{"not_picked":["Body Slam","Clothesline"],"picked":"Pommel Strike","floor":25.0},{"not_picked":["Thunderclap","Sword Boomerang"],"picked":"Dual Wield","floor":27.0},{"not_picked":["Sever Soul","Hemokinesis"],"picked":"Brutality","floor":29.0},{"not_picked":["Thunderclap","Iron Wave"],"picked":"Battle Trance","floor":30.0}],"player_experience":1121898,"relics_obtained":[{"floor":6.0,"key":"Gremlin Horn"},{"floor":7.0,"key":"Mummified Hand"},{"floor":9.0,"key":"Self Forming Clay"},{"floor":11.0,"key":"Darkstone Periapt"},{"floor":26.0,"key":"Sundial"},{"floor":27.0,"key":"Smiling Mask"},{"floor":29.0,"key":"Vajra"}],"event_choices":[{"damage_healed":25.0,"max_hp_gain":0.0,"max_hp_loss":0.0,"gold_gain":0.0,"event_name":"Big Fish","player_choice":"Banana","floor":5.0,"gold_loss":0.0,"damage_taken":0.0},{"damage_healed":0.0,"max_hp_gain":0.0,"max_hp_loss":0.0,"gold_gain":0.0,"event_name":"Dead Adventurer","player_choice":"Searched \u00271\u0027 times","floor":7.0,"gold_loss":0.0,"damage_taken":0.0},{"damage_healed":0.0,"max_hp_gain":0.0,"max_hp_loss":0.0,"gold_gain":61.0,"event_name":"Golden Wing","player_choice":"Gained Gold","floor":10.0,"gold_loss":0.0,"damage_taken":0.0},{"damage_healed":0.0,"max_hp_gain":0.0,"max_hp_loss":0.0,"gold_gain":0.0,"event_name":"Liars Game","player_choice":"Ignored","floor":14.0,"gold_loss":0.0,"damage_taken":0.0},{"damage_healed":0.0,"max_hp_gain":5.0,"max_hp_loss":0.0,"gold_gain":0.0,"event_name":"Forgotten Altar","player_choice":"Shed Blood","floor":20.0,"gold_loss":0.0,"damage_taken":26.0},{"damage_healed":0.0,"max_hp_gain":0.0,"max_hp_loss":0.0,"gold_gain":0.0,"event_name":"Beggar","player_choice":"Ignored","floor":21.0,"gold_loss":0.0,"damage_taken":0.0}],"is_beta":true,"boss_relics":[{"not_picked":["Coffee Dripper","Calling Bell"],"picked":"Velvet Choker"}],"items_purged_floors":[],"is_endless":false,"potions_floor_spawned":[3,6,7,11,16,18,19,27,30],"killed_by":"Automaton","ascension_level":20}