{"gold_per_floor":[109,123,123,136,156,156,187,187,213,213,213,233,233,233],"floor_reached":14,"playtime":430,"items_purged":[],"score":180,"play_id":"57052c60-f55a-46bd-94d6-9c712dc00473","local_time":"20190926131343","is_ascension_mode":true,"campfire_choices":[{"floor":6.0,"key":"REST"},{"data":"Corruption","floor":8.0,"key":"SMITH"},{"floor":11.0,"key":"REST"}],"neow_cost":"NONE","seed_source_timestamp":0,"circlet_count":0,"master_deck":["AscendersBane","Strike_R","Strike_R+1","Strike_R","Strike_R+1","Defend_R","Defend_R","Defend_R","Defend_R","Bash","Feel No Pain","Corruption+1","Shrug It Off","Anger","Offering"],"special_seed":0,"relics":["Burning Blood","Bag of Preparation","Omamori","Whetstone","Red Skull"],"potions_floor_usage":[],"damage_taken":[{"damage":14.0,"enemies":"Small Slimes","floor":1.0,"turns":4.0},{"damage":4.0,"enemies":"Jaw Worm","floor":2.0,"turns":6.0},{"damage":7.0,"enemies":"Cultist","floor":4.0,"turns":4.0},{"damage":16.0,"enemies":"2 Fungi Beasts","floor":5.0,"turns":6.0},{"damage":20.0,"enemies":"3 Sentries","floor":7.0,"turns":15.0},{"damage":22.0,"enemies":"Gremlin Gang","floor":12.0,"turns":4.0}],"seed_played":"2610710699391854922","potions_obtained":[{"floor":1.0,"key":"Fire Potion"},{"floor":5.0,"key":"Energy Potion"},{"floor":12.0,"key":"Block Potion"}],"is_trial":false,"path_per_floor":["M","M","?","M","M","R","E","R","T","$","R","M","?","$"],"character_chosen":"IRONCLAD","items_purchased":[],"campfire_rested":2,"item_purchase_floors":[],"current_hp_per_floor":[60,62,36,35,25,47,33,33,33,33,55,39,39,39],"gold":233,"neow_bonus":"RANDOM_COMMON_RELIC","is_prod":false,"is_daily":false,"chose_seed":false,"campfire_upgraded":1,"win_rate":0,"timestamp":1569528823,"path_taken":["M","M","?","M","M","R","E","R","T","$","R","M","?","$"],"build_version":"2019-09-26","purchased_purges":0,"victory":false,"max_hp_per_floor":[75,75,75,75,75,75,75,75,75,75,75,75,75,75],"card_choices":[{"not_picked":["Searing Blow","Sword Boomerang"],"picked":"Feel No Pain","floor":1.0},{"not_picked":["Body Slam","Headbutt"],"picked":"Corruption","floor":2.0},{"not_picked":["Seeing Red","True Grit"],"picked":"Shrug It Off","floor":4.0},{"not_picked":["Twin Strike","Cleave"],"picked":"Anger","floor":5.0},{"not_picked":["Power Through","Wild Strike"],"picked":"Offering","floor":7.0},{"not_picked":["Thunderclap","Sword Boomerang","Perfected Strike"],"picked":"SKIP","floor":12.0}],"player_experience":1043370,"relics_obtained":[{"floor":7.0,"key":"Whetstone"},{"floor":9.0,"key":"Red Skull"}],"event_choices":[{"damage_healed":0.0,"max_hp_gain":0.0,"max_hp_loss":0.0,"gold_gain":0.0,"event_name":"Scrap Ooze","player_choice":"Success","floor":3.0,"gold_loss":0.0,"damage_taken":26.0,"relics_obtained":["Omamori"]},{"cards_removed":["Strike_R"],"damage_healed":0.0,"max_hp_gain":0.0,"max_hp_loss":0.0,"gold_gain":0.0,"event_name":"Purifier","player_choice":"Purged","floor":13.0,"gold_loss":0.0,"damage_taken":0.0}],"is_beta":true,"boss_relics":[],"items_purged_floors":[],"is_endless":false,"potions_floor_spawned":[1,5,12],"ascension_level":20}