{"gold_per_floor":[112,124,142,30,47,47,61,61,61,61,61,78,92,107,107,107],"floor_reached":16,"playtime":880,"items_purged":["Strike_R"],"score":115,"play_id":"a4a4198a-6b38-48c8-8430-dea089273a0a","local_time":"20190606162239","is_ascension_mode":true,"campfire_choices":[{"data":"Shockwave","floor":6,"key":"SMITH"},{"data":"Shockwave","floor":8,"key":"SMITH"},{"data":"Corruption","floor":10,"key":"SMITH"},{"data":"Bash","floor":15,"key":"SMITH"}],"neow_cost":"NONE","seed_source_timestamp":283309554335288,"circlet_count":0,"master_deck":["Strike_R","Strike_R","Strike_R","Defend_R","Defend_R","Defend_R","Defend_R","Bash+1","Shockwave+1","Corruption+1","Shockwave+1"],"relics":["Burning Blood","Meat on the Bone"],"potions_floor_usage":[7,16,16,16],"damage_taken":[{"damage":6,"enemies":"Cultist","floor":1,"turns":3},{"damage":0,"enemies":"Small Slimes","floor":2,"turns":3},{"damage":16,"enemies":"2 Louse","floor":3,"turns":2},{"damage":3,"enemies":"Looter","floor":5,"turns":4},{"damage":15,"enemies":"Exordium Wildlife","floor":7,"turns":5},{"damage":5,"enemies":"2 Fungi Beasts","floor":12,"turns":4},{"damage":10,"enemies":"Blue Slaver","floor":13,"turns":4},{"damage":21,"enemies":"Large Slime","floor":14,"turns":6},{"damage":61,"enemies":"The Guardian","floor":16,"turns":15}],"seed_played":"2323561124500857999","potions_obtained":[{"floor":0,"key":"Energy Potion"},{"floor":0,"key":"Energy Potion"},{"floor":0,"key":"AttackPotion"},{"floor":3,"key":"Regen Potion"},{"floor":12,"key":"Energy Potion"},{"floor":13,"key":"Block Potion"}],"is_trial":false,"path_per_floor":["M","M","M","$","M","R","M","R","T","R","?","M","M","M","R","B"],"character_chosen":"IRONCLAD","items_purchased":["Corruption"],"campfire_rested":0,"item_purchase_floors":[4],"current_hp_per_floor":[80,80,70,70,73,73,78,78,78,78,78,79,75,60,60,0],"gold":107,"neow_bonus":"THREE_SMALL_POTIONS","is_prod":false,"is_daily":false,"chose_seed":false,"campfire_upgraded":4,"win_rate":0,"timestamp":1559830959,"path_taken":["M","M","?","$","M","R","M","R","T","R","?","M","?","M","R","BOSS"],"build_version":"2019-01-23","purchased_purges":1,"victory":false,"max_hp_per_floor":[80,80,80,80,80,80,80,80,80,80,80,80,80,80,80,80],"card_choices":[{"not_picked":["Shrug It Off","Dual Wield"],"picked":"Shockwave","floor":1},{"not_picked":["Whirlwind","Thunderclap","Clash"],"picked":"SKIP","floor":2},{"not_picked":["Pommel Strike","Sever Soul","True Grit"],"picked":"SKIP","floor":3},{"not_picked":["Wild Strike","Perfected Strike","Headbutt"],"picked":"SKIP","floor":5},{"not_picked":["Shrug It Off","Infernal Blade"],"picked":"Shockwave","floor":7},{"not_picked":["Metallicize","Burning Pact","Armaments"],"picked":"SKIP","floor":12},{"not_picked":["Power Through","Iron Wave","Demon Form"],"picked":"SKIP","floor":13},{"not_picked":["Twin Strike","Body Slam","Thunderclap"],"picked":"SKIP","floor":14}],"player_experience":192206,"relics_obtained":[{"floor":9,"key":"Meat on the Bone"}],"event_choices":[{"cards_removed":["Strike_R"],"damage_healed":0,"gold_gain":0,"player_choice":"Purged","damage_taken":0,"max_hp_gain":0,"max_hp_loss":0,"event_name":"Purifier","floor":11,"gold_loss":0}],"is_beta":false,"boss_relics":[],"items_purged_floors":[4],"is_endless":false,"potions_floor_spawned":[3,12,13],"killed_by":"The Guardian","ascension_level":4}