{"gold_per_floor":[116,116,41,41,41,41,75,85,85,98,98,110,144,162,162,237,237,254,267,267,277,327,327,341,360,360,387,387,67,67,85,85,162,162,178,80,97,97,97,97,197,225,225,58,71,71,85,85,85,85,85],"floor_reached":52,"playtime":2061,"items_purged":["Defend_P","Strike_P"],"score":1895,"play_id":"6eca0319-94d4-430b-9ffd-b630a14e1faa","local_time":"20190923190800","is_ascension_mode":true,"campfire_choices":[{"data":"Eruption","floor":6.0,"key":"SMITH"},{"data":"Evaluate","floor":15.0,"key":"SMITH"},{"floor":23.0,"key":"REST"},{"data":"Vigilance","floor":30.0,"key":"SMITH"},{"floor":32.0,"key":"REST"},{"data":"Finesse","floor":40.0,"key":"SMITH"},{"data":"Sanctity","floor":46.0,"key":"SMITH"},{"floor":49.0,"key":"REST"}],"neow_cost":"NONE","seed_source_timestamp":52734887249800,"circlet_count":0,"master_deck":["AscendersBane","Strike_P","Strike_P","Strike_P","Defend_P","Defend_P","Eruption+1","Vigilance+1","Evaluate+1","CutThroughFate+1","SandsOfTime+1","Weave+1","Weave+1","FlurryOfBlows+1","FlurryOfBlows+1","Sanctity","Finesse+1","Sanctity+1"],"special_seed":0,"relics":["PureWater","NeowsBlessing","Dodecahedron","Shuriken","Yang","Molten Egg 2","Sozu","HornCleat","Akabeko","Pen Nib","Busted Crown","Sundial","Pocketwatch","Pantograph","Mercury Hourglass","Vajra"],"potions_floor_usage":[],"damage_taken":[{"damage":0.0,"enemies":"2 Louse","floor":1.0,"turns":2.0},{"damage":0.0,"enemies":"Gremlin Nob","floor":7.0,"turns":1.0},{"damage":0.0,"enemies":"Cultist","floor":8.0,"turns":1.0},{"damage":4.0,"enemies":"Jaw Worm","floor":10.0,"turns":3.0},{"damage":0.0,"enemies":"Blue Slaver","floor":12.0,"turns":3.0},{"damage":1.0,"enemies":"3 Sentries","floor":13.0,"turns":4.0},{"damage":9.0,"enemies":"3 Louse","floor":14.0,"turns":3.0},{"damage":11.0,"enemies":"The Guardian","floor":16.0,"turns":13.0},{"damage":12.0,"enemies":"Chosen","floor":18.0,"turns":5.0},{"damage":13.0,"enemies":"Shell Parasite","floor":19.0,"turns":2.0},{"damage":17.0,"enemies":"Shelled Parasite and Fungi","floor":21.0,"turns":4.0},{"damage":7.0,"enemies":"Snake Plant","floor":24.0,"turns":2.0},{"damage":4.0,"enemies":"3 Cultists","floor":25.0,"turns":4.0},{"damage":7.0,"enemies":"Gremlin Leader","floor":27.0,"turns":4.0},{"damage":0.0,"enemies":"Snecko","floor":31.0,"turns":2.0},{"damage":1.0,"enemies":"Automaton","floor":33.0,"turns":6.0},{"damage":13.0,"enemies":"3 Darklings","floor":35.0,"turns":3.0},{"damage":0.0,"enemies":"Orb Walker","floor":37.0,"turns":2.0},{"damage":0.0,"enemies":"Mind Bloom Boss Battle","floor":41.0,"turns":4.0},{"damage":3.0,"enemies":"Nemesis","floor":42.0,"turns":5.0},{"damage":0.0,"enemies":"Writhing Mass","floor":45.0,"turns":3.0},{"damage":0.0,"enemies":"Sphere and 2 Shapes","floor":47.0,"turns":5.0},{"damage":17.0,"enemies":"Awakened One","floor":50.0,"turns":6.0},{"damage":34,"enemies":"Donu and Deca","floor":51,"turns":8}],"seed_played":"7066489164879822154","potions_obtained":[{"floor":1.0,"key":"Block Potion"},{"floor":8.0,"key":"Strength Potion"},{"floor":14.0,"key":"Weak Potion"},{"floor":16.0,"key":"SteroidPotion"}],"is_trial":false,"path_per_floor":["M","?","$","T","$","R","E","M","T","M","?","M","E","M","R","B",null,"M","M","?","M","?","R","M","M","T","E","?","$","R","M","R","B",null,"M","$","M","T","?","R","?","E","T","$","M","R","M","?","R","B","B",null],"character_chosen":"WATCHER","items_purchased":["Pen Nib","Sanctity","Finesse","Vajra"],"campfire_rested":3,"item_purchase_floors":[29,29,36,44],"current_hp_per_floor":[55,55,55,55,55,55,55,55,55,51,51,51,50,41,41,30,53,41,28,28,11,11,29,22,18,18,11,11,11,11,11,29,28,53,40,40,40,40,40,40,40,37,37,37,37,37,37,37,55,44,27],"gold":85,"neow_bonus":"THREE_ENEMY_KILL","is_prod":false,"is_daily":false,"chose_seed":false,"campfire_upgraded":5,"win_rate":0,"timestamp":1569240480,"path_taken":["M","?","$","?","?","R","E","?","T","M","?","?","E","M","R","BOSS","M","M","?","?","?","R","?","M","T","E","?","$","R","M","R","BOSS","M","$","?","?","?","R","?","E","T","$","M","R","?","?","R","BOSS","BOSS"],"build_version":"2019-09-20","purchased_purges":2,"victory":true,"max_hp_per_floor":[61,61,61,61,61,61,61,61,61,61,61,61,61,61,61,61,61,61,61,61,61,61,61,61,61,61,61,61,61,61,61,61,61,61,61,61,61,61,61,61,61,61,61,61,61,61,61,61,61,61,61],"card_choices":[{"not_picked":["Perseverance","Sanctity","JustLucky"],"picked":"SKIP","floor":1.0},{"not_picked":["Consecrate","FearNoEvil","BowlingBash"],"picked":"SKIP","floor":7.0},{"not_picked":["FlowState","Collect","SpiritShield"],"picked":"SKIP","floor":8.0},{"not_picked":["FollowUp","CrushJoints","Consecrate"],"picked":"SKIP","floor":10.0},{"not_picked":["CutThroughFate","SpiritShield"],"picked":"Evaluate","floor":12.0},{"not_picked":["Wish","EmptyFist","Weave"],"picked":"SKIP","floor":13.0},{"not_picked":["Collect","ThirdEye"],"picked":"CutThroughFate+1","floor":14.0},{"not_picked":["EmptyMind","EmptyBody+1","Sanctity"],"picked":"SKIP","floor":18.0},{"not_picked":["CrushJoints+1","SpiritShield"],"picked":"SandsOfTime+1","floor":19.0},{"not_picked":["CutThroughFate+1","SashWhip+1"],"picked":"Weave+1","floor":21.0},{"not_picked":["EmptyFist+1","Omniscience"],"picked":"Weave+1","floor":24.0},{"not_picked":["BattleHymn","JustLucky+1"],"picked":"FlurryOfBlows+1","floor":25.0},{"not_picked":["JustLucky+1","EmptyMind","CleanseEvil+1"],"picked":"SKIP","floor":27.0},{"not_picked":["EmptyBody","Evaluate","LessonLearned+1"],"picked":"SKIP","floor":31.0},{"not_picked":["Consecrate+1"],"picked":"SKIP","floor":35.0},{"not_picked":[],"picked":"Sanctity","floor":37.0},{"not_picked":["SignatureMove+1"],"picked":"SKIP","floor":42.0},{"not_picked":["BowlingBash+1"],"picked":"SKIP","floor":45.0},{"not_picked":["ClearTheMind"],"picked":"SKIP","floor":47.0}],"player_experience":1138633,"relics_obtained":[{"floor":4.0,"key":"Dodecahedron"},{"floor":7.0,"key":"Shuriken"},{"floor":9.0,"key":"Yang"},{"floor":13.0,"key":"Molten Egg 2"},{"floor":26.0,"key":"HornCleat"},{"floor":27.0,"key":"Akabeko"},{"floor":38.0,"key":"Sundial"},{"floor":41.0,"key":"Pocketwatch"},{"floor":42.0,"key":"Pantograph"},{"floor":43.0,"key":"Mercury Hourglass"}],"event_choices":[{"cards_removed":["Defend_P"],"damage_healed":0.0,"max_hp_gain":0.0,"max_hp_loss":0.0,"gold_gain":0.0,"event_name":"Purifier","player_choice":"Purged","floor":2.0,"gold_loss":0.0,"damage_taken":0.0},{"damage_healed":0.0,"max_hp_gain":0.0,"max_hp_loss":0.0,"gold_gain":0.0,"event_name":"Lab","player_choice":"Got Potions","floor":11.0,"gold_loss":0.0,"damage_taken":0.0},{"damage_healed":0.0,"max_hp_gain":0.0,"max_hp_loss":0.0,"gold_gain":0.0,"event_name":"N\u0027loth","player_choice":"Ignored","floor":20.0,"gold_loss":0.0,"damage_taken":0.0},{"damage_healed":0.0,"max_hp_gain":0.0,"max_hp_loss":0.0,"gold_gain":50.0,"event_name":"Golden Shrine","player_choice":"Pray","floor":22.0,"gold_loss":0.0,"damage_taken":0.0},{"damage_healed":0.0,"max_hp_gain":0.0,"max_hp_loss":0.0,"gold_gain":0.0,"event_name":"Duplicator","player_choice":"Copied","floor":28.0,"gold_loss":0.0,"damage_taken":0.0,"cards_obtained":["FlurryOfBlows"]},{"damage_healed":0.0,"max_hp_gain":0.0,"max_hp_loss":0.0,"gold_gain":0.0,"event_name":"Mysterious Sphere","player_choice":"Ignored","floor":39.0,"gold_loss":0.0,"damage_taken":0.0},{"damage_healed":0.0,"max_hp_gain":0.0,"max_hp_loss":0.0,"gold_gain":0.0,"event_name":"MindBloom","player_choice":"Fight","floor":41.0,"gold_loss":0.0,"damage_taken":0.0},{"damage_healed":0.0,"max_hp_gain":0.0,"max_hp_loss":0.0,"gold_gain":0.0,"event_name":"SecretPortal","player_choice":"Ignored","floor":48.0,"gold_loss":0.0,"damage_taken":0.0}],"is_beta":true,"boss_relics":[{"not_picked":["Calling Bell","Runic Pyramid"],"picked":"Sozu"},{"not_picked":["Cursed Key","SacredBark"],"picked":"Busted Crown"}],"items_purged_floors":[3,29],"is_endless":false,"potions_floor_spawned":[1,8,14,16,19,21,37,42,47],"ascension_level":20}