{"gold_per_floor":[119,129,141,153,153,153,182,182,235,235,63,97,97,109,109,181,181,194,194,294,310,310,328,345,345],"floor_reached":25,"playtime":1510,"items_purged":[],"score":426,"play_id":"01c87185-40f0-4b37-a590-984d254424b4","local_time":"20190603183624","is_ascension_mode":true,"campfire_choices":[{"data":"Bash","floor":6,"key":"SMITH"},{"data":"Flame Barrier","floor":8,"key":"SMITH"},{"data":"Combust","floor":13,"key":"SMITH"},{"data":"Shrug It Off","floor":15,"key":"SMITH"}],"neow_cost":"NONE","seed_source_timestamp":1024161468192408,"circlet_count":0,"master_deck":["AscendersBane","Strike_R","Strike_R","Strike_R+1","Strike_R","Defend_R","Defend_R","Defend_R","Defend_R","Bash+1","Sever Soul","Pommel Strike+1","Shrug It Off+1","Power Through","Flame Barrier+1","Combust+1","Immolate","Wild Strike+1","Ghostly","Ghostly","Ghostly","Warcry","Feed","Pain","Shrug It Off"],"relics":["Burning Blood","Sundial","Whetstone","Bag of Preparation","Blood Vial","Velvet Choker","Peace Pipe","The Courier","WarpedTongs"],"potions_floor_usage":[7,25],"damage_taken":[{"damage":2,"enemies":"2 Louse","floor":1,"turns":3},{"damage":9,"enemies":"Jaw Worm","floor":2,"turns":4},{"damage":0,"enemies":"Cultist","floor":3,"turns":3},{"damage":7,"enemies":"3 Louse","floor":4,"turns":6},{"damage":8,"enemies":"Gremlin Nob","floor":7,"turns":3},{"damage":15,"enemies":"3 Sentries","floor":12,"turns":13},{"damage":0,"enemies":"Red Slaver","floor":14,"turns":5},{"damage":34,"enemies":"The Guardian","floor":16,"turns":12},{"damage":16,"enemies":"Spheric Guardian","floor":18,"turns":5},{"damage":0,"enemies":"Colosseum Slavers","floor":20,"turns":5},{"damage":19,"enemies":"Colosseum Nobs","floor":20,"turns":5},{"damage":2,"enemies":"3 Byrds","floor":21,"turns":3},{"damage":17,"enemies":"Snecko","floor":23,"turns":6},{"damage":5,"enemies":"Centurion and Healer","floor":24,"turns":6},{"damage":63,"enemies":"Gremlin Leader","floor":25,"turns":5}],"seed_played":"5992262537473077874","potions_obtained":[{"floor":2,"key":"AttackPotion"},{"floor":3,"key":"Ancient Potion"},{"floor":18,"key":"Regen Potion"}],"is_trial":false,"path_per_floor":["M","M","M","M","?","R","E","R","T","?","$","E","R","M","R","B",null,"M","?","?","M","?","M","M","E"],"character_chosen":"IRONCLAD","items_purchased":["Bag of Preparation"],"campfire_rested":0,"item_purchase_floors":[11],"current_hp_per_floor":[72,69,75,74,74,74,72,72,72,77,77,68,68,76,76,50,73,65,40,27,33,33,27,34,0],"gold":345,"neow_bonus":"TRANSFORM_CARD","is_prod":false,"is_daily":false,"chose_seed":false,"campfire_upgraded":4,"win_rate":0,"timestamp":1559601384,"path_taken":["M","M","M","M","?","R","E","R","T","?","?","E","R","M","R","BOSS","M","?","?","M","?","M","?","E"],"build_version":"2019-01-23","purchased_purges":0,"victory":false,"max_hp_per_floor":[75,75,75,75,75,75,75,75,75,80,80,80,80,80,80,80,80,80,40,40,40,40,43,47,47],"card_choices":[{"not_picked":["Body Slam","Infernal Blade"],"picked":"Pommel Strike","floor":1},{"not_picked":["Flame Barrier","Heavy Blade"],"picked":"Shrug It Off","floor":2},{"not_picked":["Heavy Blade","Wild Strike"],"picked":"Power Through","floor":3},{"not_picked":["Heavy Blade","Headbutt"],"picked":"Flame Barrier","floor":4},{"not_picked":["Sever Soul","Sword Boomerang","Rampage"],"picked":"SKIP","floor":7},{"not_picked":["Havoc","Rampage"],"picked":"Combust","floor":12},{"not_picked":["Armaments","Perfected Strike","Bloodletting"],"picked":"SKIP","floor":14},{"not_picked":["Fiend Fire","Demon Form"],"picked":"Immolate","floor":16},{"not_picked":["Searing Blow+1","Havoc"],"picked":"Wild Strike+1","floor":18},{"not_picked":["Iron Wave","Clothesline"],"picked":"Warcry","floor":20},{"not_picked":["Shrug It Off","Battle Trance"],"picked":"Feed","floor":21},{"not_picked":["Searing Blow","Clothesline"],"picked":"Shrug It Off","floor":23},{"not_picked":["Infernal Blade","Body Slam","Flex"],"picked":"SKIP","floor":24}],"player_experience":894003,"relics_obtained":[{"floor":7,"key":"Sundial"},{"floor":9,"key":"Whetstone"},{"floor":12,"key":"Blood Vial"},{"floor":20,"key":"Peace Pipe"},{"floor":20,"key":"The Courier"}],"event_choices":[{"damage_healed":0,"gold_gain":0,"player_choice":"Ignored","damage_taken":0,"max_hp_gain":0,"max_hp_loss":0,"event_name":"Liars Game","floor":5,"gold_loss":0},{"damage_healed":0,"gold_gain":0,"player_choice":"Donut","damage_taken":0,"max_hp_gain":5,"max_hp_loss":0,"event_name":"Big Fish","floor":10,"gold_loss":0},{"damage_healed":0,"gold_gain":0,"player_choice":"Became a Ghost","damage_taken":0,"max_hp_gain":0,"max_hp_loss":40,"event_name":"Ghosts","floor":19,"gold_loss":0,"cards_obtained":["Ghostly","Ghostly","Ghostly"]},{"damage_healed":0,"gold_gain":0,"player_choice":"Fight","damage_taken":0,"max_hp_gain":0,"max_hp_loss":0,"event_name":"Colosseum","floor":20,"gold_loss":0},{"damage_healed":0,"gold_gain":0,"player_choice":"Fought Nobs","damage_taken":0,"max_hp_gain":0,"max_hp_loss":0,"event_name":"Colosseum","floor":20,"gold_loss":0},{"damage_healed":0,"gold_gain":0,"player_choice":"Rummage","damage_taken":0,"relics_obtained":["WarpedTongs"],"max_hp_gain":0,"max_hp_loss":0,"event_name":"Accursed Blacksmith","floor":22,"gold_loss":0,"cards_obtained":["Pain"]}],"is_beta":false,"boss_relics":[{"not_picked":["Busted Crown","Ectoplasm"],"picked":"Velvet Choker"}],"items_purged_floors":[],"is_endless":false,"potions_floor_spawned":[2,3,18,21,23],"killed_by":"Gremlin Leader","ascension_level":20}