{"gold_per_floor":[114,114,189,204,219,249,264,264,264,294,294,324,339,369,369,469,469,484,759,858,873,888,918,918,948,948,978,978,978,978,1008,1008,1108,1108,1123,747,762,777,792,822,822,852,932,962,44,44,74,74,74,74],"floor_reached":51,"playtime":1811,"items_purged":[],"score":1394,"play_id":"d816f672-3d93-4dd4-a06c-30ff166bebab","local_time":"20180825154447","daily_mods":["Heirloom","Elite Swarm","Night Terrors"],"is_ascension_mode":false,"campfire_choices":[{"data":"Bash","floor":8,"key":"SMITH"},{"data":"Offering","floor":11,"key":"SMITH"},{"data":"Demon Form","floor":15,"key":"SMITH"},{"data":"Limit Break","floor":28,"key":"SMITH"},{"data":"Offering","floor":30,"key":"SMITH"},{"data":"Shrug It Off","floor":32,"key":"SMITH"},{"data":"Power Through","floor":41,"key":"SMITH"},{"floor":49,"key":"REST"}],"neow_cost":"","seed_source_timestamp":0,"circlet_count":0,"master_deck":["Strike_R","Strike_R","Strike_R+1","Strike_R","Strike_R+1","Defend_R+1","Defend_R+1","Defend_R+1","Defend_R","Bash+1","Cleave","Iron Wave+1","Offering+1","Headbutt","Immolate+1","Feed+1","Dropkick+1","Demon Form+1","Feed+1","Thunderclap+1","Regret","Twin Strike+1","Shrug It Off+1","Limit Break+1","Clumsy","Offering+1","Power Through+1","Immolate+1","Bludgeon+1","Regret","Decay","Injury","True Grit+1","Whirlwind+1","Disarm+1","Whirlwind+1","Sword Boomerang+1","Impervious","Bludgeon+1","Regret","Immolate+1","True Grit","Rampage+1","Wild Strike+1","Havoc+1","Feel No Pain","Enlightenment","Apotheosis","Impervious","Burning Pact"],"special_seed":17768,"relics":["Burning Blood","Champion Belt","Whetstone","Molten Egg 2","Darkstone Periapt","Bottled Lightning","Regal Pillow","Cursed Key","Dream Catcher","MutagenicStrength","Vajra","Matryoshka","Mercury Hourglass","Bottled Flame","Calling Bell","Boot","Mummified Hand","Incense Burner","Happy Flower","Bronze Scales","Kunai","War Paint","Tiny Chest","Art of War","MawBank","Dead Branch","Ginger"],"potions_floor_usage":[6,6,10,25,33,33,50,50],"damage_taken":[{"damage":4,"enemies":"2 Louse","floor":1,"turns":4},{"damage":0,"enemies":"Small Slimes","floor":4,"turns":3},{"damage":0,"enemies":"Jaw Worm","floor":5,"turns":3},{"damage":14,"enemies":"3 Sentries","floor":6,"turns":7},{"damage":8,"enemies":"Looter","floor":7,"turns":2},{"damage":16,"enemies":"Gremlin Nob","floor":10,"turns":4},{"damage":6,"enemies":"3 Sentries","floor":12,"turns":3},{"damage":6,"enemies":"Exordium Thugs","floor":13,"turns":1},{"damage":6,"enemies":"Gremlin Nob","floor":14,"turns":2},{"damage":32,"enemies":"Hexaghost","floor":16,"turns":9},{"damage":6,"enemies":"Shell Parasite","floor":18,"turns":2},{"damage":6,"enemies":"Spheric Guardian","floor":21,"turns":1},{"damage":23,"enemies":"Centurion and Healer","floor":22,"turns":4},{"damage":29,"enemies":"Slavers","floor":23,"turns":4},{"damage":8,"enemies":"Gremlin Leader","floor":25,"turns":5},{"damage":30,"enemies":"Book of Stabbing","floor":27,"turns":4},{"damage":10,"enemies":"Slavers","floor":31,"turns":3},{"damage":81,"enemies":"Collector","floor":33,"turns":7},{"damage":25,"enemies":"Orb Walker","floor":35,"turns":2},{"damage":6,"enemies":"3 Darklings","floor":37,"turns":1},{"damage":6,"enemies":"Sphere and 2 Shapes","floor":38,"turns":1},{"damage":6,"enemies":"Flame Bruiser 2 Orb","floor":39,"turns":1},{"damage":15,"enemies":"Nemesis","floor":40,"turns":3},{"damage":15,"enemies":"Giant Head","floor":42,"turns":6},{"damage":23,"enemies":"Nemesis","floor":44,"turns":3},{"damage":7,"enemies":"Giant Head","floor":47,"turns":4},{"damage":22,"enemies":"Donu and Deca","floor":50,"turns":2}],"seed_played":"-1903850901092924717","potions_obtained":[{"floor":4,"key":"Swift Potion"},{"floor":5,"key":"SkillPotion"},{"floor":6,"key":"Weak Potion"},{"floor":12,"key":"BloodPotion"},{"floor":16,"key":"Poison Potion"},{"floor":22,"key":"PowerPotion"},{"floor":31,"key":"Fire Potion"},{"floor":33,"key":"FearPotion"},{"floor":35,"key":"EssenceOfSteel"}],"is_trial":false,"path_per_floor":["M","?","?","M","M","E","M","R","T","E","R","E","M","E","R","B",null,"M","?","?","M","M","E","?","E","T","E","R","?","R","E","R","B",null,"M","$","M","M","M","E","R","E","T","E","$","?","E","?","R","B"],"character_chosen":"IRONCLAD","items_purchased":["Happy Flower","Whirlwind+1","Bronze Scales","Dead Branch","True Grit","Rampage+1","Wild Strike+1","Havoc","Feel No Pain","Enlightenment","Apotheosis","AttackPotion"],"campfire_rested":1,"item_purchase_floors":[36,36,36,45,45,45,45,45,45,45,45,45],"current_hp_per_floor":[80,64,53,59,65,57,55,55,55,45,45,45,49,53,53,31,92,96,102,102,106,97,82,82,117,123,99,99,99,99,105,105,30,154,135,135,135,135,135,142,142,153,159,142,142,142,154,154,155,139],"gold":74,"neow_bonus":"","is_prod":false,"is_daily":true,"chose_seed":false,"campfire_upgraded":7,"win_rate":0,"timestamp":1535186687,"path_taken":["M","?","?","M","M","E","M","R","T","E","R","E","M","E","R","BOSS","M","?","?","M","M","E","?","E","T","E","R","?","R","E","R","BOSS","M","$","M","M","M","E","R","E","T","E","$","?","E","?","R","BOSS"],"build_version":"2018-08-23v2","purchased_purges":0,"victory":true,"max_hp_per_floor":[80,80,80,80,80,80,80,80,80,80,80,80,84,88,88,92,92,96,102,102,106,114,122,122,126,132,132,132,132,132,136,136,136,154,154,154,154,154,154,154,154,154,160,160,160,160,160,160,155,155],"card_choices":[{"not_picked":["Clothesline","Clash"],"picked":"Cleave","floor":1},{"not_picked":["Body Slam","Wild Strike","Pommel Strike"],"picked":"SKIP","floor":4},{"not_picked":["Rampage","Wild Strike"],"picked":"Iron Wave","floor":5},{"not_picked":["Limit Break","Reaper"],"picked":"Offering","floor":6},{"not_picked":["Wild Strike","Fire Breathing"],"picked":"Headbutt","floor":7},{"not_picked":["Brutality","Barricade"],"picked":"Immolate+1","floor":10},{"not_picked":["Immolate+1","Exhume"],"picked":"Feed+1","floor":12},{"not_picked":["Carnage+1","Body Slam+1"],"picked":"Dropkick+1","floor":13},{"not_picked":["Reaper+1","Juggernaut"],"picked":"Demon Form","floor":14},{"not_picked":["Immolate+1","Exhume"],"picked":"Feed+1","floor":16},{"not_picked":["Corruption","Cleave+1"],"picked":"Thunderclap+1","floor":18},{"not_picked":["Spot Weakness","Clothesline+1"],"picked":"Twin Strike+1","floor":21},{"not_picked":["Armaments+1","Perfected Strike+1"],"picked":"Shrug It Off","floor":22},{"not_picked":["Berserk","Barricade"],"picked":"Reaper+1","floor":23},{"not_picked":["Berserk","Demon Form"],"picked":"Limit Break","floor":25},{"not_picked":["Juggernaut","Fiend Fire+1"],"picked":"Offering","floor":27},{"not_picked":["Fiend Fire+1","Impervious"],"picked":"Immolate+1","floor":31},{"not_picked":["Brutality","Exhume"],"picked":"Bludgeon+1","floor":33},{"not_picked":["Anger+1","Juggernaut"],"picked":"True Grit+1","floor":35},{"not_picked":["Anger+1","Havoc+1"],"picked":"Disarm+1","floor":37},{"not_picked":["Clothesline+1","Flex+1"],"picked":"Whirlwind+1","floor":38},{"not_picked":["Perfected Strike+1","Clash+1"],"picked":"Sword Boomerang+1","floor":39},{"not_picked":["Reaper+1","Brutality"],"picked":"Impervious","floor":40},{"not_picked":["Barricade","Juggernaut"],"picked":"Bludgeon+1","floor":42},{"not_picked":["Dark Embrace","Limit Break"],"picked":"Immolate+1","floor":44},{"not_picked":["Barricade","Berserk"],"picked":"Impervious","floor":47},{"not_picked":["Rampage+1","Blood for Blood+1"],"picked":"Burning Pact","floor":49}],"player_experience":321243,"relics_obtained":[{"floor":6,"key":"Whetstone"},{"floor":9,"key":"Molten Egg 2"},{"floor":10,"key":"Darkstone Periapt"},{"floor":12,"key":"Bottled Lightning"},{"floor":14,"key":"Regal Pillow"},{"floor":23,"key":"Dream Catcher"},{"floor":25,"key":"Vajra"},{"floor":26,"key":"Matryoshka"},{"floor":27,"key":"Mercury Hourglass"},{"floor":31,"key":"Bottled Flame"},{"floor":34,"key":"Boot"},{"floor":34,"key":"Mummified Hand"},{"floor":34,"key":"Incense Burner"},{"floor":40,"key":"Kunai"},{"floor":42,"key":"War Paint"},{"floor":43,"key":"Tiny Chest"},{"floor":43,"key":"Art of War"},{"floor":44,"key":"MawBank"},{"floor":47,"key":"Ginger"}],"event_choices":[{"event_name":"Shining Light","player_choice":"Entered Light","floor":2,"damage_taken":0},{"event_name":"World of Goop","player_choice":"Gather Gold","floor":3,"damage_taken":0},{"event_name":"Golden Shrine","player_choice":"Desecrate","floor":19,"damage_taken":0},{"event_name":"Nest","player_choice":"Stole From Cult","floor":20,"damage_taken":0},{"event_name":"Drug Dealer","player_choice":"Inject Mutagens","floor":24,"damage_taken":0},{"event_name":"The Library","player_choice":"Read","floor":29,"damage_taken":0},{"event_name":"Accursed Blacksmith","player_choice":"Forge","floor":46,"damage_taken":0},{"event_name":"Falling","player_choice":"Removed Attack","floor":48,"damage_taken":0}],"is_beta":true,"boss_relics":[{"not_picked":["Pandora\u0027s Box","Ectoplasm"],"picked":"Cursed Key"},{"not_picked":["Runic Pyramid","Black Star"],"picked":"Calling Bell"}],"items_purged_floors":[],"is_endless":false,"potions_floor_spawned":[4,5,6,12,16,22,31,33,35,37,47],"ascension_level":0}