{"gold_per_floor":[113,113,113,127,141,141,171,185,185,201,126,26,86,96,96,171,171,190,190,105,125,125,125,145,20,20,36,36,50,50,69,69,146,146,146],"floor_reached":35,"playtime":1342,"items_purged":["Strike_P","Strike_P"],"score":920,"play_id":"2851e70a-3af0-4299-a11d-1b7cc9d1ad23","local_time":"20190927021402","is_ascension_mode":true,"campfire_choices":[{"data":"Vigilance","floor":6,"key":"SMITH"},{"data":"CarveReality","floor":15,"key":"SMITH"},{"data":"Wallop","floor":23,"key":"SMITH"},{"data":"Protect","floor":30,"key":"SMITH"},{"data":"Sanctity","floor":32,"key":"SMITH"}],"neow_cost":"NONE","seed_source_timestamp":338532684840000,"circlet_count":0,"master_deck":["Strike_P","Strike_P","Defend_P","Defend_P","Eruption","Vigilance+1","AscMod:ascendersbane","CarveReality+1","Sanctity+1","Protect+1","DevaForm","Wallop+1","ClearTheMind"],"relics":["Philosopher\u0027s Stone","Golden Idol","Mummified Hand","FossilizedHelix","Busted Crown","TeardropLocket","TungstenRod","SlaversCollar"],"potions_floor_usage":[16,16,24,27,27,33,33],"damage_taken":[{"damage":0,"enemies":"2 Louse","floor":1,"turns":3},{"damage":0,"enemies":"Small Slimes","floor":4,"turns":2},{"damage":0,"enemies":"Jaw Worm","floor":5,"turns":3},{"damage":15,"enemies":"Lagavulin","floor":7,"turns":5},{"damage":21,"enemies":"Looter","floor":8,"turns":4},{"damage":0,"enemies":"Exordium Wildlife","floor":10,"turns":2},{"damage":0,"enemies":"2 Fungi Beasts","floor":14,"turns":4},{"damage":0,"enemies":"The Guardian","floor":16,"turns":15},{"damage":0,"enemies":"Spheric Guardian","floor":18,"turns":3},{"damage":4,"enemies":"Shell Parasite","floor":21,"turns":6},{"damage":13,"enemies":"Shelled Parasite and Fungi","floor":24,"turns":4},{"damage":2,"enemies":"Snake Plant","floor":27,"turns":4},{"damage":0,"enemies":"Centurion and Healer","floor":29,"turns":5},{"damage":0,"enemies":"Snecko","floor":31,"turns":6},{"damage":8,"enemies":"Champ","floor":33,"turns":17},{"damage":13,"enemies":"3 Darklings","floor":35,"turns":3}],"seed_played":"-1119243455784555385","potions_obtained":[{"floor":4,"key":"Strength Potion"},{"floor":5,"key":"DuplicationPotion"},{"floor":14,"key":"FearPotion"},{"floor":16,"key":"SkillPotion"},{"floor":24,"key":"EntropicBrew"},{"floor":27,"key":"Explosive Potion"},{"floor":29,"key":"SteroidPotion"}],"is_trial":false,"path_per_floor":["M","?","?","M","M","R","E","M","T","M","?","$","?","M","R","B",null,"M","?","?","M","?","R","M","$","T","M","?","M","R","M","R","B",null,"M"],"character_chosen":"WATCHER","items_purchased":[],"campfire_rested":0,"item_purchase_floors":[],"current_hp_per_floor":[55,55,55,55,55,55,40,19,19,19,19,19,8,8,8,8,36,36,36,36,32,32,32,19,19,19,17,17,17,17,17,17,9,20,7],"gold":146,"neow_bonus":"BOSS_RELIC","is_prod":false,"is_daily":false,"chose_seed":false,"campfire_upgraded":5,"win_rate":0,"timestamp":1569525242,"path_taken":["M","?","?","?","M","R","E","M","T","M","?","$","?","M","R","BOSS","M","?","?","M","?","R","M","?","T","?","?","?","R","M","R","BOSS","M"],"build_version":"2019-09-25","purchased_purges":2,"victory":false,"max_hp_per_floor":[61,55,55,55,55,55,55,55,55,55,55,55,55,55,55,55,55,55,55,55,55,55,55,55,55,55,55,55,55,55,55,55,55,28,28],"card_choices":[{"not_picked":["BowlingBash","TalkToTheHand","Swivel"],"picked":"SKIP","floor":1},{"not_picked":["Crescendo","JustLucky"],"picked":"CarveReality","floor":4},{"not_picked":["FlowState","FollowUp","ThirdEye"],"picked":"SKIP","floor":5},{"not_picked":["SashWhip","Meditate"],"picked":"Sanctity","floor":7},{"not_picked":["FlowState","BattleHymn"],"picked":"Protect","floor":8},{"not_picked":["ThirdEye","SashWhip","Consecrate"],"picked":"SKIP","floor":10},{"not_picked":["Halt","Alpha","Consecrate"],"picked":"SKIP","floor":14},{"not_picked":["Blasphemy","ReachHeaven"],"picked":"DevaForm","floor":16},{"not_picked":["JustLucky"],"picked":"SKIP","floor":18},{"not_picked":["FlyingSleeves"],"picked":"SKIP","floor":21},{"not_picked":["Devotion"],"picked":"SKIP","floor":24},{"not_picked":["Devotion"],"picked":"SKIP","floor":24},{"not_picked":["EmptyFist+1"],"picked":"SKIP","floor":27},{"not_picked":["CrushJoints"],"picked":"SKIP","floor":29},{"not_picked":["Weave"],"picked":"SKIP","floor":31}],"player_experience":1163591,"relics_obtained":[{"floor":7,"key":"Mummified Hand"},{"floor":9,"key":"FossilizedHelix"},{"floor":26,"key":"TungstenRod"}],"event_choices":[{"damage_healed":0,"gold_gain":0,"player_choice":"Lose Max HP","damage_taken":0,"relics_obtained":["Golden Idol"],"max_hp_gain":0,"max_hp_loss":6,"event_name":"Golden Idol","floor":2,"gold_loss":0},{"damage_healed":0,"gold_gain":0,"player_choice":"Ignored","damage_taken":0,"max_hp_gain":0,"max_hp_loss":0,"event_name":"Liars Game","floor":3,"gold_loss":0},{"cards_removed":["Defend_P"],"damage_healed":0,"gold_gain":0,"player_choice":"Card Removal","damage_taken":0,"max_hp_gain":0,"max_hp_loss":0,"event_name":"The Cleric","floor":11,"gold_loss":75},{"damage_healed":0,"gold_gain":75,"player_choice":"Gather Gold","damage_taken":11,"max_hp_gain":0,"max_hp_loss":0,"event_name":"World of Goop","floor":13,"gold_loss":0},{"damage_healed":0,"gold_gain":0,"player_choice":"Read","damage_taken":0,"max_hp_gain":0,"max_hp_loss":0,"event_name":"The Library","floor":19,"gold_loss":0,"cards_obtained":["Wallop"]},{"damage_healed":0,"gold_gain":0,"player_choice":"Obtained Relic","damage_taken":0,"relics_obtained":["TeardropLocket"],"max_hp_gain":0,"max_hp_loss":0,"event_name":"Addict","floor":20,"gold_loss":85},{"damage_healed":0,"gold_gain":0,"player_choice":"Ignored","damage_taken":0,"max_hp_gain":0,"max_hp_loss":0,"event_name":"The Mausoleum","floor":22,"gold_loss":0},{"damage_healed":0,"gold_gain":0,"cards_transformed":["Defend_P"],"player_choice":"Transformed","damage_taken":0,"max_hp_gain":0,"max_hp_loss":0,"event_name":"Transmorgrifier","floor":28,"gold_loss":0,"cards_obtained":["ClearTheMind"]}],"is_beta":true,"boss_relics":[{"not_picked":["Scatterbrain"],"picked":"VoidEssence"},{"not_picked":["Scatterbrain"],"picked":"VoidEssence"},{"not_picked":["Tiny House","Runic Dome"],"picked":"Busted Crown"},{"not_picked":["Scatterbrain"],"picked":"BlightedDurian"},{"not_picked":["Scatterbrain"],"picked":"BlightedDurian"},{"not_picked":["Cursed Key","Black Star"],"picked":"SlaversCollar"}],"items_purged_floors":[12,25],"is_endless":false,"potions_floor_spawned":[4,5,8,14,16,24,27,29],"killed_by":"3 Darklings","ascension_level":25}