{"gold_per_floor":[109,121,0,16,16,16,33,33,56,111,136,136,213,7,7,106,106,125,54,54,54,54,54,27,0,0,333,346,360,388,388,388,388],"floor_reached":33,"playtime":1381,"items_purged":["Strike_B"],"score":321,"play_id":"d9b88f60-131b-42ec-9404-dbd63348dfc1","local_time":"20190608162822","is_ascension_mode":true,"campfire_choices":[{"data":"Conserve Battery","floor":6.0,"key":"SMITH"},{"data":"Doom and Gloom","floor":8.0,"key":"SMITH"},{"floor":12.0,"key":"REST"},{"data":"Echo Form","floor":15.0,"key":"SMITH"},{"data":"Defragment","floor":23.0,"key":"SMITH"},{"floor":32.0,"key":"REST"}],"neow_cost":"NONE","seed_source_timestamp":0,"circlet_count":0,"master_deck":["Strike_B+1","Strike_B+1","Defend_B","Defend_B","Defend_B","Zap","Dualcast","Purity","Doom and Gloom+1","Conserve Battery+1","Conserve Battery+1","Defragment+1","Echo Form+1","Redo","Electrodynamics","Tempest","Hologram","Chaos+1","Hologram+1","Streamline+1","Doom and Gloom"],"special_seed":0,"relics":["Cracked Core","Boot","Whetstone","Art of War","Question Card","MealTicket","Empty Cage","Cables","Gambling Chip","Old Coin","Potion Belt","MutagenicStrength"],"potions_floor_usage":[33],"damage_taken":[{"damage":1.0,"enemies":"Cultist","floor":1.0,"turns":3.0},{"damage":8.0,"enemies":"Jaw Worm","floor":2.0,"turns":4.0},{"damage":7.0,"enemies":"Small Slimes","floor":4.0,"turns":3.0},{"damage":0.0,"enemies":"Blue Slaver","floor":7.0,"turns":4.0},{"damage":19.0,"enemies":"Lagavulin Event","floor":10.0,"turns":5.0},{"damage":16.0,"enemies":"Gremlin Nob","floor":11.0,"turns":4.0},{"damage":23.0,"enemies":"The Guardian","floor":16.0,"turns":8.0},{"damage":28.0,"enemies":"Shell Parasite","floor":18.0,"turns":7.0},{"damage":15.0,"enemies":"Gremlin Leader","floor":27.0,"turns":4.0},{"damage":0.0,"enemies":"Chosen","floor":28.0,"turns":4.0},{"damage":14.0,"enemies":"Snake Plant","floor":29.0,"turns":3.0},{"damage":20.0,"enemies":"Book of Stabbing","floor":30.0,"turns":6.0},{"damage":53,"enemies":"Collector","floor":33,"turns":6}],"seed_played":"2981355855013148251","potions_obtained":[{"floor":2.0,"key":"SneckoOil"},{"floor":7.0,"key":"Block Potion"},{"floor":10.0,"key":"Strength Potion"},{"floor":18.0,"key":"Explosive Potion"},{"floor":28.0,"key":"Strength Potion"},{"floor":30.0,"key":"Poison Potion"}],"is_trial":false,"path_per_floor":["M","M","$","M","?","R","M","R","T","?","E","R","T","$","R","B",null,"M","$","?","?","?","R","$","?","T","E","M","M","E","?","R","B"],"character_chosen":"DEFECT","items_purchased":["Conserve Battery","MealTicket","Tempest","Hologram"],"campfire_rested":2,"item_purchase_floors":[3,14,19,24],"current_hp_per_floor":[74,66,66,59,59,59,59,59,59,40,24,46,46,46,46,23,75,47,47,47,47,47,47,62,62,62,47,47,33,13,13,35,0],"gold":388,"neow_bonus":"RANDOM_COLORLESS","is_prod":false,"is_daily":false,"chose_seed":false,"campfire_upgraded":4,"win_rate":0,"timestamp":1560004102,"path_taken":["M","?","$","?","?","R","?","R","T","?","E","R","?","$","R","BOSS","M","?","?","?","?","R","$","?","T","E","?","M","E","?","R","BOSS"],"build_version":"2019-01-23","purchased_purges":1,"victory":false,"max_hp_per_floor":[75,75,75,75,75,75,75,75,75,75,75,75,75,75,75,75,75,75,75,75,75,75,75,75,75,75,75,75,75,75,75,75,75],"card_choices":[{"not_picked":["BootSequence","Fusion"],"picked":"Doom and Gloom","floor":1.0},{"not_picked":["Compile Driver","Stack","Go for the Eyes"],"picked":"SKIP","floor":2.0},{"not_picked":["Loop","Leap"],"picked":"Conserve Battery","floor":4.0},{"not_picked":["Streamline","Sweeping Beam"],"picked":"Defragment","floor":7.0},{"not_picked":["Beam Cell","Leap"],"picked":"Echo Form","floor":10.0},{"not_picked":["Hologram","Rebound"],"picked":"Redo","floor":11.0},{"not_picked":["Meteor Strike","Echo Form","Thunder Strike"],"picked":"Electrodynamics","floor":16.0},{"not_picked":["Barrage","Double Energy+1","Stack","Ball Lightning"],"picked":"SKIP","floor":18.0},{"not_picked":["Beam Cell+1","Steam","Electrodynamics"],"picked":"Chaos+1","floor":27.0},{"not_picked":["Redo","Rebound","Undo"],"picked":"Hologram+1","floor":28.0},{"not_picked":["Recycle","Consume","Leap"],"picked":"Streamline+1","floor":29.0},{"not_picked":["Turbo","Genetic Algorithm","Streamline"],"picked":"Doom and Gloom","floor":30.0}],"player_experience":227576,"relics_obtained":[{"floor":9.0,"key":"Boot"},{"floor":10.0,"key":"Whetstone"},{"floor":11.0,"key":"Art of War"},{"floor":13.0,"key":"Question Card"},{"floor":26.0,"key":"Gambling Chip"},{"floor":27.0,"key":"Old Coin"},{"floor":30.0,"key":"Potion Belt"}],"event_choices":[{"damage_healed":0.0,"max_hp_gain":0.0,"max_hp_loss":0.0,"gold_gain":0.0,"event_name":"Upgrade Shrine","player_choice":"Upgraded","floor":5.0,"gold_loss":0.0,"damage_taken":0.0,"cards_upgraded":["Conserve Battery"]},{"damage_healed":0.0,"max_hp_gain":0.0,"max_hp_loss":0.0,"gold_gain":0.0,"event_name":"Dead Adventurer","player_choice":"Searched \u00271\u0027 times","floor":10.0,"gold_loss":0.0,"damage_taken":0.0},{"damage_healed":0.0,"max_hp_gain":0.0,"max_hp_loss":0.0,"gold_gain":0.0,"event_name":"Beggar","player_choice":"Ignored","floor":20.0,"gold_loss":0.0,"damage_taken":0.0},{"damage_healed":0.0,"max_hp_gain":0.0,"max_hp_loss":0.0,"gold_gain":0.0,"event_name":"Ghosts","player_choice":"Ignored","floor":21.0,"gold_loss":0.0,"damage_taken":0.0},{"damage_healed":0.0,"max_hp_gain":0.0,"max_hp_loss":0.0,"gold_gain":0.0,"event_name":"The Mausoleum","player_choice":"Opened","floor":22.0,"gold_loss":0.0,"damage_taken":0.0,"relics_obtained":["Cables"]},{"damage_healed":0.0,"max_hp_gain":0.0,"max_hp_loss":0.0,"gold_gain":0.0,"event_name":"Masked Bandits","player_choice":"Paid Fearfully","floor":25.0,"gold_loss":27.0,"damage_taken":0.0},{"damage_healed":0.0,"max_hp_gain":0.0,"max_hp_loss":0.0,"gold_gain":0.0,"event_name":"Drug Dealer","player_choice":"Inject Mutagens","floor":31.0,"gold_loss":0.0,"damage_taken":0.0,"relics_obtained":["MutagenicStrength"]}],"is_beta":false,"boss_relics":[{"not_picked":["Coffee Dripper","Ectoplasm"],"picked":"Empty Cage"}],"items_purged_floors":[3],"is_endless":false,"potions_floor_spawned":[2,7,10,18,28,30],"killed_by":"Collector","ascension_level":3}