{"gold_per_floor":[144,189,189,238,287,385,434,483,483,758,807,856,954,291,291,616,616,665,665,665,714,714,812,812,1137,1137,1235,562,29,78,78,78,403,403,452,501,550,1549,1549,1647,1696,1745,1745,1843,1843,1941,1941,1990,1990,1990],"floor_reached":51,"playtime":1893,"items_purged":["Strike_R"],"score":1239,"play_id":"ce202b97-33a6-43a5-a4e5-87c90dbc6d5e","local_time":"20180923204019","daily_mods":["Specialized","Midas","Night Terrors"],"is_ascension_mode":false,"campfire_choices":[{"floor":15.0,"key":"REST"},{"data":"1","floor":24.0,"key":"LIFT"},{"data":"2","floor":32.0,"key":"LIFT"},{"data":"3","floor":45.0,"key":"LIFT"},{"data":"Clash","floor":49,"key":"PURGE"}],"neow_cost":"","seed_source_timestamp":0,"circlet_count":0,"master_deck":["Defend_R","Defend_R","Defend_R","Defend_R","Bash","Fiend Fire","Fiend Fire","Fiend Fire","Fiend Fire","Fiend Fire","Shrug It Off","Sword Boomerang","Injury","Demon Form","Battle Trance","Hemokinesis","Heavy Blade","Shockwave","Regret","Sword Boomerang","Limit Break","True Grit","Impervious","Battle Trance","Reaper","True Grit","Bite","Bite","Bite","Bite","Pummel","Sever Soul+1","True Grit","True Grit+1","Warcry+1","Double Tap+1","Feel No Pain","Cleave","Impervious+1","Heavy Blade","Thunderclap+1","Warcry+1","Normality","Normality","Writhe","Burning Pact+1","Whirlwind+1","Cleave+1","Barricade","Disarm+1","Panache","Shrug It Off+1"],"special_seed":17797,"relics":["Burning Blood","Golden Idol","Du-Vu Doll","Pantograph","Shuriken","Tiny Chest","Fusion Hammer","Mercury Hourglass","Girya","Champion Belt","Bottled Tornado","Toxic Egg 2","Gremlin Horn","Pear","Nunchaku","Pen Nib","Art of War","Peace Pipe","Coffee Dripper","Bronze Scales","Bottled Lightning","Question Card","Pocketwatch"],"potions_floor_usage":[50,50,50],"damage_taken":[{"damage":6.0,"enemies":"Jaw Worm","floor":1.0,"turns":2.0},{"damage":0.0,"enemies":"Small Slimes","floor":2.0,"turns":3.0},{"damage":0.0,"enemies":"Cultist","floor":4.0,"turns":2.0},{"damage":10.0,"enemies":"Looter","floor":5.0,"turns":3.0},{"damage":16.0,"enemies":"Gremlin Nob","floor":6.0,"turns":3.0},{"damage":14.0,"enemies":"Lots of Slimes","floor":7.0,"turns":4.0},{"damage":16.0,"enemies":"Gremlin Gang","floor":8.0,"turns":4.0},{"damage":20.0,"enemies":"Large Slime","floor":11.0,"turns":6.0},{"damage":5.0,"enemies":"3 Louse","floor":12.0,"turns":2.0},{"damage":4.0,"enemies":"Lagavulin","floor":13.0,"turns":3.0},{"damage":7.0,"enemies":"Slime Boss","floor":16.0,"turns":5.0},{"damage":23.0,"enemies":"Spheric Guardian","floor":18.0,"turns":4.0},{"damage":17.0,"enemies":"2 Thieves","floor":21.0,"turns":4.0},{"damage":40.0,"enemies":"Slavers","floor":23.0,"turns":5.0},{"damage":3.0,"enemies":"Colosseum Slavers","floor":25.0,"turns":2.0},{"damage":10.0,"enemies":"Colosseum Nobs","floor":25.0,"turns":4.0},{"damage":20.0,"enemies":"Gremlin Leader","floor":27.0,"turns":4.0},{"damage":7.0,"enemies":"Shelled Parasite and Fungi","floor":30.0,"turns":3.0},{"damage":0.0,"enemies":"Collector","floor":33.0,"turns":4.0},{"damage":25.0,"enemies":"3 Shapes","floor":35.0,"turns":3.0},{"damage":0.0,"enemies":"Orb Walker","floor":36.0,"turns":2.0},{"damage":42.0,"enemies":"Maw","floor":37.0,"turns":7.0},{"damage":51.0,"enemies":"2 Orb Walkers","floor":40.0,"turns":3.0},{"damage":0.0,"enemies":"Spire Growth","floor":41.0,"turns":3.0},{"damage":16.0,"enemies":"Jaw Worm Horde","floor":42.0,"turns":3.0},{"damage":25.0,"enemies":"Giant Head","floor":44.0,"turns":6.0},{"damage":22,"enemies":"Nemesis","floor":46,"turns":5},{"damage":9,"enemies":"Sphere and 2 Shapes","floor":48,"turns":5},{"damage":30,"enemies":"Awakened One","floor":50,"turns":5}],"seed_played":"-3341318107676815907","potions_obtained":[{"floor":1.0,"key":"SpeedPotion"},{"floor":8.0,"key":"Weak Potion"},{"floor":11.0,"key":"Weak Potion"},{"floor":16.0,"key":"EssenceOfSteel"},{"floor":23.0,"key":"SkillPotion"},{"floor":30.0,"key":"EssenceOfSteel"},{"floor":40.0,"key":"PowerPotion"},{"floor":42.0,"key":"SteroidPotion"},{"floor":44.0,"key":"SteroidPotion"}],"is_trial":false,"path_per_floor":["M","M","?","M","M","E","M","M","T","?","M","M","E","$","R","B",null,"M","?","?","M","T","E","R","?","T","E","$","$","M","T","R","B",null,"M","M","M","?","?","E","M","M","T","E","R","E","?","M","R","B"],"character_chosen":"IRONCLAD","items_purchased":["Shuriken","Tiny Chest","Impervious","Battle Trance","True Grit+1","Pear","Nunchaku","Strength Potion","Warcry+1","Pen Nib","Double Tap+1","Art of War","Feel No Pain"],"campfire_rested":1,"item_purchase_floors":[14,14,14,14,28,28,28,28,28,29,29,29,29],"current_hp_per_floor":[80,80,80,80,76,66,58,48,48,48,34,35,37,37,75,74,75,58,58,52,43,43,28,28,33,33,21,31,31,32,32,32,62,62,60,62,42,42,58,37,53,62,62,62,62,57,57,56,56,38],"gold":1990,"neow_bonus":"","is_prod":false,"is_daily":true,"chose_seed":false,"campfire_upgraded":0,"win_rate":0,"timestamp":1537710019,"path_taken":["M","M","?","M","?","E","M","M","T","?","?","M","E","$","R","BOSS","M","?","?","M","?","E","R","?","T","E","?","$","M","?","R","BOSS","BOSS","M","M","M","?","?","E","M","?","T","E","R","E","?","?","R","BOSS"],"build_version":"2018-09-20","purchased_purges":1,"victory":true,"max_hp_per_floor":[80,80,80,80,80,80,80,80,80,80,80,80,80,80,75,75,75,75,75,52,52,52,52,52,52,52,52,62,62,62,62,62,62,62,62,62,62,62,62,62,62,62,62,62,62,62,62,62,62,62],"card_choices":[{"not_picked":["Perfected Strike","Body Slam"],"picked":"Shrug It Off","floor":1.0},{"not_picked":["Reckless Charge","Dual Wield"],"picked":"Sword Boomerang","floor":2.0},{"not_picked":["Flex","Sword Boomerang"],"picked":"Demon Form","floor":4.0},{"not_picked":["Hemokinesis","Warcry"],"picked":"Battle Trance","floor":5.0},{"not_picked":["Second Wind","Wild Strike"],"picked":"Hemokinesis","floor":6.0},{"not_picked":["Clothesline","Anger"],"picked":"Heavy Blade","floor":7.0},{"not_picked":["Twin Strike","Anger"],"picked":"Shockwave","floor":8.0},{"not_picked":["Infernal Blade","Blood for Blood"],"picked":"Sword Boomerang","floor":11.0},{"not_picked":["Headbutt","Inflame"],"picked":"Limit Break","floor":12.0},{"not_picked":["Blood for Blood","Power Through"],"picked":"True Grit","floor":13.0},{"not_picked":["Berserk","Bludgeon"],"picked":"Reaper","floor":16.0},{"not_picked":["Rupture","Second Wind"],"picked":"True Grit","floor":18.0},{"not_picked":["Perfected Strike","Clash"],"picked":"Pummel","floor":21.0},{"not_picked":["Wild Strike","Warcry"],"picked":"Sever Soul+1","floor":23.0},{"not_picked":["Intimidate+1","Second Wind"],"picked":"True Grit","floor":25.0},{"not_picked":["Twin Strike","Rampage+1","Intimidate+1"],"picked":"SKIP","floor":27.0},{"not_picked":["Perfected Strike","Anger"],"picked":"Cleave","floor":30.0},{"not_picked":["Barricade","Berserk"],"picked":"Impervious+1","floor":33.0},{"not_picked":["Perfected Strike+1","Cleave"],"picked":"Heavy Blade","floor":35.0},{"not_picked":["Evolve","Clash"],"picked":"Thunderclap+1","floor":36.0},{"not_picked":["Iron Wave+1","Thunderclap"],"picked":"Warcry+1","floor":37.0},{"not_picked":["Rage+1","Wild Strike"],"picked":"Burning Pact+1","floor":40.0},{"not_picked":["Carnage","Twin Strike+1"],"picked":"Whirlwind+1","floor":41.0},{"not_picked":["Flex+1","Pommel Strike+1"],"picked":"Cleave+1","floor":42.0},{"not_picked":["Warcry+1","Iron Wave"],"picked":"Barricade","floor":44.0},{"not_picked":["Clash+1","Armaments+1","Shrug It Off+1"],"picked":"Disarm+1","floor":46},{"not_picked":["Wild Strike+1","Armaments+1","Body Slam"],"picked":"Shrug It Off+1","floor":48}],"player_experience":374254,"relics_obtained":[{"floor":6.0,"key":"Du-Vu Doll"},{"floor":13.0,"key":"Pantograph"},{"floor":22.0,"key":"Mercury Hourglass"},{"floor":23.0,"key":"Girya"},{"floor":25.0,"key":"Champion Belt"},{"floor":25.0,"key":"Bottled Tornado"},{"floor":26.0,"key":"Toxic Egg 2"},{"floor":27.0,"key":"Gremlin Horn"},{"floor":31.0,"key":"Peace Pipe"},{"floor":40.0,"key":"Bronze Scales"},{"floor":43.0,"key":"Bottled Lightning"},{"floor":44.0,"key":"Question Card"},{"floor":46,"key":"Pocketwatch"}],"event_choices":[{"event_name":"Golden Idol","player_choice":"Take Wound","floor":3.0,"damage_taken":0.0},{"event_name":"Golden Shrine","player_choice":"Desecrate","floor":10.0,"damage_taken":0.0},{"event_name":"Transmorgrifier","player_choice":"Transform","floor":19.0,"damage_taken":0.0},{"event_name":"Vampires","player_choice":"Became a vampire","floor":20.0,"damage_taken":0.0},{"event_name":"Colosseum","player_choice":"Fight","floor":25.0,"damage_taken":0.0},{"event_name":"Colosseum","player_choice":"Fought Nobs","floor":25.0,"damage_taken":0.0},{"event_name":"MindBloom","player_choice":"Gold","floor":38.0,"damage_taken":0.0},{"event_name":"Winding Halls","player_choice":"Writhe","floor":39.0,"damage_taken":0.0},{"event_name":"Transmorgrifier","player_choice":"Transform","floor":47,"damage_taken":0}],"is_beta":true,"boss_relics":[{"not_picked":["Runic Dome","Philosopher\u0027s Stone"],"picked":"Fusion Hammer"},{"not_picked":["Mark of Pain","White Beast Statue"],"picked":"Coffee Dripper"}],"items_purged_floors":[14],"is_endless":false,"potions_floor_spawned":[1,8,11,12,16,23,25,30,40,42,44,46],"ascension_level":0}