{"gold_per_floor":[115,134,23,23,23,50,50,62,87,87,87,119,72,91,91,196,196,216,125,125,224,78,78,78],"floor_reached":24,"playtime":995,"items_purged":[],"score":281,"play_id":"41b3b03c-7f8d-449a-8f45-23ee1f361452","local_time":"20190818101420","is_ascension_mode":true,"campfire_choices":[{"data":"Shrug It Off","floor":7,"key":"SMITH"},{"data":"Shockwave","floor":11,"key":"SMITH"},{"data":"Flame Barrier","floor":15,"key":"SMITH"},{"data":"Flame Barrier","floor":23,"key":"SMITH"}],"neow_cost":"NONE","seed_source_timestamp":931935193384,"circlet_count":0,"master_deck":["Strike_R","Strike_R","Strike_R","Strike_R","Strike_R","Defend_R+1","Defend_R","Defend_R+1","Defend_R","Bash","Shrug It Off+1","Finesse","Shockwave+1","Flame Barrier+1","Shrug It Off","Bandage Up","Flame Barrier+1","Metallicize"],"relics":["Burning Blood","NeowsBlessing","Bronze Scales","Self Forming Clay","Art of War","Nunchaku","Coffee Dripper","MutagenicStrength"],"potions_floor_usage":[16],"damage_taken":[{"damage":0,"enemies":"2 Louse","floor":1,"turns":1},{"damage":0,"enemies":"Small Slimes","floor":2,"turns":1},{"damage":0,"enemies":"Gremlin Nob","floor":6,"turns":1},{"damage":0,"enemies":"Jaw Worm","floor":8,"turns":3},{"damage":33,"enemies":"Lagavulin","floor":12,"turns":8},{"damage":2,"enemies":"Red Slaver","floor":14,"turns":4},{"damage":35,"enemies":"The Guardian","floor":16,"turns":18},{"damage":0,"enemies":"3 Byrds","floor":18,"turns":2},{"damage":91,"enemies":"Gremlin Leader","floor":24,"turns":10}],"seed_played":"6424446748591161248","potions_obtained":[{"floor":2,"key":"Dexterity Potion"},{"floor":8,"key":"GamblersBrew"},{"floor":12,"key":"Ancient Potion"},{"floor":18,"key":"GamblersBrew"}],"is_trial":false,"path_per_floor":["M","M","$","?","?","E","R","M","T","?","R","E","$","M","R","B",null,"M","$","?","?","$","R","E"],"character_chosen":"IRONCLAD","items_purchased":["Shrug It Off","Finesse","Shrug It Off","Bandage Up","Flame Barrier","Metallicize"],"campfire_rested":0,"item_purchase_floors":[3,3,13,19,22,22],"current_hp_per_floor":[80,80,80,62,67,73,73,79,79,62,62,35,35,39,39,10,66,72,72,72,72,72,72,0],"gold":78,"neow_bonus":"THREE_ENEMY_KILL","is_prod":false,"is_daily":false,"chose_seed":false,"campfire_upgraded":4,"win_rate":0,"timestamp":1566116060,"path_taken":["M","M","$","?","?","E","R","M","T","?","R","E","?","M","R","BOSS","M","$","?","?","$","R","E"],"build_version":"2019-07-17","purchased_purges":0,"victory":false,"max_hp_per_floor":[80,80,80,80,85,85,85,85,85,85,85,85,85,85,85,85,85,85,85,85,85,85,85,85],"card_choices":[{"not_picked":["Havoc","Rage","Burning Pact"],"picked":"SKIP","floor":1},{"not_picked":["Seeing Red","Warcry","Hemokinesis"],"picked":"SKIP","floor":2},{"not_picked":["Flex","Iron Wave"],"picked":"Shockwave","floor":6},{"not_picked":["Inflame","Perfected Strike","Clothesline"],"picked":"SKIP","floor":8},{"not_picked":["Sword Boomerang","Body Slam"],"picked":"Flame Barrier","floor":12},{"not_picked":["Pommel Strike","Thunderclap","Wild Strike"],"picked":"SKIP","floor":14},{"not_picked":["Clothesline+1","Blood for Blood","Warcry+1"],"picked":"SKIP","floor":18}],"player_experience":306784,"relics_obtained":[{"floor":6,"key":"Self Forming Clay"},{"floor":9,"key":"Art of War"},{"floor":12,"key":"Nunchaku"}],"event_choices":[{"damage_healed":0,"gold_gain":0,"player_choice":"Success","damage_taken":18,"relics_obtained":["Bronze Scales"],"max_hp_gain":0,"max_hp_loss":0,"event_name":"Scrap Ooze","floor":4,"gold_loss":0},{"damage_healed":0,"gold_gain":0,"player_choice":"Donut","damage_taken":0,"max_hp_gain":5,"max_hp_loss":0,"event_name":"Big Fish","floor":5,"gold_loss":0},{"damage_healed":0,"gold_gain":0,"player_choice":"Entered Light","damage_taken":17,"max_hp_gain":0,"max_hp_loss":0,"event_name":"Shining Light","floor":10,"gold_loss":0,"cards_upgraded":["Defend_R","Defend_R"]},{"damage_healed":0,"gold_gain":0,"player_choice":"Inject Mutagens","damage_taken":0,"relics_obtained":["MutagenicStrength"],"max_hp_gain":0,"max_hp_loss":0,"event_name":"Drug Dealer","floor":20,"gold_loss":0},{"damage_healed":0,"gold_gain":99,"player_choice":"Stole From Cult","damage_taken":0,"max_hp_gain":0,"max_hp_loss":0,"event_name":"Nest","floor":21,"gold_loss":0}],"is_beta":false,"boss_relics":[{"not_picked":["Calling Bell","Orrery"],"picked":"Coffee Dripper"}],"items_purged_floors":[],"is_endless":false,"potions_floor_spawned":[2,8,12,18],"killed_by":"Gremlin Leader","ascension_level":5}