{"gold_per_floor":[113,127,52,62,73,73,107,117,140,140,140,65,90,103,103,177,177,188,463,480,174,174,174,204,222,222,247,247,247,247,26,26,98,98,117,131,151,1,11,11,11],"floor_reached":41,"playtime":1542,"items_purged":["Strike_R","Regret","Strike_R","Strike_R"],"score":882,"play_id":"06b963ca-4e26-4f90-9781-824fc1d28cb6","local_time":"20190928131051","is_ascension_mode":true,"campfire_choices":[{"data":"Anger","floor":6.0,"key":"SMITH"},{"data":"Flame Barrier","floor":11.0,"key":"SMITH"},{"data":"Disarm","floor":15.0,"key":"SMITH"},{"data":"Bludgeon","floor":23.0,"key":"SMITH"},{"data":"Metallicize","floor":28.0,"key":"SMITH"},{"data":"Metallicize","floor":30.0,"key":"SMITH"},{"data":"Dual Wield","floor":32.0,"key":"SMITH"},{"data":"Bash","floor":40.0,"key":"SMITH"}],"neow_cost":"NONE","seed_source_timestamp":995828414409500,"circlet_count":0,"master_deck":["AscendersBane","Strike_R","Defend_R","Defend_R","Defend_R","Defend_R","Bash+1","Panacea","Anger+1","Clothesline","Fire Breathing","Flame Barrier+1","Disarm+1","Bludgeon+1","Dark Embrace","Seeing Red","Metallicize+1","Metallicize+1","Carnage","Dual Wield+1","Reaper","Clothesline+1"],"special_seed":0,"relics":["Burning Blood","Eternal Feather","PreservedInsect","Ancient Tea Set","Snecko Eye","Orrery","Boot","Kunai","Sundial","Runic Dome"],"potions_floor_usage":[41],"damage_taken":[{"damage":7.0,"enemies":"2 Louse","floor":1.0,"turns":4.0},{"damage":14.0,"enemies":"Jaw Worm","floor":2.0,"turns":5.0},{"damage":8.0,"enemies":"Small Slimes","floor":4.0,"turns":3.0},{"damage":8.0,"enemies":"Red Slaver","floor":5.0,"turns":4.0},{"damage":25.0,"enemies":"Lagavulin","floor":7.0,"turns":7.0},{"damage":14.0,"enemies":"3 Louse","floor":8.0,"turns":4.0},{"damage":6.0,"enemies":"Gremlin Nob","floor":13.0,"turns":3.0},{"damage":8.0,"enemies":"Large Slime","floor":14.0,"turns":6.0},{"damage":23.0,"enemies":"The Guardian","floor":16.0,"turns":18.0},{"damage":6.0,"enemies":"Chosen","floor":18.0,"turns":3.0},{"damage":9.0,"enemies":"3 Byrds","floor":20.0,"turns":5.0},{"damage":4.0,"enemies":"Gremlin Leader","floor":24.0,"turns":4.0},{"damage":16.0,"enemies":"Centurion and Healer","floor":25.0,"turns":7.0},{"damage":41.0,"enemies":"Slavers","floor":27.0,"turns":5.0},{"damage":25.0,"enemies":"Collector","floor":33.0,"turns":6.0},{"damage":47.0,"enemies":"3 Darklings","floor":35.0,"turns":7.0},{"damage":1.0,"enemies":"3 Shapes","floor":36.0,"turns":6.0},{"damage":20.0,"enemies":"Jaw Worm Horde","floor":37.0,"turns":6.0},{"damage":6.0,"enemies":"Maw","floor":39.0,"turns":8.0},{"damage":91,"enemies":"Reptomancer","floor":41,"turns":3}],"seed_played":"-2317878780428430690","potions_obtained":[{"floor":2.0,"key":"Ancient Potion"},{"floor":5.0,"key":"SpeedPotion"},{"floor":13.0,"key":"EssenceOfSteel"},{"floor":16.0,"key":"EssenceOfSteel"},{"floor":25.0,"key":"DuplicationPotion"},{"floor":33.0,"key":"Weak Potion"},{"floor":36.0,"key":"Explosive Potion"},{"floor":37.0,"key":"Strength Potion"},{"floor":39.0,"key":"PowerPotion"}],"is_trial":false,"path_per_floor":["M","M","?","M","M","R","E","M","T","?","R","$","E","M","R","B",null,"M","?","M","$","?","R","E","M","T","E","R","?","R","$","R","B",null,"M","M","M","$","M","R","E"],"character_chosen":"IRONCLAD","items_purchased":["Orrery","Carnage","Dual Wield","BloodPotion"],"campfire_rested":0,"item_purchase_floors":[21,21,31,31],"current_hp_per_floor":[67,59,59,57,55,55,36,28,28,28,37,37,37,35,44,27,63,63,63,60,60,60,72,74,64,64,29,41,20,32,32,44,41,70,45,50,48,48,76,80,0],"gold":11,"neow_bonus":"RANDOM_COLORLESS","is_prod":false,"is_daily":false,"chose_seed":false,"campfire_upgraded":8,"win_rate":0,"timestamp":1569701451,"path_taken":["M","M","?","M","M","R","E","M","T","?","R","?","E","M","R","BOSS","M","?","?","$","?","R","E","M","T","E","R","?","R","?","R","BOSS","M","M","?","$","M","R","E"],"build_version":"2019-09-27","purchased_purges":4,"victory":false,"max_hp_per_floor":[75,75,75,75,75,75,75,75,75,75,75,75,75,75,75,75,75,75,75,75,75,75,75,75,75,75,75,75,80,80,80,80,80,80,80,80,80,80,80,80,80],"card_choices":[{"not_picked":["Purity","Deep Breath"],"picked":"Panacea","floor":0.0},{"not_picked":["Rupture","Hemokinesis"],"picked":"Anger","floor":1.0},{"not_picked":["Seeing Red","Flex"],"picked":"Clothesline","floor":2.0},{"not_picked":["Twin Strike","Corruption"],"picked":"Fire Breathing","floor":4.0},{"not_picked":["Dual Wield","Perfected Strike"],"picked":"Flame Barrier","floor":5.0},{"not_picked":["Clash","Exhume","Heavy Blade"],"picked":"SKIP","floor":7.0},{"not_picked":["Searing Blow","Twin Strike","Sever Soul"],"picked":"SKIP","floor":8.0},{"not_picked":["Entrench","Exhume","Evolve"],"picked":"SKIP","floor":13.0},{"not_picked":["True Grit","Sword Boomerang"],"picked":"Disarm","floor":14.0},{"not_picked":["Feed","Juggernaut"],"picked":"Bludgeon","floor":16.0},{"not_picked":["Havoc","Cleave","True Grit"],"picked":"SKIP","floor":18.0},{"not_picked":["Pommel Strike","Anger","Havoc+1"],"picked":"SKIP","floor":20.0},{"not_picked":["Sever Soul","Clash"],"picked":"Dark Embrace","floor":21.0},{"not_picked":["Cleave","Wild Strike"],"picked":"Seeing Red","floor":21.0},{"not_picked":["Dual Wield","Havoc+1"],"picked":"Metallicize","floor":21.0},{"not_picked":["Wild Strike","Whirlwind+1"],"picked":"Metallicize","floor":21.0},{"not_picked":["True Grit","Entrench","Rampage"],"picked":"SKIP","floor":24.0},{"not_picked":["Intimidate","Rampage","Metallicize"],"picked":"SKIP","floor":25.0},{"not_picked":["Entrench","Dropkick","Armaments"],"picked":"SKIP","floor":27.0},{"not_picked":["Feed","Brutality"],"picked":"Reaper","floor":33.0},{"not_picked":["Shrug It Off","Warcry+1"],"picked":"Clothesline+1","floor":35.0},{"not_picked":["Wild Strike+1","Sword Boomerang","Thunderclap"],"picked":"SKIP","floor":36.0},{"not_picked":["Searing Blow","Intimidate","Sword Boomerang"],"picked":"SKIP","floor":37.0},{"not_picked":["Entrench","Perfected Strike","Clash"],"picked":"SKIP","floor":39.0}],"player_experience":1092665,"relics_obtained":[{"floor":7.0,"key":"Eternal Feather"},{"floor":9.0,"key":"PreservedInsect"},{"floor":13.0,"key":"Ancient Tea Set"},{"floor":24.0,"key":"Boot"},{"floor":26.0,"key":"Kunai"},{"floor":27.0,"key":"Sundial"}],"event_choices":[{"cards_removed":["Strike_R"],"damage_healed":0.0,"max_hp_gain":0.0,"max_hp_loss":0.0,"gold_gain":0.0,"event_name":"The Cleric","player_choice":"Card Removal","floor":3.0,"gold_loss":75.0,"damage_taken":0.0},{"damage_healed":0.0,"max_hp_gain":0.0,"max_hp_loss":0.0,"gold_gain":0.0,"event_name":"Liars Game","player_choice":"Ignored","floor":10.0,"gold_loss":0.0,"damage_taken":0.0},{"damage_healed":0.0,"max_hp_gain":0.0,"max_hp_loss":0.0,"gold_gain":275.0,"event_name":"Golden Shrine","player_choice":"Desecrate","floor":19.0,"gold_loss":0.0,"damage_taken":0.0,"cards_obtained":["Regret"]},{"damage_healed":0.0,"max_hp_gain":0.0,"max_hp_loss":0.0,"gold_gain":0.0,"event_name":"The Mausoleum","player_choice":"Ignored","floor":22.0,"gold_loss":0.0,"damage_taken":0.0},{"damage_healed":0.0,"max_hp_gain":5.0,"max_hp_loss":0.0,"gold_gain":0.0,"event_name":"Forgotten Altar","player_choice":"Shed Blood","floor":29.0,"gold_loss":0.0,"damage_taken":26.0}],"is_beta":true,"boss_relics":[{"not_picked":["Busted Crown","Sozu"],"picked":"Snecko Eye"},{"not_picked":["Fusion Hammer","SacredBark"],"picked":"Runic Dome"}],"items_purged_floors":[12,21,31,38],"is_endless":false,"potions_floor_spawned":[2,5,13,16,25,33,36,37,39],"killed_by":"Reptomancer","ascension_level":20}