{"gold_per_floor":[115,126,301,251,267,267,64,89,113,126,139,25,40,57,57,157,157,173,191,191,54,102,102,49,77,130,130,145,155,155,168,168,168],"floor_reached":33,"playtime":1552,"items_purged":[],"score":309,"play_id":"d1abebc4-f6be-4ae4-a428-29064ac007ca","local_time":"20190717184417","is_ascension_mode":true,"campfire_choices":[{"data":"Zap","floor":6,"key":"SMITH"},{"floor":15,"key":"REST"},{"data":"Rainbow","floor":23,"key":"SMITH"},{"floor":30,"key":"REST"},{"floor":32,"key":"REST"}],"neow_cost":"NONE","seed_source_timestamp":13666606530913,"circlet_count":0,"master_deck":["Strike_B","Strike_B","Strike_B","Strike_B","Defend_B","Defend_B","Defend_B","Defend_B","Zap+1","Dualcast","Gash","BootSequence","White Noise","Ball Lightning","Hologram+1","Rainbow+1","Capacitor","Lockon","Streamline","Hologram","Rainbow","Defragment","Cold Snap","Self Repair","Ball Lightning","Conserve Battery+1","Hologram+1","Beam Cell+1","White Noise"],"relics":["Philosopher\u0027s Stone","MealTicket","Pen Nib","PreservedInsect","Black Star","Bag of Preparation","Omamori","Strawberry","Vajra"],"potions_floor_usage":[8,14,18,19,19,25,29,31],"damage_taken":[{"damage":3,"enemies":"Jaw Worm","floor":1,"turns":3},{"damage":10,"enemies":"Small Slimes","floor":2,"turns":3},{"damage":6,"enemies":"Cultist","floor":5,"turns":4},{"damage":25,"enemies":"3 Sentries","floor":8,"turns":10},{"damage":8,"enemies":"Gremlin Gang","floor":10,"turns":4},{"damage":11,"enemies":"Exordium Wildlife","floor":11,"turns":4},{"damage":19,"enemies":"Exordium Thugs","floor":13,"turns":4},{"damage":3,"enemies":"2 Fungi Beasts","floor":14,"turns":3},{"damage":23,"enemies":"Hexaghost","floor":16,"turns":8},{"damage":13,"enemies":"Spheric Guardian","floor":18,"turns":4},{"damage":1,"enemies":"2 Thieves","floor":19,"turns":3},{"damage":61,"enemies":"Gremlin Leader","floor":25,"turns":6},{"damage":9,"enemies":"Centurion and Healer","floor":28,"turns":6},{"damage":8,"enemies":"Sentry and Sphere","floor":29,"turns":4},{"damage":11,"enemies":"Snake Plant","floor":31,"turns":4},{"damage":57,"enemies":"Champ","floor":33,"turns":8}],"seed_played":"-7729213080862912144","potions_obtained":[{"floor":5,"key":"Block Potion"},{"floor":8,"key":"SpeedPotion"},{"floor":11,"key":"SkillPotion"},{"floor":16,"key":"AttackPotion"},{"floor":18,"key":"Block Potion"},{"floor":19,"key":"Poison Potion"},{"floor":28,"key":"PowerPotion"},{"floor":29,"key":"Poison Potion"}],"is_trial":false,"path_per_floor":["M","M","?","?","M","R","$","E","T","M","M","$","M","M","R","B",null,"M","M","?","$","T","R","$","E","T","?","M","M","R","M","R","B"],"character_chosen":"DEFECT","items_purchased":["MealTicket","Capacitor","Lockon","Cold Snap","Self Repair","Ball Lightning","Conserve Battery"],"campfire_rested":3,"item_purchase_floors":[7,12,12,21,21,21,24],"current_hp_per_floor":[72,62,62,62,56,56,56,31,31,23,12,27,8,5,27,4,75,62,61,61,75,75,75,75,21,21,21,19,11,35,24,48,0],"gold":168,"neow_bonus":"BOSS_RELIC","is_prod":false,"is_daily":false,"chose_seed":false,"campfire_upgraded":2,"win_rate":0,"timestamp":1563381857,"path_taken":["M","M","?","?","M","R","$","E","T","M","M","?","M","?","R","BOSS","M","?","?","$","?","R","$","E","T","?","M","M","R","M","R","BOSS"],"build_version":"2019-07-05","purchased_purges":0,"victory":false,"max_hp_per_floor":[75,75,75,75,75,75,75,75,75,75,75,75,75,75,75,75,75,75,75,75,75,75,75,75,82,82,82,82,82,82,82,82,82],"card_choices":[{"not_picked":["Barrage","Coolheaded"],"picked":"Gash","floor":1},{"not_picked":["Genetic Algorithm","Chill"],"picked":"BootSequence","floor":2},{"not_picked":["Redo","Conserve Battery"],"picked":"White Noise","floor":5},{"not_picked":["Rebound","Genetic Algorithm"],"picked":"Ball Lightning","floor":8},{"not_picked":["Darkness","Coolheaded"],"picked":"Hologram","floor":10},{"not_picked":["Recycle","Chill"],"picked":"Rainbow","floor":11},{"not_picked":["Reprogram","Rebound"],"picked":"Streamline","floor":13},{"not_picked":["Rip and Tear","Turbo"],"picked":"Hologram","floor":14},{"not_picked":["Buffer","Amplify"],"picked":"Rainbow","floor":16},{"not_picked":["Go for the Eyes","Ball Lightning"],"picked":"Defragment","floor":18},{"not_picked":["Blizzard","Scrape","Go for the Eyes"],"picked":"SKIP","floor":19},{"not_picked":["Rip and Tear","Steam+1","Skim"],"picked":"SKIP","floor":25},{"not_picked":["Barrage","Steam"],"picked":"Hologram+1","floor":28},{"not_picked":["Compile Driver+1","Fusion"],"picked":"Beam Cell+1","floor":29},{"not_picked":["Barrage","Compile Driver"],"picked":"White Noise","floor":31}],"player_experience":269997,"relics_obtained":[{"floor":8,"key":"Pen Nib"},{"floor":9,"key":"PreservedInsect"},{"floor":22,"key":"Bag of Preparation"},{"floor":25,"key":"Omamori"},{"floor":25,"key":"Strawberry"},{"floor":26,"key":"Vajra"}],"event_choices":[{"damage_healed":0,"gold_gain":175,"player_choice":"AGREE","damage_taken":0,"max_hp_gain":0,"max_hp_loss":0,"event_name":"Liars Game","floor":3,"gold_loss":0,"cards_obtained":["Doubt"]},{"cards_removed":["Doubt"],"damage_healed":0,"gold_gain":0,"player_choice":"Card Removal","damage_taken":0,"max_hp_gain":0,"max_hp_loss":0,"event_name":"The Cleric","floor":4,"gold_loss":50},{"damage_healed":0,"gold_gain":0,"player_choice":"Upgraded","damage_taken":0,"max_hp_gain":0,"max_hp_loss":0,"event_name":"Upgrade Shrine","floor":20,"gold_loss":0,"cards_upgraded":["Hologram"]},{"damage_healed":0,"gold_gain":0,"player_choice":"Forge","damage_taken":0,"max_hp_gain":0,"max_hp_loss":0,"event_name":"Accursed Blacksmith","floor":27,"gold_loss":0,"cards_upgraded":["Conserve Battery"]}],"is_beta":false,"boss_relics":[{"not_picked":["White Beast Statue","Coffee Dripper"],"picked":"Black Star"}],"items_purged_floors":[],"is_endless":false,"potions_floor_spawned":[5,8,11,16,18,19,28,29],"killed_by":"Champ","ascension_level":3}