{"gold_per_floor":[118,118,43,118,118,137,170,170,194,209,209,6,77,87,87,184,184,201,219,144,144,161,161,190,190,190,102,102,102,117,130,130,130],"floor_reached":33,"playtime":2218,"items_purged":[],"score":389,"play_id":"d5c9a54d-de8a-4cfe-9a73-79615e00d65c","local_time":"20190826163115","is_ascension_mode":true,"campfire_choices":[{"data":"Pummel","floor":8,"key":"SMITH"},{"data":"Body Slam","floor":11,"key":"SMITH"},{"data":"Headbutt","floor":15,"key":"SMITH"},{"data":"Limit Break","floor":23,"key":"SMITH"},{"data":"Shrug It Off","floor":25,"key":"SMITH"},{"data":"Shrug It Off","floor":28,"key":"SMITH"},{"data":"Flash of Steel","floor":32,"key":"SMITH"}],"neow_cost":"NONE","seed_source_timestamp":15027362539100,"circlet_count":0,"master_deck":["Strike_R","Strike_R","Strike_R","Strike_R","Defend_R","Defend_R","Bash","Dropkick","Pummel+1","Body Slam+1","Ghostly Armor","Spot Weakness","Shrug It Off+1","Flash of Steel","Dropkick","Headbutt+1","Limit Break+1","Shrug It Off+1","Armaments+1","Shockwave+1","Flash of Steel+1"],"relics":["Burning Blood","NeowsBlessing","Nunchaku","Pen Nib","Singing Bowl","Philosopher\u0027s Stone","Enchiridion","Dead Branch","Du-Vu Doll"],"potions_floor_usage":[16,19,24,24,33],"damage_taken":[{"damage":0,"enemies":"Jaw Worm","floor":1,"turns":1},{"damage":0,"enemies":"2 Louse","floor":6,"turns":1},{"damage":0,"enemies":"Gremlin Nob","floor":7,"turns":1},{"damage":0,"enemies":"Cultist","floor":10,"turns":2},{"damage":15,"enemies":"Exordium Thugs","floor":14,"turns":5},{"damage":33,"enemies":"The Guardian","floor":16,"turns":10},{"damage":6,"enemies":"Shell Parasite","floor":18,"turns":3},{"damage":7,"enemies":"Chosen","floor":19,"turns":4},{"damage":15,"enemies":"Centurion and Healer","floor":22,"turns":4},{"damage":14,"enemies":"Gremlin Leader","floor":24,"turns":4},{"damage":5,"enemies":"Cultist and Chosen","floor":30,"turns":3},{"damage":8,"enemies":"3 Cultists","floor":31,"turns":5},{"damage":62,"enemies":"Automaton","floor":33,"turns":6}],"seed_played":"7068195773071947371","potions_obtained":[{"floor":1,"key":"Block Potion"},{"floor":7,"key":"Explosive Potion"},{"floor":10,"key":"PowerPotion"},{"floor":18,"key":"Fire Potion"},{"floor":24,"key":"SkillPotion"},{"floor":31,"key":"LiquidBronze"}],"is_trial":false,"path_per_floor":["M","?","$","?","?","M","E","R","T","M","R","$","T","M","R","B",null,"M","M","?","?","M","R","E","R","T","$","R","?","M","M","R","B"],"character_chosen":"IRONCLAD","items_purchased":["Pummel","Shrug It Off","Flash of Steel","Dropkick","Flash of Steel"],"campfire_rested":0,"item_purchase_floors":[3,12,12,12,27],"current_hp_per_floor":[78,71,71,60,60,66,72,72,72,78,78,78,78,69,69,42,71,73,72,72,56,47,47,39,39,39,39,39,39,42,42,42,0],"gold":130,"neow_bonus":"THREE_ENEMY_KILL","is_prod":false,"is_daily":false,"chose_seed":false,"campfire_upgraded":7,"win_rate":0,"timestamp":1566829875,"path_taken":["M","?","$","?","?","?","E","R","T","M","R","?","?","M","R","BOSS","M","M","?","?","M","R","E","R","T","$","R","?","?","M","R","BOSS"],"build_version":"2019-07-17","purchased_purges":0,"victory":false,"max_hp_per_floor":[80,80,80,80,80,80,80,80,80,80,80,80,80,80,80,80,80,82,82,82,82,82,82,82,82,82,82,82,82,84,86,86,86],"card_choices":[{"not_picked":["Disarm","Flex"],"picked":"Dropkick","floor":1},{"not_picked":["Searing Blow","Thunderclap"],"picked":"Body Slam","floor":6},{"not_picked":["Wild Strike","Power Through"],"picked":"Ghostly Armor","floor":7},{"not_picked":["Clothesline","Evolve"],"picked":"Spot Weakness","floor":10},{"not_picked":["Twin Strike","Clothesline"],"picked":"Headbutt","floor":14},{"not_picked":["Bludgeon","Feed"],"picked":"Limit Break","floor":16},{"not_picked":["Entrench","Armaments","Warcry+1"],"picked":"Singing Bowl","floor":18},{"not_picked":["Flex","Body Slam"],"picked":"Shrug It Off","floor":19},{"not_picked":["Twin Strike+1","Cleave+1"],"picked":"Armaments+1","floor":22},{"not_picked":["Fire Breathing","Armaments+1"],"picked":"Shockwave+1","floor":24},{"not_picked":["Reaper","Inflame","Perfected Strike+1"],"picked":"Singing Bowl","floor":30},{"not_picked":["Thunderclap","Spot Weakness","Headbutt"],"picked":"Singing Bowl","floor":31}],"player_experience":338588,"relics_obtained":[{"floor":7,"key":"Nunchaku"},{"floor":9,"key":"Pen Nib"},{"floor":13,"key":"Singing Bowl"},{"floor":21,"key":"Enchiridion"},{"floor":24,"key":"Dead Branch"},{"floor":26,"key":"Du-Vu Doll"}],"event_choices":[{"cards_removed":["Defend_R"],"damage_healed":0,"gold_gain":0,"player_choice":"Card Removal","damage_taken":7,"max_hp_gain":0,"max_hp_loss":0,"event_name":"Golden Wing","floor":2,"gold_loss":0},{"damage_healed":0,"gold_gain":75,"player_choice":"Gather Gold","damage_taken":11,"max_hp_gain":0,"max_hp_loss":0,"event_name":"World of Goop","floor":4,"gold_loss":0},{"cards_removed":["Strike_R"],"damage_healed":0,"gold_gain":0,"player_choice":"Offered Basic","damage_taken":0,"max_hp_gain":0,"max_hp_loss":0,"event_name":"Bonfire Elementals","floor":5,"gold_loss":0},{"cards_removed":["Defend_R"],"damage_healed":0,"gold_gain":0,"player_choice":"Gave Gold","damage_taken":0,"max_hp_gain":0,"max_hp_loss":0,"event_name":"Beggar","floor":20,"gold_loss":75},{"damage_healed":0,"gold_gain":0,"player_choice":"Obtained Book","damage_taken":16,"max_hp_gain":0,"max_hp_loss":0,"event_name":"Cursed Tome","floor":21,"gold_loss":0},{"damage_healed":0,"gold_gain":0,"player_choice":"Bought 0 Potions","damage_taken":0,"max_hp_gain":0,"max_hp_loss":0,"event_name":"The Woman in Blue","floor":29,"gold_loss":0}],"is_beta":false,"boss_relics":[{"not_picked":["Eternal Feather","Snecko Eye"],"picked":"Philosopher\u0027s Stone"}],"items_purged_floors":[],"is_endless":false,"potions_floor_spawned":[1,7,10,18,24,31],"killed_by":"Automaton","ascension_level":7}