{"gold_per_floor":[118,128,143,155,172,172,186,186,213,247,267,267,63,63],"floor_reached":14,"playtime":566,"items_purged":["Strike_R"],"score":188,"play_id":"9c14f416-917b-4789-99c4-d2444f42b5d5","local_time":"20190422200929","is_ascension_mode":true,"campfire_choices":[{"data":"Flame Barrier","floor":6,"key":"SMITH"},{"floor":8,"key":"REST"}],"neow_cost":"NONE","seed_source_timestamp":73432834273218,"circlet_count":0,"master_deck":["AscendersBane","Strike_R","Strike_R","Strike_R","Strike_R","Defend_R","Defend_R","Defend_R","Defend_R","Bash","Cleave","Flame Barrier+1","Heavy Blade","Battle Trance","Armaments","Feed","Clothesline","Feel No Pain","Shrug It Off"],"relics":["Burning Blood","Pen Nib","Anchor"],"potions_floor_usage":[14,14],"damage_taken":[{"damage":12,"enemies":"Cultist","floor":1,"turns":4},{"damage":14,"enemies":"Jaw Worm","floor":2,"turns":4},{"damage":1,"enemies":"2 Louse","floor":3,"turns":3},{"damage":21,"enemies":"Red Slaver","floor":4,"turns":5},{"damage":21,"enemies":"Exordium Thugs","floor":5,"turns":5},{"damage":24,"enemies":"Large Slime","floor":7,"turns":6},{"damage":40,"enemies":"3 Sentries","floor":10,"turns":10},{"damage":3,"enemies":"Blue Slaver","floor":11,"turns":5},{"damage":24,"enemies":"Lagavulin","floor":14,"turns":5}],"seed_played":"2786040021648742285","potions_obtained":[{"floor":2,"key":"Poison Potion"},{"floor":3,"key":"SkillPotion"},{"floor":4,"key":"FearPotion"}],"is_trial":false,"path_per_floor":["M","M","M","M","M","R","M","R","T","E","M","?","$","E"],"character_chosen":"IRONCLAD","items_purchased":["Feel No Pain","Shrug It Off"],"campfire_rested":1,"item_purchase_floors":[13,13],"current_hp_per_floor":[69,61,66,51,36,36,18,42,42,8,14,14,14,0],"gold":63,"neow_bonus":"TEN_PERCENT_HP_BONUS","is_prod":false,"is_daily":false,"chose_seed":false,"campfire_upgraded":1,"win_rate":0,"timestamp":1555978169,"path_taken":["M","M","?","M","M","R","M","R","T","E","M","?","$","E"],"build_version":"2019-01-23","purchased_purges":1,"victory":false,"max_hp_per_floor":[82,82,82,82,82,82,82,82,82,82,85,85,85,85],"card_choices":[{"not_picked":["True Grit","Dual Wield"],"picked":"Cleave","floor":1},{"not_picked":["Flex","Twin Strike"],"picked":"Flame Barrier","floor":2},{"not_picked":["Clash","Wild Strike","Armaments"],"picked":"SKIP","floor":3},{"not_picked":["Clash","Wild Strike"],"picked":"Heavy Blade","floor":4},{"not_picked":["Rampage","Twin Strike"],"picked":"Battle Trance","floor":5},{"not_picked":["Rage","Burning Pact"],"picked":"Armaments","floor":7},{"not_picked":["Entrench","Seeing Red"],"picked":"Feed","floor":10},{"not_picked":["Body Slam","Flex"],"picked":"Clothesline","floor":11}],"player_experience":768945,"relics_obtained":[{"floor":9,"key":"Pen Nib"},{"floor":10,"key":"Anchor"}],"event_choices":[{"damage_healed":0,"gold_gain":0,"player_choice":"Searched \u00270\u0027 times","damage_taken":0,"max_hp_gain":0,"max_hp_loss":0,"event_name":"Dead Adventurer","floor":12,"gold_loss":0}],"is_beta":false,"boss_relics":[],"items_purged_floors":[13],"is_endless":false,"potions_floor_spawned":[2,3,4],"killed_by":"Lagavulin","ascension_level":20}