{"gold_per_floor":[117,17,35,52,52,52,72,102,138,150,172,210,236,275,287,397,409,437,468,85,102,116,146,146,146],"floor_reached":25,"playtime":2579,"items_purged":[],"score":270,"play_id":"19f3bee2-9d00-4c30-8ddb-7f7e0769e0c8","local_time":"20190908220519","is_ascension_mode":true,"campfire_choices":[{"data":"Go for the Eyes","floor":6.0,"key":"SMITH"},{"floor":10,"key":"REST"},{"data":"Creative AI","floor":15,"key":"SMITH"},{"floor":24,"key":"REST"}],"neow_cost":"NONE","seed_source_timestamp":0,"circlet_count":0,"master_deck":["Strike_B","Strike_B","Strike_B","Defend_B","Defend_B","Defend_B+1","Zap","Dualcast","Ball Lightning","Coolheaded","Capacitor","Leap","Go for the Eyes+1","Sweeping Beam","Sunder","White Noise+1","Undo","Ball Lightning","Go for the Eyes","Creative AI+1","Amplify","Steam","Force Field","Capacitor","Force Field","Storm"],"special_seed":0,"relics":["Cracked Core","MawBank","Anchor","War Paint","Shuriken","Busted Crown","Bottled Lightning","Blood Vial"],"potions_floor_usage":[12,14,14,16,23],"damage_taken":[{"damage":1.0,"enemies":"Cultist","floor":1.0,"turns":3.0},{"damage":12.0,"enemies":"Small Slimes","floor":3.0,"turns":4.0},{"damage":4.0,"enemies":"Jaw Worm","floor":4.0,"turns":3.0},{"damage":18.0,"enemies":"Large Slime","floor":7.0,"turns":4.0},{"damage":5.0,"enemies":"Lagavulin","floor":8.0,"turns":8.0},{"damage":4,"enemies":"Exordium Wildlife","floor":11,"turns":6},{"damage":17,"enemies":"3 Sentries","floor":12,"turns":7},{"damage":4,"enemies":"Lots of Slimes","floor":13,"turns":4},{"damage":10,"enemies":"Gremlin Nob","floor":14,"turns":3},{"damage":29,"enemies":"Slime Boss","floor":16,"turns":8},{"damage":0,"enemies":"Chosen","floor":18,"turns":4},{"damage":15,"enemies":"Spheric Guardian","floor":19,"turns":6},{"damage":0,"enemies":"Centurion and Healer","floor":21,"turns":5},{"damage":15,"enemies":"Sentry and Sphere","floor":22,"turns":6},{"damage":29,"enemies":"Slavers","floor":23,"turns":5},{"damage":46,"enemies":"Gremlin Leader","floor":25,"turns":4}],"seed_played":"8606983788745818860","potions_obtained":[{"floor":3.0,"key":"LiquidBronze"},{"floor":7.0,"key":"Energy Potion"},{"floor":12,"key":"Regen Potion"},{"floor":14,"key":"FearPotion"},{"floor":16,"key":"PowerPotion"},{"floor":18,"key":"GamblersBrew"}],"is_trial":false,"path_per_floor":["M","$","M","M","?","R","M","E","T","R","M","E","M","E","R","B",null,"M","M","$","M","M","E","R","E"],"character_chosen":"DEFECT","items_purchased":["Capacitor","Leap","Bottled Lightning","Force Field","Capacitor"],"campfire_rested":2,"item_purchase_floors":[2,2,20,20,20],"current_hp_per_floor":[74,74,62,58,58,58,40,35,35,57,53,36,32,31,31,2,75,75,60,60,60,45,16,38,0],"gold":146,"neow_bonus":"TRANSFORM_CARD","is_prod":false,"is_daily":false,"chose_seed":false,"campfire_upgraded":2,"win_rate":0,"timestamp":1567998319,"path_taken":["M","$","M","M","?","R","M","E","T","R","M","E","M","E","R","BOSS","M","M","$","M","?","E","R","E"],"build_version":"2019-07-17","purchased_purges":0,"victory":false,"max_hp_per_floor":[75,75,75,75,75,75,75,75,75,75,75,75,75,75,75,75,75,75,75,75,75,75,75,75,75],"card_choices":[{"not_picked":["Consume","Rip and Tear"],"picked":"Coolheaded","floor":1.0},{"not_picked":["Hologram","Buffer"],"picked":"Go for the Eyes","floor":3.0},{"not_picked":["Go for the Eyes","Compile Driver"],"picked":"Sweeping Beam","floor":4.0},{"not_picked":["Darkness","Redo"],"picked":"White Noise","floor":7.0},{"not_picked":["Stack","Sunder"],"picked":"Undo","floor":8.0},{"not_picked":["Stack","Scrape"],"picked":"Ball Lightning","floor":11},{"not_picked":["Turbo","Rainbow"],"picked":"Go for the Eyes","floor":12},{"not_picked":["BootSequence","Ball Lightning","Streamline"],"picked":"SKIP","floor":13},{"not_picked":["Blizzard","Steam"],"picked":"Creative AI","floor":14},{"not_picked":["Biased Cognition","Machine Learning"],"picked":"Amplify","floor":16},{"not_picked":["Gash"],"picked":"SKIP","floor":18},{"not_picked":[],"picked":"Steam","floor":19},{"not_picked":[],"picked":"Force Field","floor":21},{"not_picked":[],"picked":"Storm","floor":22},{"not_picked":["Skim"],"picked":"SKIP","floor":23}],"player_experience":197116,"relics_obtained":[{"floor":8.0,"key":"MawBank"},{"floor":9.0,"key":"Anchor"},{"floor":12,"key":"War Paint"},{"floor":14,"key":"Shuriken"},{"floor":23,"key":"Blood Vial"}],"event_choices":[{"damage_healed":0.0,"max_hp_gain":0.0,"max_hp_loss":0.0,"gold_gain":0.0,"cards_transformed":["Defend_B"],"event_name":"Transmorgrifier","player_choice":"Transformed","floor":5.0,"gold_loss":0.0,"damage_taken":0.0,"cards_obtained":["Sunder"]}],"is_beta":false,"boss_relics":[{"not_picked":["Fusion Hammer","Orrery"],"picked":"Busted Crown"}],"items_purged_floors":[],"is_endless":false,"potions_floor_spawned":[3,7,12,14,16,18],"killed_by":"Gremlin Leader","ascension_level":2}