{"gold_per_floor":[109,184,459,474,273,273,284,284,284,284,309,326,337,337,337,436,436,436],"floor_reached":18,"playtime":1621,"items_purged":["Regret"],"score":216,"play_id":"943a257b-bd7a-4dc1-8597-cc1bd973c0c1","local_time":"20190924215832","is_ascension_mode":true,"campfire_choices":[{"data":"Metallicize","floor":6.0,"key":"SMITH"},{"data":"Dark Embrace","floor":10.0,"key":"SMITH"},{"data":"Armaments","floor":15.0,"key":"SMITH"}],"neow_cost":"PERCENT_DAMAGE","seed_source_timestamp":0,"circlet_count":0,"master_deck":["Strike_R","Strike_R","Strike_R","Strike_R","Defend_R","Defend_R","Defend_R","Defend_R","Bash","Reaper","Inflame","Metallicize+1","Finesse","Inflame","Dark Embrace+1","Burning Pact","Heavy Blade","Armaments+1","Limit Break"],"special_seed":0,"relics":["Burning Blood","Paper Frog","PreservedInsect","Philosopher\u0027s Stone"],"potions_floor_usage":[18],"damage_taken":[{"damage":4.0,"enemies":"Jaw Worm","floor":1.0,"turns":4.0},{"damage":8.0,"enemies":"Small Slimes","floor":4.0,"turns":5.0},{"damage":4.0,"enemies":"Cultist","floor":7.0,"turns":5.0},{"damage":27.0,"enemies":"Gremlin Nob","floor":11.0,"turns":5.0},{"damage":8.0,"enemies":"Large Slime","floor":12.0,"turns":7.0},{"damage":34.0,"enemies":"Lots of Slimes","floor":13.0,"turns":5.0},{"damage":31.0,"enemies":"The Guardian","floor":16.0,"turns":13.0},{"damage":91,"enemies":"3 Byrds","floor":18,"turns":7}],"seed_played":"9033159516392209569","potions_obtained":[{"floor":1.0,"key":"Regen Potion"},{"floor":7.0,"key":"FearPotion"},{"floor":11.0,"key":"Fire Potion"},{"floor":13.0,"key":"AttackPotion"}],"is_trial":false,"path_per_floor":["M","?","?","M","$","R","M","?","T","R","E","M","M","?","R","B",null,"M"],"character_chosen":"IRONCLAD","items_purchased":["Metallicize","Finesse"],"campfire_rested":0,"item_purchase_floors":[5,5],"current_hp_per_floor":[53,42,42,46,46,46,54,54,54,54,39,45,45,38,38,30,68,0],"gold":436,"neow_bonus":"THREE_RARE_CARDS","is_prod":false,"is_daily":false,"chose_seed":false,"campfire_upgraded":3,"win_rate":0,"timestamp":1569355112,"path_taken":["M","?","?","M","$","R","?","?","T","R","E","?","M","?","R","BOSS","M"],"build_version":"2019-07-17","purchased_purges":1,"victory":false,"max_hp_per_floor":[80,80,80,80,80,80,80,80,80,80,80,80,80,80,80,80,80,80],"card_choices":[{"not_picked":["Dark Embrace","Brutality"],"picked":"Reaper","floor":0.0},{"not_picked":["Bloodletting","Sword Boomerang"],"picked":"Inflame","floor":1.0},{"not_picked":["Bloodletting","Headbutt","Anger"],"picked":"SKIP","floor":4.0},{"not_picked":["Flex","Dropkick"],"picked":"Inflame","floor":7.0},{"not_picked":["Dual Wield","Fire Breathing"],"picked":"Burning Pact","floor":11.0},{"not_picked":["Headbutt","Reckless Charge"],"picked":"Heavy Blade","floor":12.0},{"not_picked":["Fire Breathing","True Grit"],"picked":"Armaments","floor":13.0},{"not_picked":["Demon Form","Immolate"],"picked":"Limit Break","floor":16.0}],"player_experience":376139,"relics_obtained":[{"floor":9.0,"key":"Paper Frog"},{"floor":11.0,"key":"PreservedInsect"}],"event_choices":[{"damage_healed":0.0,"max_hp_gain":0.0,"max_hp_loss":0.0,"gold_gain":75.0,"event_name":"World of Goop","player_choice":"Gather Gold","floor":2.0,"gold_loss":0.0,"damage_taken":11.0},{"damage_healed":0.0,"max_hp_gain":0.0,"max_hp_loss":0.0,"gold_gain":275.0,"event_name":"Golden Shrine","player_choice":"Desecrate","floor":3.0,"gold_loss":0.0,"damage_taken":0.0,"cards_obtained":["Regret"]},{"damage_healed":0.0,"max_hp_gain":0.0,"max_hp_loss":0.0,"gold_gain":0.0,"event_name":"Match and Keep!","player_choice":"1 cards matched","floor":8.0,"gold_loss":0.0,"damage_taken":0.0,"cards_obtained":["Dark Embrace"]},{"cards_removed":["Strike_R"],"damage_healed":0.0,"max_hp_gain":0.0,"max_hp_loss":0.0,"gold_gain":0.0,"event_name":"Golden Wing","player_choice":"Card Removal","floor":14.0,"gold_loss":0.0,"damage_taken":7.0}],"is_beta":false,"boss_relics":[{"not_picked":["White Beast Statue","Fusion Hammer"],"picked":"Philosopher\u0027s Stone"}],"items_purged_floors":[5],"is_endless":false,"potions_floor_spawned":[1,7,11,13],"killed_by":"3 Byrds","ascension_level":7}