{"gold_per_floor":[114,129,129,204,219,219,249,324,324,339,369,384,411,438,450,562,574,601,628,655,682,56,86,86,116,116,131,146,146,146,191,191,291,291,306,306,356,356,371,401,401,416,491,566,34,49,79,94,94,94],"floor_reached":51,"playtime":1723,"items_purged":[],"score":1363,"play_id":"8cb23579-dbc1-443e-877a-fdb6dbd5c2ee","local_time":"20180721111840","daily_mods":["Insanity","Time Dilation","Vintage"],"is_ascension_mode":false,"campfire_choices":[{"data":"Seek","floor":6,"key":"SMITH"},{"data":"Buffer","floor":15,"key":"SMITH"},{"data":"Heatsinks","floor":32,"key":"SMITH"},{"data":"Amplify","floor":41,"key":"SMITH"},{"data":"Chill","floor":49,"key":"SMITH"}],"neow_cost":"","seed_source_timestamp":0,"circlet_count":0,"master_deck":["Leap","Undo","Auto Shields","Creative AI","Conserve Battery","Ball Lightning+1","Leap","Seek+1","All For One","Buffer+1","BootSequence","Sunder","White Noise","Rip and Tear","Aggregate","Redo","Scrape","Barrage+1","Aggregate","Steam Power","Steam","Chill","Capacitor","Biased Cognition","Stack","Chill","Chill+1","Sweeping Beam","Turbo","Heatsinks+1","Multi-Cast","Steam Power","Cold Snap","Hyperbeam","Machine Learning","Leap","Auto Shields","Chill","Sweeping Beam","Doom and Gloom","All For One","Echo Form","Fission","Aggregate","Self Repair","Zap","Amplify+1","Darkness","Hyperbeam","Reboot","Seek","Sweeping Beam","Sweeping Beam","Storm","Swift Strike","Capacitor+1","Iron Wave","Glacier","Skim","Ghostly","Ghostly+1","Ghostly","Ghostly","Ghostly+1","Biased Cognition","Writhe","Sweeping Beam+1","Mind Blast+1","Mind Blast+1","Heatsinks","Ball Lightning+1","Rip and Tear+1","Go for the Eyes+1","BootSequence","Lockon+1","Sweeping Beam+1"],"special_seed":17733,"relics":["Cracked Core","Smiling Mask","Bottled Lightning","Centennial Puzzle","Ginger","Potion Belt","Letter Opener","Symbiotic Virus","Ornamental Fan","Bag of Marbles","MawBank","Gremlin Horn","Art of War","DataDisk","Runic Dome","Matryoshka","Incense Burner","The Courier","Ancient Tea Set","OrangePellets","Bag of Preparation","Anchor","Dream Catcher","Emotion Chip","Bottled Tornado","Oddly Smooth Stone","Blood Vial","Whetstone","Tiny Chest","Happy Flower","Coffee Dripper","War Paint","Orichalcum","Vajra","Prayer Wheel","Molten Egg 2","Darkstone Periapt","Cables","Shuriken","DollysMirror","Bronze Scales","Juzu Bracelet","Sundial"],"potions_floor_usage":[7,7,16,25,25,33,50,50,50,50],"damage_taken":[{"damage":2,"enemies":"Jaw Worm","floor":1,"turns":4},{"damage":0,"enemies":"2 Louse","floor":2,"turns":1},{"damage":0,"enemies":"Small Slimes","floor":5,"turns":1},{"damage":0,"enemies":"Lagavulin","floor":7,"turns":6},{"damage":0,"enemies":"Blue Slaver","floor":10,"turns":1},{"damage":0,"enemies":"3 Sentries","floor":11,"turns":2},{"damage":1,"enemies":"Red Slaver","floor":12,"turns":2},{"damage":0,"enemies":"3 Louse","floor":13,"turns":2},{"damage":0,"enemies":"Lots of Slimes","floor":14,"turns":2},{"damage":0,"enemies":"The Guardian","floor":16,"turns":9},{"damage":0,"enemies":"Spheric Guardian","floor":18,"turns":1},{"damage":0,"enemies":"Shell Parasite","floor":19,"turns":2},{"damage":0,"enemies":"Cultist and Chosen","floor":20,"turns":2},{"damage":10,"enemies":"Centurion and Healer","floor":21,"turns":2},{"damage":0,"enemies":"Slavers","floor":23,"turns":1},{"damage":6,"enemies":"Gremlin Leader","floor":25,"turns":4},{"damage":0,"enemies":"Snecko","floor":27,"turns":2},{"damage":0,"enemies":"3 Cultists","floor":28,"turns":1},{"damage":0,"enemies":"Chosen and Byrds","floor":31,"turns":2},{"damage":0,"enemies":"Collector","floor":33,"turns":6},{"damage":0,"enemies":"3 Shapes","floor":35,"turns":2},{"damage":0,"enemies":"Flame Bruiser 1 Orb","floor":39,"turns":2},{"damage":0,"enemies":"2 Orb Walkers","floor":40,"turns":3},{"damage":0,"enemies":"Sphere and 2 Shapes","floor":42,"turns":1},{"damage":0,"enemies":"Maw","floor":46,"turns":3},{"damage":0,"enemies":"Nemesis","floor":47,"turns":1},{"damage":0,"enemies":"Spire Growth","floor":48,"turns":1},{"damage":0,"enemies":"Donu and Deca","floor":50,"turns":3}],"seed_played":"5511659171679018982","potions_obtained":[{"floor":2,"key":"SkillPotion"},{"floor":5,"key":"AttackPotion"},{"floor":7,"key":"Ancient Potion"},{"floor":14,"key":"Block Potion"},{"floor":16,"key":"Weak Potion"},{"floor":18,"key":"Explosive Potion"},{"floor":23,"key":"Explosive Potion"},{"floor":25,"key":"Ancient Potion"},{"floor":28,"key":"Energy Potion"},{"floor":42,"key":"Regen Potion"},{"floor":47,"key":"SpeedPotion"},{"floor":48,"key":"Poison Potion"}],"is_trial":false,"path_per_floor":["M","M","?","?","M","R","E","T","T","M","E","M","M","M","R","B",null,"M","M","M","M","$","E","?","E","T","M","M","?","?","M","R","B",null,"M","?","T","?","M","E","R","M","T","T","$","M","E","M","R","B"],"character_chosen":"DEFECT","items_purchased":["OrangePellets","Bag of Preparation","Sweeping Beam","Sweeping Beam","Storm","Swift Strike","Anchor","Mind Blast+1","DollysMirror","Heatsinks","Ball Lightning+1","Rip and Tear+1","Go for the Eyes+1","BootSequence","Lockon+1"],"campfire_rested":0,"item_purchase_floors":[22,22,22,22,22,22,22,45,45,45,45,45,45,45,45],"current_hp_per_floor":[73,73,55,55,55,55,55,55,55,55,55,61,68,68,68,75,75,75,75,75,72,72,72,72,73,73,73,75,75,37,37,37,37,37,37,37,37,37,37,37,37,37,37,37,37,37,37,37,37,37],"gold":94,"neow_bonus":"","is_prod":false,"is_daily":true,"chose_seed":false,"campfire_upgraded":5,"win_rate":0,"timestamp":1532146720,"path_taken":["M","M","?","?","?","R","E","?","T","M","E","M","M","?","R","BOSS","M","M","M","M","$","E","?","E","T","?","M","?","?","?","R","BOSS","M","?","?","?","M","E","R","?","T","?","$","?","E","M","R","BOSS"],"build_version":"2018-07-19","purchased_purges":0,"victory":true,"max_hp_per_floor":[75,75,75,75,75,75,75,75,75,75,75,75,75,75,75,75,75,75,75,75,75,75,75,75,75,75,75,75,75,37,37,37,37,37,37,37,37,37,37,37,37,37,37,37,37,37,37,37,37,37],"card_choices":[{"not_picked":["Turbo","All For One"],"picked":"Hyperbeam","floor":7},{"not_picked":["Lockon","Doom and Gloom"],"picked":"Reboot","floor":11},{"not_picked":["Multi-Cast","Electrodynamics"],"picked":"Seek","floor":16},{"not_picked":["Tempest","Fusion"],"picked":"Capacitor+1","floor":23},{"not_picked":["Steam","Ball Lightning"],"picked":"Glacier","floor":25},{"not_picked":["Meteor Strike","Electrodynamics"],"picked":"Biased Cognition","floor":33},{"not_picked":["Ball Lightning+1","Stack"],"picked":"Sweeping Beam","floor":40},{"not_picked":["Go for the Eyes+1","Machine Learning"],"picked":"Sweeping Beam+1","floor":47}],"player_experience":235199,"relics_obtained":[{"floor":1,"key":"Smiling Mask"},{"floor":2,"key":"Bottled Lightning"},{"floor":5,"key":"Ginger"},{"floor":7,"key":"Potion Belt"},{"floor":8,"key":"Letter Opener"},{"floor":9,"key":"Symbiotic Virus"},{"floor":10,"key":"Ornamental Fan"},{"floor":11,"key":"Bag of Marbles"},{"floor":12,"key":"MawBank"},{"floor":13,"key":"Gremlin Horn"},{"floor":14,"key":"Art of War"},{"floor":16,"key":"DataDisk"},{"floor":18,"key":"Matryoshka"},{"floor":19,"key":"Incense Burner"},{"floor":20,"key":"The Courier"},{"floor":21,"key":"Ancient Tea Set"},{"floor":23,"key":"Dream Catcher"},{"floor":25,"key":"Emotion Chip"},{"floor":26,"key":"Bottled Tornado"},{"floor":26,"key":"Oddly Smooth Stone"},{"floor":27,"key":"Blood Vial"},{"floor":28,"key":"Whetstone"},{"floor":31,"key":"Tiny Chest"},{"floor":33,"key":"Happy Flower"},{"floor":35,"key":"War Paint"},{"floor":37,"key":"Orichalcum"},{"floor":37,"key":"Vajra"},{"floor":39,"key":"Prayer Wheel"},{"floor":40,"key":"Molten Egg 2"},{"floor":42,"key":"Darkstone Periapt"},{"floor":43,"key":"Cables"},{"floor":44,"key":"Shuriken"},{"floor":46,"key":"Bronze Scales"},{"floor":47,"key":"Juzu Bracelet"},{"floor":48,"key":"Sundial"}],"event_choices":[{"event_name":"Scrap Ooze","player_choice":"success","floor":3,"damage_taken":18},{"event_name":"Golden Wing","player_choice":"Gained Gold","floor":4,"damage_taken":0},{"event_name":"NoteForYourself","player_choice":"Took Card","floor":24,"damage_taken":0},{"event_name":"The Library","player_choice":"Read","floor":29,"damage_taken":0},{"event_name":"Ghosts","player_choice":"Became a Ghost","floor":30,"damage_taken":0},{"event_name":"Winding Halls","player_choice":"Writhe","floor":36,"damage_taken":0},{"event_name":"Falling","player_choice":"Removed Attack","floor":38,"damage_taken":0}],"is_beta":true,"boss_relics":[{"not_picked":["FrozenCore","Empty Cage"],"picked":"Runic Dome"},{"not_picked":["Astrolabe","Velvet Choker"],"picked":"Coffee Dripper"}],"items_purged_floors":[],"is_endless":false,"potions_floor_spawned":[2,5,7,14,16,18,23,25,28,42,47,48],"ascension_level":0}