{"gold_per_floor":[119,119,119,132,132,158,49,65,92,92,109,119,119,139,139,241,241,259,259,259,288,305,305,305],"floor_reached":24,"playtime":1688,"items_purged":["Defend_P"],"score":221,"play_id":"72e20626-6936-403d-a992-e3988d0189c3","local_time":"20190910015836","is_ascension_mode":false,"campfire_choices":[{"data":"CutThroughFate","floor":10,"key":"SMITH"},{"data":"Establishment","floor":13,"key":"SMITH"},{"data":"DeceiveReality","floor":15,"key":"SMITH"},{"data":"SignatureMove","floor":23,"key":"SMITH"}],"neow_cost":"NONE","seed_source_timestamp":307928478685440,"circlet_count":0,"master_deck":["Strike_P","Defend_P","Defend_P","Defend_P","Eruption+1","Vigilance","Protect","DeceiveReality+1","Conclude","Perseverance","CutThroughFate+1","Establishment+1","SignatureMove+1","EmptyFist","Conclude","CarveReality"],"relics":["PureWater","NeowsBlessing","Boot","Potion Belt","SlaversCollar","Red Mask"],"potions_floor_usage":[16,16,16,22],"damage_taken":[{"damage":0,"enemies":"2 Louse","floor":1,"turns":1},{"damage":0,"enemies":"Cultist","floor":4,"turns":1},{"damage":0,"enemies":"Gremlin Nob","floor":6,"turns":1},{"damage":0,"enemies":"Jaw Worm","floor":8,"turns":4},{"damage":18,"enemies":"2 Fungi Beasts","floor":11,"turns":2},{"damage":5,"enemies":"Looter","floor":12,"turns":3},{"damage":7,"enemies":"3 Louse","floor":14,"turns":2},{"damage":2,"enemies":"Hexaghost","floor":16,"turns":11},{"damage":3,"enemies":"Shell Parasite","floor":18,"turns":4},{"damage":64,"enemies":"Masked Bandits","floor":21,"turns":6},{"damage":0,"enemies":"3 Byrds","floor":22,"turns":3},{"damage":9,"enemies":"Cultist and Chosen","floor":24,"turns":1}],"seed_played":"1632805519152948402","potions_obtained":[{"floor":4,"key":"Block Potion"},{"floor":8,"key":"PowerPotion"},{"floor":12,"key":"SkillPotion"},{"floor":21,"key":"Explosive Potion"}],"is_trial":false,"path_per_floor":["M","?","?","M","?","E","$","M","T","R","M","M","R","M","R","B",null,"M","?","?","?","M","R","M"],"character_chosen":"WATCHER","items_purchased":["Perseverance"],"campfire_rested":0,"item_purchase_floors":[7],"current_hp_per_floor":[65,70,70,70,70,70,70,70,70,70,52,47,47,40,40,38,70,67,67,67,3,3,3,0],"gold":305,"neow_bonus":"THREE_ENEMY_KILL","is_prod":false,"is_daily":false,"chose_seed":false,"campfire_upgraded":4,"win_rate":0.0,"timestamp":1568055516,"path_taken":["M","?","?","?","?","E","?","?","T","R","M","M","R","M","R","BOSS","M","?","?","?","M","R","M"],"build_version":"2019-09-09","purchased_purges":1,"victory":false,"max_hp_per_floor":[65,70,70,70,70,70,70,70,70,70,70,70,70,70,70,70,70,70,70,70,70,70,70,70],"card_choices":[{"not_picked":["EmptyBody","BowlingBash"],"picked":"Protect","floor":1},{"not_picked":["CleanseEvil","ClearTheMind"],"picked":"DeceiveReality","floor":4},{"not_picked":["Swivel","Weave"],"picked":"Conclude","floor":6},{"not_picked":["Protect","BowlingBash"],"picked":"CutThroughFate","floor":8},{"not_picked":["Adaptation","Halt","SpiritShield"],"picked":"SKIP","floor":11},{"not_picked":["Adaptation","Halt","SpiritShield"],"picked":"SKIP","floor":11},{"not_picked":["ClearTheMind","EmptyFist"],"picked":"Establishment","floor":12},{"not_picked":["Tantrum","EmptyMind","InnerPeace"],"picked":"SKIP","floor":14},{"not_picked":["Ragnarok","Omniscience"],"picked":"SignatureMove","floor":16},{"not_picked":["Weave","Worship","PathToVictory"],"picked":"SKIP","floor":18},{"not_picked":["ThirdEye","BowlingBash"],"picked":"CarveReality","floor":21},{"not_picked":["Weave+1","WreathOfFlame","FlurryOfBlows"],"picked":"SKIP","floor":22}],"player_experience":1080325,"relics_obtained":[{"floor":6,"key":"Boot"},{"floor":9,"key":"Potion Belt"},{"floor":21,"key":"Red Mask"}],"event_choices":[{"damage_healed":0,"gold_gain":0,"player_choice":"Donut","damage_taken":0,"max_hp_gain":5,"max_hp_loss":0,"event_name":"Big Fish","floor":2,"gold_loss":0},{"cards_removed":["Strike_P"],"damage_healed":0,"gold_gain":0,"player_choice":"Purged","damage_taken":0,"max_hp_gain":0,"max_hp_loss":0,"event_name":"Purifier","floor":3,"gold_loss":0},{"damage_healed":0,"gold_gain":0,"player_choice":"Forge","damage_taken":0,"max_hp_gain":0,"max_hp_loss":0,"event_name":"Accursed Blacksmith","floor":5,"gold_loss":0,"cards_upgraded":["Eruption"]},{"damage_healed":0,"gold_gain":0,"cards_transformed":["Strike_P","Strike_P"],"player_choice":"Became Test Subject","damage_taken":0,"max_hp_gain":0,"max_hp_loss":0,"event_name":"Drug Dealer","floor":19,"gold_loss":0,"cards_obtained":["EmptyFist","Conclude"]},{"damage_healed":0,"gold_gain":0,"player_choice":"Ignored","damage_taken":0,"max_hp_gain":0,"max_hp_loss":0,"event_name":"Vampires","floor":20,"gold_loss":0},{"damage_healed":0,"gold_gain":0,"player_choice":"Fought Bandits","damage_taken":0,"max_hp_gain":0,"max_hp_loss":0,"event_name":"Masked Bandits","floor":21,"gold_loss":0}],"is_beta":true,"boss_relics":[{"not_picked":["Pandora\u0027s Box","HolyWater"],"picked":"SlaversCollar"}],"items_purged_floors":[7],"is_endless":false,"potions_floor_spawned":[4,8,12,21],"killed_by":"Cultist and Chosen","ascension_level":0}