{"gold_per_floor":[111,127,127,127,127,158,169,183,183,183,200,200,232,248,248,346,346,357,377,377,76,76,101,101,130,130,130,130,80,80,30,30,30],"floor_reached":33,"playtime":951,"items_purged":["Strike_P","Strike_P","Defend_P"],"score":358,"play_id":"31b7fc35-7fc2-4012-bf48-353a5e5624e5","local_time":"20190911003019","is_ascension_mode":true,"campfire_choices":[{"data":"WaveOfTheHand","floor":10.0,"key":"SMITH"},{"data":"Crescendo","floor":12.0,"key":"SMITH"},{"data":"Vault","floor":15.0,"key":"SMITH"},{"data":"Vigilance","floor":24.0,"key":"SMITH"},{"data":"Meditate","floor":27,"key":"SMITH"},{"data":"Strike_P","floor":30,"key":"SMITH"},{"data":"Defend_P","floor":32,"key":"SMITH"}],"neow_cost":"NONE","seed_source_timestamp":389560151109471,"circlet_count":0,"master_deck":["Strike_P+1","Strike_P+1","Defend_P+1","Defend_P+1","Eruption+1","Vigilance+1","Worship+1","Vault+1","WaveOfTheHand+1","Crescendo+1","LessonLearned+1","Meditate+1"],"special_seed":0,"relics":["PureWater","NeowsBlessing","Vajra","Smiling Mask","Mercury Hourglass","Velvet Choker","Gremlin Horn","Eternal Feather","The Courier","Boot"],"potions_floor_usage":[25],"damage_taken":[{"damage":0.0,"enemies":"Small Slimes","floor":1.0,"turns":1.0},{"damage":0.0,"enemies":"2 Louse","floor":2.0,"turns":1.0},{"damage":0.0,"enemies":"3 Sentries","floor":6.0,"turns":2.0},{"damage":1.0,"enemies":"Cultist","floor":7.0,"turns":3.0},{"damage":2.0,"enemies":"Lots of Slimes","floor":8.0,"turns":2.0},{"damage":5.0,"enemies":"3 Louse","floor":11.0,"turns":4.0},{"damage":0.0,"enemies":"Lagavulin","floor":13.0,"turns":4.0},{"damage":0.0,"enemies":"Exordium Thugs","floor":14.0,"turns":2.0},{"damage":43.0,"enemies":"Hexaghost","floor":16.0,"turns":9.0},{"damage":0.0,"enemies":"Spheric Guardian","floor":18.0,"turns":4.0},{"damage":12.0,"enemies":"2 Thieves","floor":19.0,"turns":3.0},{"damage":7.0,"enemies":"Gremlin Leader","floor":23.0,"turns":5.0},{"damage":8,"enemies":"Book of Stabbing","floor":25,"turns":4},{"damage":56,"enemies":"Collector","floor":33,"turns":8}],"seed_played":"-4643690449224598620","potions_obtained":[{"floor":1.0,"key":"Explosive Potion"},{"floor":6.0,"key":"PowerPotion"},{"floor":13.0,"key":"Ancient Potion"},{"floor":16.0,"key":"Strength Potion"},{"floor":19.0,"key":"PowerPotion"},{"floor":20.0,"key":"Explosive Potion"},{"floor":25,"key":"GamblersBrew"}],"is_trial":false,"path_per_floor":["M","M","?","?","?","E","M","M","T","R","M","R","E","M","R","B",null,"M","M","?","$","?","E","R","E","T","R","?","$","R","$","R","B"],"character_chosen":"WATCHER","items_purchased":["Gremlin Horn"],"campfire_rested":0,"item_purchase_floors":[21],"current_hp_per_floor":[65,65,70,56,56,56,55,53,53,53,48,48,48,48,48,5,70,70,58,58,58,58,51,57,49,49,55,42,42,48,48,54,0],"gold":30,"neow_bonus":"THREE_ENEMY_KILL","is_prod":false,"is_daily":false,"chose_seed":false,"campfire_upgraded":7,"win_rate":0,"timestamp":1568136619,"path_taken":["M","M","?","?","?","E","M","?","T","R","M","R","E","M","R","BOSS","M","?","?","?","?","E","R","E","T","R","?","?","R","$","R","BOSS"],"build_version":"2019-09-09v2","purchased_purges":3,"victory":false,"max_hp_per_floor":[65,65,70,70,70,70,70,70,70,70,70,70,70,70,70,70,70,70,70,70,70,70,70,70,70,70,70,75,75,75,75,75,75],"card_choices":[{"not_picked":["EmptyMind","ClearTheMind"],"picked":"Worship","floor":1.0},{"not_picked":["EmptyMind","ClearTheMind","Weave"],"picked":"SKIP","floor":2.0},{"not_picked":["CutThroughFate","FlurryOfBlows"],"picked":"Vault","floor":6.0},{"not_picked":["JustLucky","EmptyFist"],"picked":"WaveOfTheHand","floor":7.0},{"not_picked":["EmptyBody","Adaptation","Worship"],"picked":"SKIP","floor":8.0},{"not_picked":["FearNoEvil","ClearTheMind"],"picked":"Crescendo","floor":11.0},{"not_picked":["Omniscience","EmptyMind","EmptyFist"],"picked":"SKIP","floor":13.0},{"not_picked":["StepAndStrike","EmptyMind","BowlingBash"],"picked":"SKIP","floor":14.0},{"not_picked":["ReachHeaven","Unraveling"],"picked":"LessonLearned","floor":16.0},{"not_picked":["Scrawl","FollowUp+1"],"picked":"Meditate","floor":18.0},{"not_picked":["FollowUp","Meditate","ForeignInfluence"],"picked":"SKIP","floor":19.0},{"not_picked":["Sanctity","EmptyFist","InnerPeace"],"picked":"SKIP","floor":23.0},{"not_picked":["Vengeance","Consecrate","Sanctity"],"picked":"SKIP","floor":25}],"player_experience":1084670,"relics_obtained":[{"floor":6.0,"key":"Vajra"},{"floor":9.0,"key":"Smiling Mask"},{"floor":13.0,"key":"Mercury Hourglass"},{"floor":23.0,"key":"Eternal Feather"},{"floor":25,"key":"The Courier"},{"floor":26,"key":"Boot"}],"event_choices":[{"damage_healed":0.0,"max_hp_gain":5.0,"max_hp_loss":0.0,"gold_gain":0.0,"event_name":"Big Fish","player_choice":"Donut","floor":3.0,"gold_loss":0.0,"damage_taken":0.0},{"damage_healed":0.0,"max_hp_gain":0.0,"max_hp_loss":0.0,"gold_gain":0.0,"event_name":"Shining Light","player_choice":"Entered Light","floor":4.0,"gold_loss":0.0,"damage_taken":14.0,"cards_upgraded":["Eruption","Worship"]},{"cards_removed":["Defend_P"],"damage_healed":0.0,"max_hp_gain":0.0,"max_hp_loss":0.0,"gold_gain":0.0,"event_name":"Bonfire Elementals","player_choice":"Offered Basic","floor":5.0,"gold_loss":0.0,"damage_taken":0.0},{"damage_healed":0.0,"max_hp_gain":0.0,"max_hp_loss":0.0,"gold_gain":0.0,"event_name":"Lab","player_choice":"Got Potions","floor":20.0,"gold_loss":0.0,"damage_taken":0.0},{"damage_healed":0.0,"max_hp_gain":0.0,"max_hp_loss":0.0,"gold_gain":0.0,"event_name":"Cursed Tome","player_choice":"Ignored","floor":22.0,"gold_loss":0.0,"damage_taken":0.0},{"damage_healed":0,"gold_gain":0,"player_choice":"Shed Blood","damage_taken":18,"max_hp_gain":5,"max_hp_loss":0,"event_name":"Forgotten Altar","floor":28,"gold_loss":0}],"is_beta":true,"boss_relics":[{"not_picked":["Empty Cage","Busted Crown"],"picked":"Velvet Choker"}],"items_purged_floors":[21,29,31],"is_endless":false,"potions_floor_spawned":[1,6,13,16,19,25],"killed_by":"Collector","ascension_level":1}