{"gold_per_floor":[119,41,60,73,3,3,29,29,81,81,95,118,152,175,175,304,304,327,327,327,0,21,21,21,21,93,118,159,178,199,199,199,199],"floor_reached":33,"playtime":1259,"items_purged":[],"score":455,"play_id":"e6935473-9cc3-45fd-8ee6-977fd52e1739","local_time":"20190927120903","is_ascension_mode":true,"campfire_choices":[{"data":"Searing Blow","floor":6,"key":"SMITH"},{"floor":8,"key":"REST"},{"floor":15,"key":"REST"},{"floor":23,"key":"RECALL"},{"data":"Searing Blow+1","floor":25,"key":"SMITH"},{"floor":32,"key":"REST"}],"neow_cost":"NONE","seed_source_timestamp":1285614222724200,"circlet_count":0,"master_deck":["Strike_R","Strike_R","Strike_R","Strike_R","Defend_R","Defend_R","Defend_R","Defend_R","Bash","Searing Blow+2","Burning Pact","Impervious","Headbutt","Headbutt","Dual Wield","True Grit","RitualDagger","Armaments","Inflame","Dropkick","Ghostly Armor+1","Armaments"],"relics":["Velvet Choker","Omamori","PreservedInsect","Golden Idol","Centennial Puzzle","Busted Crown","Orichalcum","Sling","Oddly Smooth Stone","Mercury Hourglass"],"potions_floor_usage":[12,13,16,30,33],"damage_taken":[{"damage":0,"enemies":"Small Slimes","floor":1,"turns":3},{"damage":0,"enemies":"2 Louse","floor":3,"turns":2},{"damage":2,"enemies":"Jaw Worm","floor":4,"turns":3},{"damage":30,"enemies":"3 Sentries","floor":7,"turns":9},{"damage":0,"enemies":"Large Slime","floor":11,"turns":5},{"damage":0,"enemies":"2 Fungi Beasts","floor":12,"turns":3},{"damage":0,"enemies":"Gremlin Nob","floor":13,"turns":2},{"damage":18,"enemies":"Exordium Thugs","floor":14,"turns":3},{"damage":0,"enemies":"Slime Boss","floor":16,"turns":7},{"damage":0,"enemies":"Chosen","floor":18,"turns":4},{"damage":5,"enemies":"2 Thieves","floor":22,"turns":3},{"damage":8,"enemies":"Book of Stabbing","floor":28,"turns":2},{"damage":1,"enemies":"Snake Plant","floor":29,"turns":4},{"damage":18,"enemies":"Shelled Parasite and Fungi","floor":30,"turns":3},{"damage":103,"enemies":"Champ","floor":33,"turns":8}],"seed_played":"8554110944336978871","potions_obtained":[{"floor":4,"key":"FearPotion"},{"floor":11,"key":"Energy Potion"},{"floor":13,"key":"GamblersBrew"},{"floor":14,"key":"SteroidPotion"},{"floor":30,"key":"BloodPotion"}],"is_trial":false,"path_per_floor":["M","$","M","M","$","R","E","R","T","?","M","M","E","M","R","B",null,"M","?","?","$","M","R","?","R","T","T","E","M","M","?","R","B"],"character_chosen":"IRONCLAD","items_purchased":["Searing Blow","Impervious","Armaments","Sling","Inflame"],"campfire_rested":3,"item_purchase_floors":[2,5,21,21,21],"current_hp_per_floor":[72,72,72,70,70,70,40,64,64,64,64,64,64,46,70,70,78,78,72,72,72,67,67,67,67,67,67,59,58,40,40,64,0],"gold":199,"neow_bonus":"BOSS_RELIC","is_prod":false,"is_daily":false,"chose_seed":false,"campfire_upgraded":2,"win_rate":0,"timestamp":1569600543,"path_taken":["M","$","M","M","$","R","E","R","T","?","M","M","E","M","R","BOSS","M","?","?","$","M","R","?","R","T","?","E","M","?","?","R","BOSS"],"build_version":"2019-07-17","purchased_purges":0,"victory":false,"max_hp_per_floor":[80,80,80,80,80,80,80,80,80,80,80,80,80,80,80,80,80,80,80,80,80,80,80,80,80,80,80,80,80,80,80,80,80],"card_choices":[{"not_picked":["Clash","Clothesline","Anger"],"picked":"SKIP","floor":1},{"not_picked":["Dropkick","Havoc","Twin Strike"],"picked":"SKIP","floor":3},{"not_picked":["Twin Strike","Entrench"],"picked":"Burning Pact","floor":4},{"not_picked":["Anger","Sword Boomerang"],"picked":"Headbutt","floor":7},{"not_picked":["Clothesline","Flex"],"picked":"Headbutt","floor":11},{"not_picked":["Heavy Blade","Twin Strike","Infernal Blade"],"picked":"SKIP","floor":12},{"not_picked":["Shrug It Off","Thunderclap"],"picked":"Dual Wield","floor":13},{"not_picked":["Havoc","Body Slam"],"picked":"True Grit","floor":14},{"not_picked":["Rupture"],"picked":"SKIP","floor":18},{"not_picked":[],"picked":"Dropkick","floor":22},{"not_picked":[],"picked":"Ghostly Armor+1","floor":28},{"not_picked":[],"picked":"Armaments","floor":29},{"not_picked":["Rampage"],"picked":"SKIP","floor":30}],"player_experience":130097,"relics_obtained":[{"floor":7,"key":"Omamori"},{"floor":9,"key":"PreservedInsect"},{"floor":13,"key":"Centennial Puzzle"},{"floor":27,"key":"Oddly Smooth Stone"},{"floor":28,"key":"Mercury Hourglass"}],"event_choices":[{"damage_healed":0,"gold_gain":0,"player_choice":"Take Wound","damage_taken":0,"relics_obtained":["Golden Idol"],"max_hp_gain":0,"max_hp_loss":0,"event_name":"Golden Idol","floor":10,"gold_loss":0,"cards_obtained":["Injury"]},{"damage_healed":0,"gold_gain":0,"player_choice":"Joined the Cult","damage_taken":6,"max_hp_gain":0,"max_hp_loss":0,"event_name":"Nest","floor":19,"gold_loss":0,"cards_obtained":["RitualDagger"]},{"damage_healed":0,"gold_gain":0,"player_choice":"Opened","damage_taken":0,"relics_obtained":["Orichalcum"],"max_hp_gain":0,"max_hp_loss":0,"event_name":"The Mausoleum","floor":20,"gold_loss":0,"cards_obtained":["Writhe"]},{"cards_removed":["Strike_R"],"damage_healed":0,"gold_gain":0,"player_choice":"Elegance","damage_taken":0,"max_hp_gain":0,"max_hp_loss":0,"event_name":"Back to Basics","floor":31,"gold_loss":0}],"is_beta":false,"boss_relics":[{"not_picked":["Tiny House","Eternal Feather"],"picked":"Busted Crown"}],"items_purged_floors":[],"is_endless":false,"potions_floor_spawned":[4,11,13,14,30],"killed_by":"Champ","ascension_level":6}