{"gold_per_floor":[113,130,148,165,180,180,195,212,212,287,287,301,24,40,40,139,139,154,154,171,185,195,195,210,210],"floor_reached":25,"playtime":4891,"items_purged":["Strike_R"],"score":203,"play_id":"8265b853-3710-4e37-9fe0-03f7bc8549c2","local_time":"20180817231523","is_ascension_mode":false,"campfire_choices":[{"data":"Body Slam","floor":6,"key":"SMITH"},{"data":"Feed","floor":15,"key":"SMITH"},{"floor":23,"key":"REST"}],"neow_cost":"","seed_source_timestamp":257955466791329,"circlet_count":0,"master_deck":["Defend_R+1","Defend_R+1","Defend_R+1","Defend_R+1","Bash","Thunderclap","Dropkick","Uppercut","Uppercut","Body Slam+1","Rage","Pommel Strike","Reckless Charge","Battle Trance","Feed+1","Bludgeon","Berserk","Barricade+1","Second Wind+1","Blood for Blood+1","Shrug It Off+1","Iron Wave","Armaments+1","Shrug It Off","Body Slam"],"relics":["Burning Blood","Ornamental Fan","Astrolabe"],"potions_floor_usage":[16,16,22,25,25,25],"damage_taken":[{"damage":5,"enemies":"Cultist","floor":1,"turns":4},{"damage":7,"enemies":"Small Slimes","floor":2,"turns":3},{"damage":9,"enemies":"2 Louse","floor":3,"turns":3},{"damage":9,"enemies":"2 Fungi Beasts","floor":4,"turns":3},{"damage":11,"enemies":"3 Louse","floor":5,"turns":2},{"damage":0,"enemies":"Large Slime","floor":7,"turns":4},{"damage":10,"enemies":"Exordium Thugs","floor":8,"turns":4},{"damage":1,"enemies":"Red Slaver","floor":12,"turns":3},{"damage":0,"enemies":"2 Fungi Beasts","floor":14,"turns":1},{"damage":33,"enemies":"The Guardian","floor":16,"turns":8},{"damage":53,"enemies":"Spheric Guardian","floor":18,"turns":6},{"damage":4,"enemies":"Chosen","floor":20,"turns":4},{"damage":4,"enemies":"Snecko","floor":21,"turns":4},{"damage":29,"enemies":"Cultist and Chosen","floor":22,"turns":8},{"damage":9,"enemies":"Centurion and Healer","floor":24,"turns":9},{"damage":47,"enemies":"Snecko","floor":25,"turns":6}],"seed_played":"-8004788009081699742","potions_obtained":[{"floor":2,"key":"Dexterity Potion"},{"floor":4,"key":"Strength Potion"},{"floor":12,"key":"SpeedPotion"},{"floor":16,"key":"SteroidPotion"},{"floor":20,"key":"Poison Potion"},{"floor":22,"key":"BloodPotion"}],"is_trial":false,"path_per_floor":["M","M","M","M","M","R","M","M","T","?","?","M","$","M","R","B",null,"M","?","M","M","M","R","M"],"character_chosen":"IRONCLAD","items_purchased":["Feed","Bludgeon"],"campfire_rested":1,"item_purchase_floors":[13,13],"current_hp_per_floor":[80,79,76,73,68,68,74,70,70,59,59,64,64,70,70,43,80,33,33,35,37,14,38,39,0],"gold":210,"neow_bonus":"","is_prod":false,"is_daily":false,"chose_seed":false,"campfire_upgraded":2,"win_rate":0.0,"timestamp":1534565723,"path_taken":["M","M","?","?","M","R","M","M","T","?","?","M","$","M","R","BOSS","M","?","M","?","M","R","M","M"],"build_version":"2018-08-16","purchased_purges":1,"victory":false,"max_hp_per_floor":[80,80,80,80,80,80,80,80,80,80,80,80,80,80,80,80,80,80,80,80,80,80,80,84,84],"card_choices":[{"not_picked":["Anger","Twin Strike"],"picked":"Thunderclap","floor":1},{"not_picked":["True Grit","Flex"],"picked":"Dropkick","floor":2},{"not_picked":["Searing Blow","Twin Strike"],"picked":"Uppercut","floor":3},{"not_picked":["Combust","Blood for Blood"],"picked":"Uppercut","floor":4},{"not_picked":["True Grit","Twin Strike"],"picked":"Body Slam","floor":5},{"not_picked":["Iron Wave","Body Slam"],"picked":"Rage","floor":7},{"not_picked":["Disarm","Burning Pact"],"picked":"Pommel Strike","floor":8},{"not_picked":["Perfected Strike","Sword Boomerang"],"picked":"Battle Trance","floor":12},{"not_picked":["Cleave","Dual Wield","Perfected Strike"],"picked":"SKIP","floor":14},{"not_picked":["Juggernaut","Impervious"],"picked":"Berserk","floor":16},{"not_picked":["Armaments","Shockwave"],"picked":"Shrug It Off+1","floor":18},{"not_picked":["Fire Breathing","Armaments"],"picked":"Iron Wave","floor":20},{"not_picked":["True Grit","Sever Soul"],"picked":"Armaments+1","floor":21},{"not_picked":["Pommel Strike","Pummel"],"picked":"Shrug It Off","floor":22},{"not_picked":["Armaments+1","Shrug It Off"],"picked":"Body Slam","floor":24}],"player_experience":0,"relics_obtained":[{"floor":9,"key":"Ornamental Fan"}],"event_choices":[{"event_name":"World of Goop","player_choice":"Gather Gold","floor":10,"damage_taken":0},{"event_name":"Living Wall","player_choice":"Change","floor":11,"damage_taken":0},{"event_name":"Back to Basics","player_choice":"Simplicity","floor":19,"damage_taken":0}],"is_beta":false,"boss_relics":[{"not_picked":["Runic Dome","Empty Cage"],"picked":"Astrolabe"}],"items_purged_floors":[13],"is_endless":false,"potions_floor_spawned":[2,4,12,14,16,20,22],"killed_by":"Snecko","ascension_level":0}