{"gold_per_floor":[113,113,113,123,135,164,114,134,161,36,51,51,51,67,67,170,170,184,10,10,44,44,44,77,77,147,162,176,176,176,46,46,148,148,167,181,194,214,214,244,244,259,259,273,27,39,39,65,65,65],"floor_reached":51,"playtime":3618,"items_purged":["Strike_R","Strike_R"],"score":914,"play_id":"1b04445b-22b1-432a-84eb-3ef3ee10424e","local_time":"20190925151518","is_ascension_mode":true,"campfire_choices":[{"data":"Entrench","floor":13.0,"key":"SMITH"},{"data":"Ghostly Armor","floor":15.0,"key":"SMITH"},{"floor":23,"key":"REST"},{"floor":30,"key":"REST"},{"floor":32,"key":"RECALL"},{"floor":41,"key":"REST"},{"floor":49,"key":"REST"}],"neow_cost":"NONE","seed_source_timestamp":0,"circlet_count":0,"master_deck":["Strike_R+1","Strike_R+1","Defend_R","Defend_R","Defend_R","Bash","Entrench+1","Armaments","True Grit","Havoc","Uppercut","Ghostly Armor+1","Demon Form","Whirlwind","Body Slam","Necronomicurse","Shrug It Off+1","Reaper","Metallicize","Shrug It Off","Barricade+1","Dual Wield","Armaments+1","Flame Barrier","Reaper","Shrug It Off+1"],"special_seed":0,"relics":["Burning Blood","Oddly Smooth Stone","Ancient Tea Set","Whetstone","Fusion Hammer","Vajra","Necronomicon","Red Mask","Happy Flower","Ornamental Fan","Busted Crown","Gambling Chip","Boot","Prayer Wheel","Bronze Scales"],"potions_floor_usage":[24,33,40,48],"damage_taken":[{"damage":4.0,"enemies":"2 Louse","floor":1.0,"turns":3.0},{"damage":4.0,"enemies":"Small Slimes","floor":4.0,"turns":4.0},{"damage":0.0,"enemies":"Cultist","floor":5.0,"turns":4.0},{"damage":41.0,"enemies":"Gremlin Nob","floor":6.0,"turns":5.0},{"damage":11.0,"enemies":"Looter","floor":8.0,"turns":4.0},{"damage":8.0,"enemies":"Exordium Thugs","floor":11.0,"turns":5.0},{"damage":1.0,"enemies":"3 Louse","floor":14.0,"turns":4.0},{"damage":45.0,"enemies":"The Guardian","floor":16.0,"turns":24.0},{"damage":6.0,"enemies":"Shell Parasite","floor":18.0,"turns":7.0},{"damage":31.0,"enemies":"Masked Bandits","floor":21.0,"turns":6.0},{"damage":15,"enemies":"Book of Stabbing","floor":24,"turns":5},{"damage":0,"enemies":"2 Thieves","floor":27,"turns":3},{"damage":0,"enemies":"3 Cultists","floor":28,"turns":3},{"damage":36,"enemies":"Collector","floor":33,"turns":9},{"damage":11,"enemies":"3 Shapes","floor":35,"turns":6},{"damage":0,"enemies":"Orb Walker","floor":36,"turns":3},{"damage":14,"enemies":"Spire Growth","floor":37,"turns":5},{"damage":23,"enemies":"Maw","floor":38,"turns":7},{"damage":56,"enemies":"Reptomancer","floor":40,"turns":5},{"damage":0,"enemies":"Transient","floor":42,"turns":5},{"damage":9,"enemies":"Sphere and 2 Shapes","floor":44,"turns":8},{"damage":13,"enemies":"Jaw Worm Horde","floor":46,"turns":4},{"damage":21,"enemies":"Nemesis","floor":48,"turns":21},{"damage":64,"enemies":"Donu and Deca","floor":50,"turns":7}],"seed_played":"-3430557888628283731","potions_obtained":[{"floor":1.0,"key":"Poison Potion"},{"floor":6.0,"key":"Swift Potion"},{"floor":11.0,"key":"Energy Potion"},{"floor":18.0,"key":"EssenceOfSteel"},{"floor":21,"key":"Energy Potion"},{"floor":24,"key":"LiquidBronze"},{"floor":38,"key":"SkillPotion"},{"floor":40,"key":"Ancient Potion"},{"floor":42,"key":"Dexterity Potion"},{"floor":44,"key":"SkillPotion"},{"floor":48,"key":"Strength Potion"}],"is_trial":false,"path_per_floor":["M","?","?","M","M","E","?","M","T","$","M","$","R","M","R","B",null,"M","$","?","?","?","R","E","$","T","M","M","?","R","$","R","B",null,"M","M","M","M","?","E","R","M","T","M","$","M","?","E","R","B",null],"character_chosen":"IRONCLAD","items_purchased":["Havoc","Vajra","Body Slam","Metallicize","Shrug It Off","Flame Barrier","Reaper"],"campfire_rested":4,"item_purchase_floors":[10,19,19,31,31,45,45],"current_hp_per_floor":[74,79,79,81,85,50,50,45,45,45,43,43,43,48,48,9,66,66,66,50,25,25,50,41,41,41,47,53,53,78,78,78,69,81,76,82,81,71,71,21,46,59,59,66,66,59,59,58,83,74],"gold":65,"neow_bonus":"RANDOM_COMMON_RELIC","is_prod":false,"is_daily":false,"chose_seed":false,"campfire_upgraded":2,"win_rate":0,"timestamp":1569417318,"path_taken":["M","?","?","?","M","E","?","M","T","$","M","?","R","M","R","BOSS","M","$","?","?","?","R","E","$","T","M","?","?","R","?","R","BOSS","M","M","M","M","?","E","R","?","T","M","$","M","?","E","R","BOSS"],"build_version":"2019-07-17","purchased_purges":2,"victory":true,"max_hp_per_floor":[80,85,85,85,85,85,85,85,85,85,85,85,85,85,85,85,85,85,85,85,85,85,85,85,85,85,85,85,85,85,85,85,85,85,85,85,85,85,85,85,85,85,85,85,85,85,85,85,85,85],"card_choices":[{"not_picked":["Twin Strike","Anger"],"picked":"Entrench","floor":1.0},{"not_picked":["Dropkick","Sword Boomerang","Twin Strike"],"picked":"SKIP","floor":4.0},{"not_picked":["Combust","Evolve"],"picked":"Armaments","floor":5.0},{"not_picked":["Warcry","Rupture","Clash"],"picked":"SKIP","floor":6.0},{"not_picked":["Wild Strike","Flex"],"picked":"True Grit","floor":8.0},{"not_picked":["Flex","Shockwave"],"picked":"Uppercut","floor":11.0},{"not_picked":["Reckless Charge","True Grit"],"picked":"Ghostly Armor","floor":14.0},{"not_picked":["Feed","Impervious"],"picked":"Demon Form","floor":16.0},{"not_picked":["Heavy Blade","Iron Wave"],"picked":"Whirlwind","floor":18.0},{"not_picked":["Anger","Sword Boomerang+1","Headbutt"],"picked":"SKIP","floor":24},{"not_picked":["Clothesline","Warcry","Iron Wave"],"picked":"SKIP","floor":27},{"not_picked":["Clash","Seeing Red+1"],"picked":"Shrug It Off+1","floor":28},{"not_picked":["Bludgeon","Dark Embrace"],"picked":"Barricade","floor":33},{"not_picked":["Cleave"],"picked":"SKIP","floor":35},{"not_picked":["Twin Strike"],"picked":"SKIP","floor":36},{"not_picked":["Flex+1"],"picked":"SKIP","floor":37},{"not_picked":[],"picked":"Dual Wield","floor":38},{"not_picked":["Warcry+1"],"picked":"SKIP","floor":40},{"not_picked":["Heavy Blade"],"picked":"SKIP","floor":42},{"not_picked":[],"picked":"Armaments+1","floor":44},{"not_picked":["Heavy Blade+1"],"picked":"SKIP","floor":44},{"not_picked":[],"picked":"Shrug It Off+1","floor":46},{"not_picked":["Sword Boomerang+1"],"picked":"SKIP","floor":46},{"not_picked":["Twin Strike"],"picked":"SKIP","floor":48}],"player_experience":387399,"relics_obtained":[{"floor":6.0,"key":"Ancient Tea Set"},{"floor":9.0,"key":"Whetstone"},{"floor":20.0,"key":"Necronomicon"},{"floor":21,"key":"Red Mask"},{"floor":24,"key":"Happy Flower"},{"floor":26,"key":"Ornamental Fan"},{"floor":40,"key":"Boot"},{"floor":43,"key":"Prayer Wheel"},{"floor":48,"key":"Bronze Scales"}],"event_choices":[{"damage_healed":0.0,"max_hp_gain":5.0,"max_hp_loss":0.0,"gold_gain":0.0,"event_name":"Big Fish","player_choice":"Donut","floor":2.0,"gold_loss":0.0,"damage_taken":0.0},{"damage_healed":0.0,"max_hp_gain":0.0,"max_hp_loss":0.0,"gold_gain":0.0,"event_name":"The Woman in Blue","player_choice":"Bought 0 Potions","floor":3.0,"gold_loss":0.0,"damage_taken":0.0},{"cards_removed":["Defend_R"],"damage_healed":0.0,"max_hp_gain":0.0,"max_hp_loss":0.0,"gold_gain":0.0,"event_name":"The Cleric","player_choice":"Card Removal","floor":7.0,"gold_loss":50.0,"damage_taken":0.0},{"damage_healed":0.0,"max_hp_gain":0.0,"max_hp_loss":0.0,"gold_gain":0.0,"event_name":"Cursed Tome","player_choice":"Obtained Book","floor":20.0,"gold_loss":0.0,"damage_taken":16.0},{"damage_healed":0.0,"max_hp_gain":0.0,"max_hp_loss":0.0,"gold_gain":0.0,"event_name":"Masked Bandits","player_choice":"Fought Bandits","floor":21.0,"gold_loss":0.0,"damage_taken":0.0},{"cards_removed":["Strike_R"],"damage_healed":0,"gold_gain":0,"player_choice":"Offered Basic","damage_taken":0,"max_hp_gain":0,"max_hp_loss":0,"event_name":"Bonfire Elementals","floor":22,"gold_loss":0},{"damage_healed":0,"gold_gain":0,"player_choice":"Read","damage_taken":0,"max_hp_gain":0,"max_hp_loss":0,"event_name":"The Library","floor":29,"gold_loss":0,"cards_obtained":["Reaper"]},{"damage_healed":0,"gold_gain":0,"player_choice":"Gave Potion","damage_taken":0,"relics_obtained":["Gambling Chip"],"max_hp_gain":0,"max_hp_loss":0,"event_name":"WeMeetAgain","floor":39,"gold_loss":0},{"damage_healed":0,"gold_gain":0,"player_choice":"Upgraded","damage_taken":0,"max_hp_gain":0,"max_hp_loss":0,"event_name":"Upgrade Shrine","floor":47,"gold_loss":0,"cards_upgraded":["Barricade"]}],"is_beta":false,"boss_relics":[{"not_picked":["Empty Cage","Black Star"],"picked":"Fusion Hammer"},{"not_picked":["Velvet Choker","Tiny House"],"picked":"Busted Crown"}],"items_purged_floors":[10,45],"is_endless":false,"potions_floor_spawned":[1,6,11,18,21,24,38,40,42,44,48],"ascension_level":7}