{"gold_per_floor":[114,133,133,133,133,133,164,164,212,61,87,87,102,118,118,194,194],"floor_reached":17,"playtime":432,"items_purged":[],"score":312,"play_id":"564dc318-cf95-4fbe-9d5f-9249f94a4b3e","local_time":"20190930001512","is_ascension_mode":true,"campfire_choices":[{"data":"Eruption","floor":6,"key":"SMITH"},{"data":"Collect","floor":8,"key":"SMITH"},{"data":"Strike_P","floor":12,"key":"SMITH"},{"data":"Strike_P","floor":15,"key":"SMITH"}],"neow_cost":"NONE","seed_source_timestamp":591517956556000,"circlet_count":0,"master_deck":["AscendersBane","Strike_P+1","Strike_P+1","Strike_P+1","Strike_P+1","Defend_P","Defend_P","Defend_P+1","Eruption+1","Vigilance+1","Collect+1","Collect+1","CurseOfTheBell"],"relics":["PureWater","NeowsBlessing","Dodecahedron","Whetstone","Akabeko","DollysMirror","Happy Flower","Calling Bell","Orichalcum","Mercury Hourglass","Shovel"],"potions_floor_usage":[16,16],"damage_taken":[{"damage":0,"enemies":"Small Slimes","floor":1,"turns":1},{"damage":0,"enemies":"Jaw Worm","floor":2,"turns":1},{"damage":0,"enemies":"Gremlin Nob","floor":7,"turns":1},{"damage":9,"enemies":"2 Louse","floor":13,"turns":15},{"damage":13,"enemies":"Exordium Wildlife","floor":14,"turns":5},{"damage":8,"enemies":"Slime Boss","floor":16,"turns":8}],"seed_played":"8108415122531471481","potions_obtained":[{"floor":2,"key":"GamblersBrew"},{"floor":14,"key":"SkillPotion"}],"is_trial":false,"path_per_floor":["M","M","?","?","?","R","E","R","T","$","T","R","M","M","R","B",null],"character_chosen":"WATCHER","items_purchased":["DollysMirror"],"campfire_rested":0,"item_purchase_floors":[10],"current_hp_per_floor":[61,61,41,41,36,36,36,36,36,36,36,36,27,14,14,6,6],"gold":194,"neow_bonus":"THREE_ENEMY_KILL","is_prod":false,"is_daily":false,"chose_seed":false,"campfire_upgraded":4,"win_rate":0,"timestamp":1569777312,"path_taken":["M","M","?","?","?","R","E","R","T","$","?","R","M","M","R","BOSS"],"build_version":"2019-09-27","purchased_purges":0,"victory":false,"max_hp_per_floor":[68,68,68,68,68,68,68,68,68,68,68,68,68,68,68,68,68],"card_choices":[{"not_picked":["Consecrate","CrushJoints","FearNoEvil"],"picked":"SKIP","floor":1},{"not_picked":["Weave","Protect"],"picked":"Collect","floor":2},{"not_picked":["ClearTheMind","WreathOfFlame","InnerPeace"],"picked":"SKIP","floor":7},{"not_picked":["Protect","CrushJoints","FlyingSleeves"],"picked":"SKIP","floor":13},{"not_picked":["ForeignInfluence","Scrawl","FearNoEvil"],"picked":"SKIP","floor":14}],"player_experience":1172546,"relics_obtained":[{"floor":7,"key":"Whetstone"},{"floor":9,"key":"Akabeko"},{"floor":11,"key":"Happy Flower"},{"floor":17,"key":"Orichalcum"},{"floor":17,"key":"Mercury Hourglass"},{"floor":17,"key":"Shovel"}],"event_choices":[{"damage_healed":0,"gold_gain":0,"player_choice":"Entered Light","damage_taken":20,"max_hp_gain":0,"max_hp_loss":0,"event_name":"Shining Light","floor":3,"gold_loss":0,"cards_upgraded":["Defend_P","Vigilance"]},{"cards_removed":["Defend_P"],"damage_healed":0,"gold_gain":0,"player_choice":"Forget","damage_taken":0,"max_hp_gain":0,"max_hp_loss":0,"event_name":"Living Wall","floor":4,"gold_loss":0},{"damage_healed":0,"gold_gain":0,"player_choice":"Success","damage_taken":5,"relics_obtained":["Dodecahedron"],"max_hp_gain":0,"max_hp_loss":0,"event_name":"Scrap Ooze","floor":5,"gold_loss":0}],"is_beta":true,"boss_relics":[{"not_picked":["Cursed Key","SlaversCollar"],"picked":"Calling Bell"}],"items_purged_floors":[],"is_endless":false,"potions_floor_spawned":[2,14],"ascension_level":15}