{"gold_per_floor":[112,128,128,53,77,111,123,155,155,155,212,231,90,118,118,197,197,213,213,237,100,117,143,156,156,156,181,181,197,209,234,234,312,312,323,323,323,323,198,232,332,358,358,377,394,37,90,108,108,108],"floor_reached":51,"playtime":4836,"items_purged":["Pain","Strike_R","Strike_R","Decay"],"score":1545,"play_id":"2e55cf5c-47b7-473f-9833-5871f4040184","local_time":"20190714121756","is_ascension_mode":true,"campfire_choices":[{"data":"Uppercut","floor":10.0,"key":"SMITH"},{"data":"1","floor":15.0,"key":"LIFT"},{"data":"2","floor":25.0,"key":"LIFT"},{"data":"3","floor":28.0,"key":"LIFT"},{"data":"Shockwave","floor":32.0,"key":"SMITH"},{"floor":49,"key":"REST"}],"neow_cost":"NONE","seed_source_timestamp":0,"circlet_count":0,"master_deck":["AscendersBane","Strike_R","Strike_R","Defend_R","Defend_R","Defend_R","Defend_R","Bash","Uppercut+1","Metallicize","Impervious","Shrug It Off","Impervious","Pummel","Sever Soul","Heavy Blade","Feed","Entrench","Corruption","Cleave","Pummel+1","Feed","Shrug It Off","Pummel","Immolate","Body Slam+1","Shockwave+1","Barricade","Pummel","Dropkick","Feed","Seeing Red","Body Slam","Limit Break","Dual Wield+1","Battle Trance+1"],"special_seed":0,"relics":["Burning Blood","NeowsBlessing","WarpedTongs","Omamori","Unceasing Top","Juzu Bracelet","Pen Nib","Girya","Cursed Key","Potion Belt","Oddly Smooth Stone","Meat on the Bone","Dream Catcher","Orichalcum","Anchor","Empty Cage","Calipers","Strawberry","Bird Faced Urn","Whetstone","Question Card","Champion Belt"],"potions_floor_usage":[40,47,47,50],"damage_taken":[{"damage":0.0,"enemies":"2 Louse","floor":1.0,"turns":1.0},{"damage":0.0,"enemies":"Cultist","floor":2.0,"turns":1.0},{"damage":0.0,"enemies":"3 Sentries","floor":6.0,"turns":2.0},{"damage":2.0,"enemies":"Jaw Worm","floor":7.0,"turns":5.0},{"damage":22.0,"enemies":"Gremlin Nob","floor":8.0,"turns":4.0},{"damage":0.0,"enemies":"2 Fungi Beasts","floor":12.0,"turns":4.0},{"damage":13.0,"enemies":"3 Sentries","floor":14.0,"turns":11.0},{"damage":23.0,"enemies":"The Guardian","floor":16.0,"turns":15.0},{"damage":15.0,"enemies":"3 Byrds","floor":18.0,"turns":6.0},{"damage":2.0,"enemies":"Shell Parasite","floor":22.0,"turns":7.0},{"damage":30.0,"enemies":"Slavers","floor":23.0,"turns":6.0},{"damage":4.0,"enemies":"Centurion and Healer","floor":24.0,"turns":7.0},{"damage":25.0,"enemies":"Book of Stabbing","floor":27.0,"turns":6.0},{"damage":4.0,"enemies":"Snake Plant","floor":29.0,"turns":4.0},{"damage":26.0,"enemies":"Shelled Parasite and Fungi","floor":30.0,"turns":6.0},{"damage":0.0,"enemies":"Gremlin Leader","floor":31.0,"turns":7.0},{"damage":39.0,"enemies":"Automaton","floor":33.0,"turns":12.0},{"damage":4,"enemies":"Orb Walker","floor":35,"turns":4},{"damage":14,"enemies":"Reptomancer","floor":40,"turns":9},{"damage":0,"enemies":"Mind Bloom Boss Battle","floor":41,"turns":5},{"damage":24,"enemies":"Nemesis","floor":42,"turns":5},{"damage":18,"enemies":"3 Shapes","floor":44,"turns":3},{"damage":20,"enemies":"Writhing Mass","floor":45,"turns":8},{"damage":17,"enemies":"2 Orb Walkers","floor":47,"turns":4},{"damage":0,"enemies":"4 Shapes","floor":48,"turns":11},{"damage":110,"enemies":"Donu and Deca","floor":50,"turns":9}],"seed_played":"-3164931331359372759","potions_obtained":[{"floor":1.0,"key":"LiquidBronze"},{"floor":7.0,"key":"Regen Potion"},{"floor":12.0,"key":"Swift Potion"},{"floor":16.0,"key":"Dexterity Potion"},{"floor":18.0,"key":"Swift Potion"},{"floor":23.0,"key":"PowerPotion"},{"floor":27.0,"key":"GamblersBrew"},{"floor":33.0,"key":"SkillPotion"},{"floor":42,"key":"SteroidPotion"},{"floor":45,"key":"Fire Potion"},{"floor":47,"key":"FearPotion"}],"is_trial":false,"path_per_floor":["M","M","?","$","T","E","M","E","T","R","?","M","$","E","R","B",null,"M","?","T","$","M","E","M","R","T","E","R","M","M","E","R","B",null,"M","?","?","?","$","E","?","E","T","M","M","$","?","M","R","B",null],"character_chosen":"IRONCLAD","items_purchased":["Sever Soul","Corruption","Cleave","Body Slam","Limit Break"],"campfire_rested":1,"item_purchase_floors":[13,21,21,46,46],"current_hp_per_floor":[74,75,75,75,75,75,75,59,59,59,59,65,65,73,73,56,70,64,64,64,64,68,47,52,52,52,45,45,59,58,67,67,50,86,88,88,88,88,88,90,96,83,83,77,73,73,66,93,127,45],"gold":108,"neow_bonus":"THREE_ENEMY_KILL","is_prod":false,"is_daily":false,"chose_seed":false,"campfire_upgraded":2,"win_rate":0,"timestamp":1563124676,"path_taken":["M","M","?","$","?","E","M","E","T","R","?","M","$","E","R","BOSS","M","?","?","$","M","E","M","R","T","E","R","M","M","E","R","BOSS","M","?","?","?","$","E","?","E","T","M","M","$","?","M","R","BOSS"],"build_version":"2019-07-05","purchased_purges":4,"victory":true,"max_hp_per_floor":[75,75,75,75,75,75,75,75,75,75,75,75,75,75,75,75,75,78,78,78,78,78,81,84,84,84,84,84,84,91,94,94,98,98,98,93,93,93,93,103,103,106,106,112,116,116,116,127,127,131],"card_choices":[{"not_picked":["Metallicize","Rupture"],"picked":"Uppercut","floor":1.0},{"not_picked":["Twin Strike","Wild Strike"],"picked":"Metallicize","floor":2.0},{"not_picked":["Wild Strike","Sever Soul"],"picked":"Impervious","floor":6.0},{"not_picked":["Pommel Strike","Anger"],"picked":"Shrug It Off","floor":7.0},{"not_picked":["Second Wind","Shrug It Off"],"picked":"Impervious","floor":8.0},{"not_picked":["Second Wind","Anger"],"picked":"Pummel","floor":12.0},{"not_picked":["Second Wind","Clash"],"picked":"Heavy Blade","floor":14.0},{"not_picked":["Dark Embrace","Berserk"],"picked":"Feed","floor":16.0},{"not_picked":["Shrug It Off","Body Slam"],"picked":"Entrench","floor":18.0},{"not_picked":["Sword Boomerang","Clash"],"picked":"Pummel","floor":22.0},{"not_picked":["Flex+1","Body Slam"],"picked":"Feed","floor":23.0},{"not_picked":["Sever Soul","Armaments"],"picked":"Shrug It Off","floor":24.0},{"not_picked":["Twin Strike","Second Wind"],"picked":"Pummel","floor":27.0},{"not_picked":["Iron Wave","Rupture"],"picked":"Immolate","floor":29.0},{"not_picked":["Anger","Pommel Strike+1"],"picked":"Body Slam","floor":30.0},{"not_picked":["Infernal Blade","Carnage"],"picked":"Shockwave","floor":31.0},{"not_picked":["Feed","Offering"],"picked":"Barricade","floor":33.0},{"not_picked":["Cleave+1","Bloodletting"],"picked":"Pummel","floor":35},{"not_picked":["Thunderclap","Flex"],"picked":"Dropkick","floor":40},{"not_picked":["Clash","Iron Wave"],"picked":"Feed","floor":42},{"not_picked":["Wild Strike","Headbutt","Cleave","Anger"],"picked":"SKIP","floor":44},{"not_picked":["True Grit+1","Fiend Fire","Iron Wave"],"picked":"Seeing Red","floor":45},{"not_picked":["Wild Strike","True Grit","Intimidate"],"picked":"Dual Wield+1","floor":47},{"not_picked":["Hemokinesis","Havoc","Shockwave+1"],"picked":"Battle Trance+1","floor":48}],"player_experience":1562634,"relics_obtained":[{"floor":5.0,"key":"Omamori"},{"floor":6.0,"key":"Unceasing Top"},{"floor":8.0,"key":"Juzu Bracelet"},{"floor":9.0,"key":"Pen Nib"},{"floor":14.0,"key":"Girya"},{"floor":20.0,"key":"Oddly Smooth Stone"},{"floor":23.0,"key":"Meat on the Bone"},{"floor":26.0,"key":"Dream Catcher"},{"floor":27.0,"key":"Orichalcum"},{"floor":31.0,"key":"Anchor"},{"floor":38,"key":"Calipers"},{"floor":40,"key":"Strawberry"},{"floor":41,"key":"Bird Faced Urn"},{"floor":42,"key":"Whetstone"},{"floor":43,"key":"Question Card"},{"floor":47,"key":"Champion Belt"}],"event_choices":[{"damage_healed":0.0,"max_hp_gain":0.0,"max_hp_loss":0.0,"gold_gain":0.0,"event_name":"Accursed Blacksmith","player_choice":"Rummage","floor":3.0,"gold_loss":0.0,"damage_taken":0.0,"relics_obtained":["WarpedTongs"],"cards_obtained":["Pain"]},{"damage_healed":0.0,"max_hp_gain":0.0,"max_hp_loss":0.0,"gold_gain":57.0,"event_name":"Golden Wing","player_choice":"Gained Gold","floor":11.0,"gold_loss":0.0,"damage_taken":0.0},{"damage_healed":0.0,"max_hp_gain":0.0,"max_hp_loss":0.0,"gold_gain":0.0,"event_name":"The Mausoleum","player_choice":"Opened","floor":19.0,"gold_loss":0.0,"damage_taken":0.0,"relics_obtained":["Potion Belt"],"cards_obtained":["Writhe"]},{"damage_healed":0,"gold_gain":0,"player_choice":"Max HP","damage_taken":0,"max_hp_gain":0,"max_hp_loss":5,"event_name":"Winding Halls","floor":36,"gold_loss":0},{"damage_healed":0,"gold_gain":0,"player_choice":"Ignored","damage_taken":0,"max_hp_gain":0,"max_hp_loss":0,"event_name":"SecretPortal","floor":37,"gold_loss":0},{"damage_healed":0,"gold_gain":0,"player_choice":"Relic","damage_taken":0,"max_hp_gain":0,"max_hp_loss":0,"event_name":"Wheel of Change","floor":38,"gold_loss":0},{"damage_healed":0,"gold_gain":0,"player_choice":"Fight","damage_taken":0,"max_hp_gain":0,"max_hp_loss":0,"event_name":"MindBloom","floor":41,"gold_loss":0},{"damage_healed":0,"gold_gain":0,"player_choice":"Fight","damage_taken":0,"max_hp_gain":0,"max_hp_loss":0,"event_name":"Mysterious Sphere","floor":47,"gold_loss":0}],"is_beta":false,"boss_relics":[{"not_picked":["Snecko Eye","Coffee Dripper"],"picked":"Cursed Key"},{"not_picked":["White Beast Statue","Black Star"],"picked":"Empty Cage"}],"items_purged_floors":[4,13,39,46],"is_endless":false,"potions_floor_spawned":[1,7,12,16,18,23,27,33,42,45,47],"ascension_level":17}