{"gold_per_floor":[117,117,129,143,50,77,177,208,233,233,249,249,138,165,165,261,261,274,574,574,602,602,602,664,675,749,759,759],"floor_reached":28,"playtime":2849,"items_purged":["Strike_G"],"score":244,"play_id":"e46a588a-9c43-4329-ac57-d1be98d524d4","local_time":"20190625234850","is_ascension_mode":false,"campfire_choices":[{"floor":10,"key":"REST"},{"data":"Outmaneuver","floor":15,"key":"SMITH"},{"floor":23,"key":"REST"}],"neow_cost":"NONE","seed_source_timestamp":514473936187295,"circlet_count":0,"master_deck":["Defend_G","Defend_G","Defend_G","Defend_G","Strike_G","Strike_G","Strike_G","Survivor","Neutralize","Poisoned Stab","Acrobatics","Dagger Throw","All Out Attack","Infinite Blades","Outmaneuver+1","Flying Knee","Escape Plan","Poisoned Stab","Unload","Noxious Fumes","Doppelganger","Bane","Writhe","PiercingWail+1","Blade Dance","Bane+1","Noxious Fumes"],"relics":["Ring of the Snake","Vajra","Regal Pillow","Ancient Tea Set","Juzu Bracelet","WristBlade","Old Coin","Red Mask","SsserpentHead","Tiny Chest","Ninja Scroll"],"potions_floor_usage":[16,18,24,27],"damage_taken":[{"damage":0,"enemies":"Small Slimes","floor":1,"turns":4},{"damage":0,"enemies":"Cultist","floor":3,"turns":4},{"damage":0,"enemies":"2 Louse","floor":4,"turns":3},{"damage":26,"enemies":"Gremlin Nob","floor":6,"turns":5},{"damage":20,"enemies":"3 Sentries","floor":8,"turns":7},{"damage":7,"enemies":"Exordium Thugs","floor":11,"turns":3},{"damage":32,"enemies":"Hexaghost","floor":16,"turns":7},{"damage":1,"enemies":"Chosen","floor":18,"turns":5},{"damage":53,"enemies":"Masked Bandits","floor":21,"turns":5},{"damage":25,"enemies":"Book of Stabbing","floor":24,"turns":5},{"damage":32,"enemies":"2 Thieves","floor":25,"turns":4},{"damage":1,"enemies":"Snake Plant","floor":27,"turns":4},{"damage":3,"enemies":"Centurion and Healer","floor":28,"turns":1}],"seed_played":"-8234682597014175426","potions_obtained":[{"floor":6,"key":"GamblersBrew"},{"floor":8,"key":"Energy Potion"},{"floor":11,"key":"SpeedPotion"},{"floor":21,"key":"Swift Potion"},{"floor":27,"key":"Strength Potion"}],"is_trial":false,"path_per_floor":["M","?","M","M","$","E","?","E","T","R","M","?","$","T","R","B",null,"M","?","?","?","?","R","E","M","T","M","M"],"character_chosen":"THE_SILENT","items_purchased":["Infinite Blades","Outmaneuver","Noxious Fumes"],"campfire_rested":2,"item_purchase_floors":[5,5,13],"current_hp_per_floor":[77,77,77,77,77,51,51,31,31,69,62,62,62,62,62,30,77,76,76,76,23,23,61,36,4,4,3,0],"gold":759,"neow_bonus":"TEN_PERCENT_HP_BONUS","is_prod":false,"is_daily":false,"chose_seed":false,"campfire_upgraded":1,"win_rate":0.0,"timestamp":1561524530,"path_taken":["M","?","M","M","$","E","?","E","T","R","?","?","?","?","R","BOSS","M","?","?","?","?","R","E","M","T","M","M"],"build_version":"2019-01-23","purchased_purges":1,"victory":false,"max_hp_per_floor":[77,77,77,77,77,77,77,77,77,77,77,77,77,77,77,77,77,77,77,77,77,77,77,77,77,77,77,77],"card_choices":[{"not_picked":["Flying Knee","Dagger Throw"],"picked":"Poisoned Stab","floor":1},{"not_picked":["Slice","Poisoned Stab"],"picked":"Dagger Throw","floor":3},{"not_picked":["Riddle With Holes","Dodge and Roll"],"picked":"All Out Attack","floor":4},{"not_picked":["Leg Sweep","Cloak And Dagger"],"picked":"Flying Knee","floor":6},{"not_picked":["Infinite Blades","Cloak And Dagger"],"picked":"Escape Plan","floor":8},{"not_picked":["PiercingWail","Burst"],"picked":"Poisoned Stab","floor":11},{"not_picked":["Unload","Tools of the Trade"],"picked":"Doppelganger","floor":16},{"not_picked":["Underhanded Strike","Outmaneuver+1"],"picked":"Bane","floor":18},{"not_picked":["Backflip","Bane"],"picked":"PiercingWail+1","floor":21},{"not_picked":["After Image","Bane"],"picked":"Blade Dance","floor":24},{"not_picked":["Dash","Eviscerate"],"picked":"Bane+1","floor":25},{"not_picked":["Dagger Spray","Poisoned Stab"],"picked":"Noxious Fumes","floor":27}],"player_experience":81405,"relics_obtained":[{"floor":6,"key":"Vajra"},{"floor":8,"key":"Regal Pillow"},{"floor":9,"key":"Ancient Tea Set"},{"floor":14,"key":"Juzu Bracelet"},{"floor":21,"key":"Red Mask"},{"floor":24,"key":"Tiny Chest"},{"floor":26,"key":"Ninja Scroll"}],"event_choices":[{"damage_healed":0,"gold_gain":0,"cards_transformed":["Defend_G"],"player_choice":"Change","damage_taken":0,"max_hp_gain":0,"max_hp_loss":0,"event_name":"Living Wall","floor":2,"gold_loss":0,"cards_obtained":["Acrobatics"]},{"damage_healed":0,"gold_gain":100,"player_choice":"Pray","damage_taken":0,"max_hp_gain":0,"max_hp_loss":0,"event_name":"Golden Shrine","floor":7,"gold_loss":0},{"cards_removed":["Strike_G"],"damage_healed":0,"gold_gain":0,"player_choice":"Took Card","damage_taken":0,"max_hp_gain":0,"max_hp_loss":0,"event_name":"NoteForYourself","floor":12,"gold_loss":0,"cards_obtained":["Unload"]},{"damage_healed":0,"gold_gain":0,"player_choice":"Opened","damage_taken":0,"relics_obtained":["Old Coin"],"max_hp_gain":0,"max_hp_loss":0,"event_name":"The Mausoleum","floor":19,"gold_loss":0,"cards_obtained":["Writhe"]},{"damage_healed":0,"gold_gain":0,"player_choice":"Ignored","damage_taken":0,"max_hp_gain":0,"max_hp_loss":0,"event_name":"N\u0027loth","floor":20,"gold_loss":0},{"damage_healed":0,"gold_gain":0,"player_choice":"Fought Bandits","damage_taken":0,"max_hp_gain":0,"max_hp_loss":0,"event_name":"Masked Bandits","floor":21,"gold_loss":0},{"damage_healed":0,"gold_gain":0,"player_choice":"Trade","damage_taken":0,"relics_obtained":["SsserpentHead"],"max_hp_gain":0,"max_hp_loss":0,"event_name":"FaceTrader","floor":22,"gold_loss":0}],"is_beta":false,"boss_relics":[{"not_picked":["Tiny House","Runic Dome"],"picked":"WristBlade"}],"items_purged_floors":[13],"is_endless":false,"potions_floor_spawned":[6,8,11,21,27],"killed_by":"Centurion and Healer","ascension_level":0}