{"gold_per_floor":[117,135,145,145,165,165,175,205,205,205,215,248,261,280,280,355,355,368,368,386,32,49,49],"floor_reached":23,"playtime":783,"items_purged":["Strike_R"],"score":414,"play_id":"62f78dad-fb11-4392-bfae-56ad5483e859","local_time":"20190927120826","is_ascension_mode":true,"campfire_choices":[{"data":"Rage","floor":6,"key":"SMITH"},{"data":"Uppercut","floor":10,"key":"SMITH"},{"data":"Combust","floor":15,"key":"SMITH"}],"neow_cost":"NONE","seed_source_timestamp":906524124777500,"circlet_count":0,"master_deck":["AscendersBane","Strike_R","Strike_R","Strike_R","Strike_R","Defend_R","Defend_R","Defend_R","Defend_R","Bash","Rage+1","Combust+1","Battle Trance","Immolate","Battle Trance","Uppercut+1","Shrug It Off","Impervious","Headbutt"],"relics":["Burning Blood","Art of War","GremlinMask","Du-Vu Doll","White Beast Statue","InkBottle","SlaversCollar","Meat on the Bone"],"potions_floor_usage":[8,12,13,18,18,20,23,23],"damage_taken":[{"damage":10,"enemies":"Small Slimes","floor":1,"turns":4},{"damage":1,"enemies":"Cultist","floor":2,"turns":4},{"damage":10,"enemies":"Jaw Worm","floor":3,"turns":4},{"damage":9,"enemies":"Looter","floor":5,"turns":4},{"damage":15,"enemies":"Blue Slaver","floor":7,"turns":4},{"damage":27,"enemies":"Gremlin Nob","floor":8,"turns":4},{"damage":5,"enemies":"Large Slime","floor":11,"turns":5},{"damage":10,"enemies":"3 Sentries","floor":12,"turns":3},{"damage":7,"enemies":"Exordium Wildlife","floor":13,"turns":4},{"damage":0,"enemies":"Red Slaver","floor":14,"turns":3},{"damage":28,"enemies":"Slime Boss","floor":16,"turns":7},{"damage":25,"enemies":"3 Byrds","floor":18,"turns":6},{"damage":6,"enemies":"2 Thieves","floor":20,"turns":4},{"damage":27,"enemies":"Centurion and Healer","floor":22,"turns":7},{"damage":50,"enemies":"Gremlin Leader","floor":23,"turns":4}],"seed_played":"-3538697919728339620","potions_obtained":[{"floor":2,"key":"Weak Potion"},{"floor":5,"key":"SmokeBomb"},{"floor":8,"key":"Block Potion"},{"floor":11,"key":"Strength Potion"},{"floor":12,"key":"BloodPotion"},{"floor":13,"key":"BloodPotion"},{"floor":18,"key":"Energy Potion"},{"floor":20,"key":"Swift Potion"},{"floor":22,"key":"Weak Potion"}],"is_trial":false,"path_per_floor":["M","M","M","?","M","R","M","E","T","R","M","E","M","M","R","B",null,"M","?","M","$","M","E"],"character_chosen":"IRONCLAD","items_purchased":["Meat on the Bone"],"campfire_rested":0,"item_purchase_floors":[21],"current_hp_per_floor":[64,69,65,65,62,62,53,32,32,32,33,29,43,49,49,27,63,59,52,52,52,43,0],"gold":49,"neow_bonus":"RANDOM_COMMON_RELIC","is_prod":false,"is_daily":false,"chose_seed":false,"campfire_upgraded":3,"win_rate":0,"timestamp":1569611306,"path_taken":["M","M","M","?","M","R","?","E","T","R","?","E","M","M","R","BOSS","M","?","M","$","?","E"],"build_version":"2019-09-26","purchased_purges":1,"victory":false,"max_hp_per_floor":[75,75,75,75,75,75,75,75,75,75,75,75,75,75,75,75,75,75,75,75,75,75,75],"card_choices":[{"not_picked":["True Grit","Shrug It Off"],"picked":"Rage","floor":1},{"not_picked":["Havoc","Rage"],"picked":"Combust","floor":2},{"not_picked":["Disarm","Anger"],"picked":"Battle Trance","floor":3},{"not_picked":["Corruption","Headbutt"],"picked":"Immolate","floor":5},{"not_picked":["Rupture","Bloodletting"],"picked":"Battle Trance","floor":7},{"not_picked":["Shrug It Off","Pummel"],"picked":"Uppercut","floor":8},{"not_picked":["Clash","Body Slam","Sword Boomerang"],"picked":"SKIP","floor":11},{"not_picked":["Wild Strike","Body Slam"],"picked":"Shrug It Off","floor":12},{"not_picked":["Shockwave","Dark Embrace","Dual Wield"],"picked":"SKIP","floor":13},{"not_picked":["Thunderclap","Fire Breathing","Corruption"],"picked":"SKIP","floor":14},{"not_picked":["Double Tap","Fiend Fire"],"picked":"Impervious","floor":16},{"not_picked":["Body Slam","Flex","Pommel Strike"],"picked":"SKIP","floor":18},{"not_picked":["Clash","Havoc"],"picked":"Headbutt","floor":20},{"not_picked":["Rampage","Second Wind","Infernal Blade"],"picked":"SKIP","floor":22}],"player_experience":1059412,"relics_obtained":[{"floor":8,"key":"Du-Vu Doll"},{"floor":9,"key":"White Beast Statue"},{"floor":12,"key":"InkBottle"}],"event_choices":[{"damage_healed":0,"gold_gain":0,"player_choice":"Trade","damage_taken":0,"relics_obtained":["GremlinMask"],"max_hp_gain":0,"max_hp_loss":0,"event_name":"FaceTrader","floor":4,"gold_loss":0},{"damage_healed":0,"gold_gain":0,"player_choice":"","damage_taken":7,"max_hp_gain":0,"max_hp_loss":0,"event_name":"Knowing Skull","floor":19,"potions_obtained":[],"gold_loss":0,"cards_obtained":[]}],"is_beta":true,"boss_relics":[{"not_picked":["Pandora\u0027s Box","SacredBark"],"picked":"SlaversCollar"}],"items_purged_floors":[21],"is_endless":false,"potions_floor_spawned":[2,5,7,8,11,12,13,14,16,18,20,22],"killed_by":"Gremlin Leader","ascension_level":20}