{"gold_per_floor":[118,193,368,379,389,389,421,432,432,432,448,448,460,476,476,572,572,592,592,609,622,622,653,568,568,568,586,586,603,603,621,621,722,722,738,738,751,202,221,221],"floor_reached":40,"playtime":3671,"items_purged":[],"score":412,"play_id":"3ce94853-7c63-4322-9497-6d4d10c1eda2","local_time":"20190423134543","is_ascension_mode":false,"campfire_choices":[{"data":"Zap","floor":6.0,"key":"SMITH"},{"floor":10.0,"key":"REST"},{"data":"Dualcast","floor":12.0,"key":"SMITH"},{"floor":15.0,"key":"REST"},{"floor":28.0,"key":"REST"},{"data":"White Noise","floor":30.0,"key":"SMITH"},{"floor":32.0,"key":"REST"}],"neow_cost":"NONE","seed_source_timestamp":0,"circlet_count":0,"master_deck":["Defend_B","Defend_B","Zap+1","Dualcast+1","Go for the Eyes","Hologram","Conserve Battery","BootSequence","Doom and Gloom","Compile Driver","Genetic Algorithm","Electrodynamics","Capacitor+1","Darkness+1","White Noise+1","Defragment+1","Tempest+1","Go for the Eyes","Ball Lightning","BootSequence+1","Leap","Static Discharge+1","Aggregate","Thunder Strike","Beam Cell+1","Lockon+1","Bandage Up","Sweeping Beam","Parasite","Sunder"],"special_seed":0,"relics":["Cracked Core","Letter Opener","WingedGreaves","Astrolabe","Unceasing Top","Centennial Puzzle","Dodecahedron","Empty Cage","Bag of Marbles","Sundial"],"potions_floor_usage":[37,39,40,40],"damage_taken":[{"damage":3.0,"enemies":"Jaw Worm","floor":1.0,"turns":4.0},{"damage":2.0,"enemies":"2 Louse","floor":4.0,"turns":3.0},{"damage":0.0,"enemies":"Cultist","floor":5.0,"turns":4.0},{"damage":40.0,"enemies":"3 Sentries","floor":7.0,"turns":10.0},{"damage":6.0,"enemies":"Exordium Wildlife","floor":8.0,"turns":4.0},{"damage":0.0,"enemies":"Red Slaver","floor":11.0,"turns":2.0},{"damage":0.0,"enemies":"Blue Slaver","floor":13.0,"turns":2.0},{"damage":0.0,"enemies":"Looter","floor":14.0,"turns":2.0},{"damage":35.0,"enemies":"The Guardian","floor":16.0,"turns":9.0},{"damage":22.0,"enemies":"3 Byrds","floor":18.0,"turns":4.0},{"damage":0.0,"enemies":"Chosen","floor":20.0,"turns":4.0},{"damage":7.0,"enemies":"Centurion and Healer","floor":21.0,"turns":6.0},{"damage":15.0,"enemies":"Gremlin Leader","floor":23.0,"turns":4.0},{"damage":0.0,"enemies":"Snake Plant","floor":27.0,"turns":3.0},{"damage":0.0,"enemies":"Sentry and Sphere","floor":29.0,"turns":3.0},{"damage":0.0,"enemies":"Cultist and Chosen","floor":31.0,"turns":3.0},{"damage":30.0,"enemies":"Champ","floor":33.0,"turns":7.0},{"damage":10.0,"enemies":"3 Shapes","floor":35.0,"turns":4.0},{"damage":0,"enemies":"Orb Walker","floor":37,"turns":3},{"damage":7,"enemies":"Writhing Mass","floor":39,"turns":4},{"damage":89,"enemies":"Giant Head","floor":40,"turns":8}],"seed_played":"-6440168074097193782","potions_obtained":[{"floor":4.0,"key":"Ancient Potion"},{"floor":11.0,"key":"EssenceOfSteel"},{"floor":13.0,"key":"Energy Potion"},{"floor":16.0,"key":"GamblersBrew"},{"floor":20.0,"key":"SkillPotion"},{"floor":21.0,"key":"Strength Potion"},{"floor":25.0,"key":"PowerPotion"},{"floor":25.0,"key":"Ancient Potion"},{"floor":29.0,"key":"Weak Potion"},{"floor":33.0,"key":"SpeedPotion"},{"floor":35.0,"key":"Weak Potion"},{"floor":39,"key":"SteroidPotion"}],"is_trial":false,"path_per_floor":["M","?","?","M","M","R","E","M","T","R","M","R","M","M","R","B",null,"M","?","M","M","?","E","?","?","T","M","R","M","R","M","R","B",null,"M","?","M","$","M","E"],"character_chosen":"DEFECT","items_purchased":["Bandage Up","Sweeping Beam","Bag of Marbles","Sundial"],"campfire_rested":4,"item_purchase_floors":[38,38,38,38],"current_hp_per_floor":[72,61,61,59,59,59,19,13,13,35,35,35,35,35,57,22,75,53,53,53,46,46,31,31,31,31,31,53,53,53,53,75,45,75,65,65,65,65,62,0],"gold":221,"neow_bonus":"TRANSFORM_CARD","is_prod":false,"is_daily":false,"chose_seed":false,"campfire_upgraded":3,"win_rate":0.0,"timestamp":1556045143,"path_taken":["M","?","?","M","M","R","E","?","T","R","M","R","?","M","R","BOSS","M","?","?","M","?","E","?","?","T","M","R","?","R","M","R","BOSS","M","?","M","$","M","E"],"build_version":"2019-01-23","purchased_purges":0,"victory":false,"max_hp_per_floor":[75,75,75,75,75,75,75,75,75,75,75,75,75,75,75,75,75,75,75,75,75,75,75,75,75,75,75,75,75,75,75,75,75,75,75,75,75,75,75,75],"card_choices":[{"not_picked":["Turbo","Skim"],"picked":"Go for the Eyes","floor":1.0},{"not_picked":["Force Field","Go for the Eyes"],"picked":"Hologram","floor":4.0},{"not_picked":["FTL","Rebound"],"picked":"Conserve Battery","floor":5.0},{"not_picked":["Undo","Multi-Cast"],"picked":"BootSequence","floor":7.0},{"not_picked":["Redo","Steam"],"picked":"Ball Lightning","floor":8.0},{"not_picked":["Barrage","Sunder"],"picked":"Doom and Gloom","floor":11.0},{"not_picked":["Glacier","Ball Lightning"],"picked":"Compile Driver","floor":13.0},{"not_picked":["Glacier","Doom and Gloom"],"picked":"Genetic Algorithm","floor":14.0},{"not_picked":["Buffer","Multi-Cast"],"picked":"Electrodynamics","floor":16.0},{"not_picked":["Streamline","Self Repair"],"picked":"White Noise","floor":18.0},{"not_picked":["Hologram","Conserve Battery"],"picked":"Defragment+1","floor":20.0},{"not_picked":["Hyperbeam","Conserve Battery"],"picked":"Tempest+1","floor":21.0},{"not_picked":["Go for the Eyes","FTL"],"picked":"BootSequence+1","floor":23.0},{"not_picked":["Conserve Battery","Lockon"],"picked":"Leap","floor":27.0},{"not_picked":["Recycle","Gash"],"picked":"Static Discharge+1","floor":29.0},{"not_picked":["Self Repair+1","Compile Driver"],"picked":"Aggregate","floor":31.0},{"not_picked":["Hyperbeam","Electrodynamics"],"picked":"Thunder Strike","floor":33.0},{"not_picked":["Glacier+1","Darkness"],"picked":"Beam Cell+1","floor":35.0},{"not_picked":["Hologram+1","Rebound+1"],"picked":"Lockon+1","floor":37},{"not_picked":["Gash","Heatsinks"],"picked":"Sunder","floor":39}],"player_experience":44086,"relics_obtained":[{"floor":7.0,"key":"Letter Opener"},{"floor":9.0,"key":"WingedGreaves"},{"floor":23.0,"key":"Unceasing Top"},{"floor":26.0,"key":"Dodecahedron"}],"event_choices":[{"damage_healed":0.0,"max_hp_gain":0.0,"max_hp_loss":0.0,"gold_gain":75.0,"event_name":"World of Goop","player_choice":"Gather Gold","floor":2.0,"gold_loss":0.0,"damage_taken":11.0},{"damage_healed":0.0,"max_hp_gain":0.0,"max_hp_loss":0.0,"gold_gain":175.0,"event_name":"Liars Game","player_choice":"AGREE","floor":3.0,"gold_loss":0.0,"damage_taken":0.0,"cards_obtained":["Doubt"]},{"cards_removed":["Doubt"],"damage_healed":0.0,"max_hp_gain":0.0,"max_hp_loss":0.0,"gold_gain":0.0,"event_name":"Fountain of Cleansing","player_choice":"Removed Curses","floor":19.0,"gold_loss":0.0,"damage_taken":0.0},{"damage_healed":0.0,"max_hp_gain":0.0,"max_hp_loss":0.0,"gold_gain":0.0,"cards_transformed":["Gash","Defend_B"],"event_name":"Drug Dealer","player_choice":"Became Test Subject","floor":22.0,"gold_loss":0.0,"damage_taken":0.0,"cards_obtained":["Go for the Eyes","Ball Lightning"]},{"damage_healed":0.0,"max_hp_gain":0.0,"max_hp_loss":0.0,"gold_gain":0.0,"event_name":"Addict","player_choice":"Obtained Relic","floor":24.0,"gold_loss":85.0,"damage_taken":0.0,"relics_obtained":["Centennial Puzzle"]},{"damage_healed":0.0,"max_hp_gain":0.0,"max_hp_loss":0.0,"gold_gain":0.0,"event_name":"Lab","player_choice":"Got Potions","floor":25.0,"gold_loss":0.0,"damage_taken":0.0},{"cards_removed":["Ball Lightning"],"damage_healed":0.0,"max_hp_gain":0.0,"max_hp_loss":0.0,"gold_gain":0.0,"event_name":"Falling","player_choice":"Removed Attack","floor":36.0,"gold_loss":0.0,"damage_taken":0.0}],"is_beta":false,"boss_relics":[{"not_picked":["Snecko Eye","Philosopher\u0027s Stone"],"picked":"Astrolabe"},{"not_picked":["Fusion Hammer","Black Star"],"picked":"Empty Cage"}],"items_purged_floors":[],"is_endless":false,"potions_floor_spawned":[4,11,13,16,20,21,27,29,33,35,39],"killed_by":"Giant Head","ascension_level":0}