{"gold_per_floor":[112,125,125,125,125,125,153,153,174,174,83,101,26,36,36,36],"floor_reached":16,"playtime":199,"items_purged":["Strike_R"],"score":277,"play_id":"684ef50e-a845-4462-bbf2-1a06ba0c31a5","local_time":"20190906190035","is_ascension_mode":true,"campfire_choices":[{"data":"Uppercut","floor":6.0,"key":"SMITH"},{"data":"Defend_R","floor":8.0,"key":"SMITH"},{"data":"Whirlwind","floor":15,"key":"SMITH"}],"neow_cost":"NONE","seed_source_timestamp":25107790766699,"circlet_count":0,"master_deck":["Strike_R","Strike_R","Strike_R","Defend_R+1","Defend_R","Defend_R","Defend_R+1","Bash+1","AscMod:ascendersbane","Uppercut+1","Whirlwind+1","Demon Form"],"special_seed":0,"relics":["Burning Blood","NeowsBlessing","Golden Idol","Paper Frog","Art of War","Smiling Mask"],"potions_floor_usage":[16],"damage_taken":[{"damage":0.0,"enemies":"Small Slimes","floor":1.0,"turns":1.0},{"damage":0.0,"enemies":"2 Louse","floor":2.0,"turns":1.0},{"damage":0.0,"enemies":"3 Sentries","floor":7.0,"turns":2.0},{"damage":0.0,"enemies":"Cultist","floor":12.0,"turns":3.0},{"damage":0.0,"enemies":"Large Slime","floor":14.0,"turns":4.0},{"damage":19,"enemies":"Hexaghost","floor":16,"turns":9}],"seed_played":"-3549475906490977278","potions_obtained":[{"floor":1.0,"key":"Fire Potion"},{"floor":7.0,"key":"SteroidPotion"}],"is_trial":false,"path_per_floor":["M","M","?","?","?","R","E","R","T","?","$","M","?","M","R","B"],"character_chosen":"IRONCLAD","items_purchased":["Whirlwind"],"campfire_rested":0,"item_purchase_floors":[11],"current_hp_per_floor":[73,75,49,26,21,21,26,26,26,26,26,31,31,36,36,17],"gold":36,"neow_bonus":"THREE_ENEMY_KILL","is_prod":false,"is_daily":false,"chose_seed":false,"campfire_upgraded":3,"win_rate":0,"timestamp":1567771235,"path_taken":["M","M","?","?","?","R","E","R","T","?","$","M","?","M","R","BOSS"],"build_version":"2019-07-17","purchased_purges":1,"victory":false,"max_hp_per_floor":[75,75,75,75,75,75,75,75,75,75,75,75,75,75,75,75],"card_choices":[{"not_picked":["Bloodletting","Sword Boomerang","Corruption"],"picked":"SKIP","floor":1.0},{"not_picked":["Thunderclap","Armaments"],"picked":"Uppercut","floor":2.0},{"not_picked":["Clash","Heavy Blade","Cleave"],"picked":"SKIP","floor":7.0},{"not_picked":["Carnage","Headbutt","Bloodletting"],"picked":"SKIP","floor":12.0},{"not_picked":["Carnage","Body Slam"],"picked":"Demon Form","floor":14.0}],"player_experience":1145758,"relics_obtained":[{"floor":7.0,"key":"Art of War"},{"floor":9.0,"key":"Smiling Mask"}],"event_choices":[{"damage_healed":0.0,"max_hp_gain":0.0,"max_hp_loss":0.0,"gold_gain":0.0,"event_name":"Golden Idol","player_choice":"Take Damage","floor":3.0,"gold_loss":0.0,"damage_taken":26.0,"relics_obtained":["Golden Idol"]},{"damage_healed":0.0,"max_hp_gain":0.0,"max_hp_loss":0.0,"gold_gain":0.0,"event_name":"Shining Light","player_choice":"Entered Light","floor":4.0,"gold_loss":0.0,"damage_taken":23.0,"cards_upgraded":["Bash","Defend_R"]},{"damage_healed":0.0,"max_hp_gain":0.0,"max_hp_loss":0.0,"gold_gain":0.0,"event_name":"Scrap Ooze","player_choice":"Success","floor":5.0,"gold_loss":0.0,"damage_taken":5.0,"relics_obtained":["Paper Frog"]},{"damage_healed":0.0,"max_hp_gain":0.0,"max_hp_loss":0.0,"gold_gain":0.0,"event_name":"Liars Game","player_choice":"Ignored","floor":10.0,"gold_loss":0.0,"damage_taken":0.0},{"cards_removed":["Strike_R"],"damage_healed":0.0,"max_hp_gain":0.0,"max_hp_loss":0.0,"gold_gain":0.0,"event_name":"The Cleric","player_choice":"Card Removal","floor":13.0,"gold_loss":75.0,"damage_taken":0.0}],"is_beta":false,"boss_relics":[],"items_purged_floors":[11],"is_endless":false,"potions_floor_spawned":[1,7],"killed_by":"Hexaghost","ascension_level":25}