{"gold_per_floor":[116,161,107,133,150,150,177,177,177,177,190,190,14,28,28,103,103,121,139,153,153],"floor_reached":21,"playtime":764,"items_purged":[],"score":408,"play_id":"51df0d4d-2680-451b-8c48-575e2c568a56","local_time":"20190524180137","is_ascension_mode":true,"campfire_choices":[{"data":"Whirlwind","floor":6,"key":"SMITH"},{"data":"Bash","floor":8,"key":"SMITH"},{"data":"Blood for Blood","floor":12,"key":"SMITH"},{"data":"Juggernaut","floor":15,"key":"SMITH"}],"neow_cost":"NONE","seed_source_timestamp":158815538549403,"circlet_count":0,"master_deck":["AscendersBane","Strike_R","Strike_R","Strike_R","Strike_R","Strike_R","Defend_R","Defend_R","Defend_R","Defend_R","Bash+1","Combust+1","Shrug It Off","Whirlwind+1","Feel No Pain","Blood for Blood+1","Juggernaut+1","Shockwave","Fiend Fire","Evolve","Havoc","Inflame","Spot Weakness+1","Clothesline+1"],"relics":["Burning Blood","NeowsBlessing","Strawberry","Pen Nib","Mercury Hourglass","Orrery"],"potions_floor_usage":[20,21,21],"damage_taken":[{"damage":0,"enemies":"Cultist","floor":1,"turns":1},{"damage":0,"enemies":"Jaw Worm","floor":5,"turns":1},{"damage":0,"enemies":"Lagavulin","floor":7,"turns":1},{"damage":0,"enemies":"2 Louse","floor":11,"turns":3},{"damage":2,"enemies":"Large Slime","floor":14,"turns":4},{"damage":33,"enemies":"Slime Boss","floor":16,"turns":7},{"damage":28,"enemies":"Shell Parasite","floor":18,"turns":4},{"damage":16,"enemies":"Spheric Guardian","floor":19,"turns":4},{"damage":30,"enemies":"Snecko","floor":20,"turns":4},{"damage":3,"enemies":"3 Cultists","floor":21,"turns":3}],"seed_played":"-1617411749433124701","potions_obtained":[{"floor":5,"key":"LiquidBronze"},{"floor":11,"key":"GamblersBrew"},{"floor":14,"key":"Explosive Potion"},{"floor":20,"key":"PowerPotion"}],"is_trial":false,"path_per_floor":["M","T","$","T","M","R","E","R","T","?","M","R","$","M","R","B",null,"M","M","M","M"],"character_chosen":"IRONCLAD","items_purchased":["Shrug It Off","Juggernaut"],"campfire_rested":0,"item_purchase_floors":[3,13],"current_hp_per_floor":[74,74,74,81,82,82,82,82,82,82,82,82,82,82,82,55,75,53,43,19,16],"gold":153,"neow_bonus":"THREE_ENEMY_KILL","is_prod":false,"is_daily":false,"chose_seed":false,"campfire_upgraded":4,"win_rate":0,"timestamp":1558735297,"path_taken":["M","?","$","?","M","R","E","R","T","?","M","R","$","M","R","BOSS","M","M","?","M"],"build_version":"2019-01-23","purchased_purges":0,"victory":false,"max_hp_per_floor":[75,75,75,82,82,82,82,82,82,82,82,82,82,82,82,82,82,82,82,82,82],"card_choices":[{"not_picked":["Armaments","Bloodletting"],"picked":"Combust","floor":1},{"not_picked":["Sentinel","Iron Wave"],"picked":"Whirlwind","floor":5},{"not_picked":["Clash","Uppercut"],"picked":"Feel No Pain","floor":7},{"not_picked":["Perfected Strike","Thunderclap"],"picked":"Blood for Blood","floor":11},{"not_picked":["Sentinel","Cleave"],"picked":"Shockwave","floor":14},{"not_picked":["Impervious","Dark Embrace"],"picked":"Fiend Fire","floor":16},{"not_picked":["Thunderclap","Warcry"],"picked":"Evolve","floor":17},{"not_picked":["Fire Breathing","Cleave"],"picked":"Havoc","floor":17},{"not_picked":["Disarm","Body Slam"],"picked":"Inflame","floor":17},{"not_picked":["Fiend Fire","Clothesline"],"picked":"Spot Weakness+1","floor":18},{"not_picked":["Thunderclap+1","Searing Blow+1"],"picked":"Clothesline+1","floor":19},{"not_picked":["Uppercut","Clothesline","Thunderclap"],"picked":"SKIP","floor":20}],"player_experience":883400,"relics_obtained":[{"floor":4,"key":"Strawberry"},{"floor":7,"key":"Pen Nib"},{"floor":9,"key":"Mercury Hourglass"}],"event_choices":[{"damage_healed":0,"gold_gain":0,"player_choice":"Upgraded","damage_taken":0,"max_hp_gain":0,"max_hp_loss":0,"event_name":"Upgrade Shrine","floor":10,"gold_loss":0,"cards_upgraded":["Combust"]}],"is_beta":false,"boss_relics":[{"not_picked":["Mark of Pain","White Beast Statue"],"picked":"Orrery"}],"items_purged_floors":[],"is_endless":false,"potions_floor_spawned":[5,11,14,16,18,20],"killed_by":"3 Cultists","ascension_level":20}