{"gold_per_floor":[119,194,105,105,125,159,159,159,159,159,173,244,277,295,295,393,393,403,6,26,26,45,45,80,80,80,95,110,122,137,170,170,275,275,286,143,156,86,96,124,124,136,162,173,173,191,0,16,16,16],"floor_reached":50,"playtime":7363,"items_purged":["Strike_B"],"score":601,"play_id":"07659f61-f80b-4b78-abcd-229549cba87c","local_time":"20190419171455","is_ascension_mode":false,"campfire_choices":[{"data":"Loop","floor":7.0,"key":"SMITH"},{"data":"Double Energy","floor":10.0,"key":"SMITH"},{"floor":15.0,"key":"REST"},{"data":"Dualcast","floor":23,"key":"SMITH"},{"data":"Self Repair","floor":25,"key":"SMITH"},{"data":"Electrodynamics","floor":32,"key":"SMITH"},{"data":"Creative AI","floor":41,"key":"SMITH"},{"data":"Capacitor","floor":49,"key":"SMITH"}],"neow_cost":"NONE","seed_source_timestamp":0,"circlet_count":0,"master_deck":["Strike_B","Strike_B+1","Defend_B","Defend_B","Zap","Dualcast+1","Streamline+1","Loop+1","Conserve Battery","Double Energy+1","Chaos","Skim","Chill","Glacier","All For One","Electrodynamics+1","Genetic Algorithm","Self Repair+1","Finesse","Leap+1","Barrage+1","Steam","Redo+1","Steam+1","Ball Lightning+1","Creative AI+1","Melter+1","Conserve Battery+1","Machine Learning+1","Double Energy+1","Ball Lightning+1","Sweeping Beam+1","Chaos","Tempest+1","Reinforced Body","Beam Cell+1","Redo+1","Chaos","Capacitor+1"],"special_seed":0,"relics":["Cracked Core","FossilizedHelix","Shuriken","Unceasing Top","Matryoshka","Nuclear Battery","Toolbox","Sundial","Pear","Molten Egg 2","Mercury Hourglass","Bottled Lightning","Astrolabe","Question Card","Centennial Puzzle","Whetstone","Red Mask"],"potions_floor_usage":[24,30,30,31,33,33,39,50,50],"damage_taken":[{"damage":5.0,"enemies":"Small Slimes","floor":1.0,"turns":3.0},{"damage":0.0,"enemies":"2 Louse","floor":5.0,"turns":2.0},{"damage":20.0,"enemies":"3 Sentries","floor":6.0,"turns":7.0},{"damage":0.0,"enemies":"Jaw Worm","floor":11.0,"turns":3.0},{"damage":13.0,"enemies":"Gremlin Nob","floor":13.0,"turns":4.0},{"damage":0.0,"enemies":"Large Slime","floor":14.0,"turns":4.0},{"damage":9.0,"enemies":"The Guardian","floor":16.0,"turns":13.0},{"damage":0.0,"enemies":"Shell Parasite","floor":18.0,"turns":4.0},{"damage":0,"enemies":"Spheric Guardian","floor":20,"turns":3},{"damage":7,"enemies":"Shelled Parasite and Fungi","floor":22,"turns":5},{"damage":20,"enemies":"Slavers","floor":24,"turns":3},{"damage":0,"enemies":"Cultist and Chosen","floor":27,"turns":3},{"damage":0,"enemies":"Snake Plant","floor":28,"turns":3},{"damage":0,"enemies":"Chosen and Byrds","floor":29,"turns":2},{"damage":0,"enemies":"Cultist and Chosen","floor":30,"turns":9},{"damage":9,"enemies":"Gremlin Leader","floor":31,"turns":5},{"damage":71,"enemies":"Collector","floor":33,"turns":13},{"damage":0,"enemies":"3 Darklings","floor":35,"turns":3},{"damage":0,"enemies":"Orb Walker","floor":37,"turns":2},{"damage":16,"enemies":"Spire Growth","floor":39,"turns":5},{"damage":12,"enemies":"Nemesis","floor":40,"turns":8},{"damage":0,"enemies":"4 Shapes","floor":42,"turns":2},{"damage":0,"enemies":"3 Darklings","floor":44,"turns":2},{"damage":0,"enemies":"Spire Growth","floor":46,"turns":2},{"damage":24,"enemies":"Writhing Mass","floor":48,"turns":4},{"damage":82,"enemies":"Donu and Deca","floor":50,"turns":7}],"seed_played":"1145955382508017280","potions_obtained":[{"floor":13.0,"key":"Strength Potion"},{"floor":14.0,"key":"Explosive Potion"},{"floor":20,"key":"Weak Potion"},{"floor":27,"key":"Poison Potion"},{"floor":28,"key":"Regen Potion"},{"floor":30,"key":"Explosive Potion"},{"floor":31,"key":"Strength Potion"},{"floor":35,"key":"Regen Potion"},{"floor":40,"key":"Swift Potion"},{"floor":42,"key":"Block Potion"},{"floor":48,"key":"SteroidPotion"}],"is_trial":false,"path_per_floor":["M","?","$","?","M","E","R","T","T","R","M","?","E","M","R","B",null,"M","$","M","?","M","R","E","R","T","M","M","M","M","E","R","B",null,"M","$","M","$","M","E","R","M","T","M","?","M","?","M","R","B"],"character_chosen":"DEFECT","items_purchased":["Loop","Conserve Battery","Genetic Algorithm","Self Repair","Finesse","Toolbox","Ball Lightning+1","Sweeping Beam+1","Tempest"],"campfire_rested":1,"item_purchase_floors":[3,3,19,19,19,19,36,36,38],"current_hp_per_floor":[77,66,66,66,66,46,46,46,46,46,46,46,33,33,57,48,82,82,82,82,82,82,82,82,82,82,92,92,92,92,92,92,46,92,92,92,92,92,91,89,89,89,89,89,89,89,89,75,75,0],"gold":16,"neow_bonus":"TEN_PERCENT_HP_BONUS","is_prod":false,"is_daily":false,"chose_seed":false,"campfire_upgraded":7,"win_rate":0.0,"timestamp":1555712095,"path_taken":["M","?","$","?","M","E","R","?","T","R","M","?","E","?","R","BOSS","M","$","M","?","M","R","E","R","T","M","M","?","M","E","R","BOSS","M","$","M","$","M","E","R","M","T","M","?","?","?","M","R","BOSS"],"build_version":"2019-01-23","purchased_purges":1,"victory":false,"max_hp_per_floor":[82,82,82,82,82,82,82,82,82,82,82,82,82,82,82,82,82,82,82,82,82,82,82,92,92,92,92,92,92,92,92,92,92,92,92,92,92,92,92,92,92,92,92,92,92,92,92,92,92,92],"card_choices":[{"not_picked":["Barrage","Steam"],"picked":"Streamline","floor":1.0},{"not_picked":["Reprogram","Compile Driver"],"picked":"Chaos","floor":5.0},{"not_picked":["Compile Driver","Reprogram"],"picked":"Skim","floor":6.0},{"not_picked":["Gash","Darkness"],"picked":"Chill","floor":11.0},{"not_picked":["Sweeping Beam","Stack"],"picked":"Glacier","floor":13.0},{"not_picked":["Static Discharge","Skim"],"picked":"All For One","floor":14.0},{"not_picked":["Amplify","All For One"],"picked":"Electrodynamics","floor":16.0},{"not_picked":["Coolheaded+1","Darkness","Rip and Tear"],"picked":"SKIP","floor":18},{"not_picked":["Barrage+1","Coolheaded"],"picked":"Leap+1","floor":20},{"not_picked":["Darkness","Cold Snap","Compile Driver"],"picked":"SKIP","floor":22},{"not_picked":["Compile Driver","Cold Snap"],"picked":"Steam Power","floor":24},{"not_picked":["Self Repair","Conserve Battery"],"picked":"Barrage+1","floor":27},{"not_picked":["Loop","Tempest"],"picked":"Steam","floor":28},{"not_picked":["Steam","Machine Learning"],"picked":"Redo+1","floor":29},{"not_picked":["Fusion","Heatsinks"],"picked":"Steam+1","floor":30},{"not_picked":["Go for the Eyes+1","Compile Driver+1"],"picked":"Ball Lightning+1","floor":31},{"not_picked":["Rainbow","Thunder Strike+1"],"picked":"Creative AI","floor":33},{"not_picked":["Fusion+1","Cold Snap+1"],"picked":"Double Energy+1","floor":35},{"not_picked":["Darkness","Conserve Battery"],"picked":"Chaos","floor":37},{"not_picked":["Static Discharge","Auto Shields"],"picked":"Reinforced Body","floor":39},{"not_picked":["Heatsinks","Streamline+1","Fusion"],"picked":"SKIP","floor":40},{"not_picked":["Redo","Stack","Heatsinks"],"picked":"Beam Cell+1","floor":42},{"not_picked":["Genetic Algorithm+1","Multi-Cast","Hologram+1"],"picked":"Redo+1","floor":44},{"not_picked":["Sweeping Beam+1","Streamline+1","Barrage+1"],"picked":"Chaos","floor":46},{"not_picked":["Conserve Battery","Stack","Steam Power+1"],"picked":"Capacitor","floor":48}],"player_experience":22401,"relics_obtained":[{"floor":6.0,"key":"FossilizedHelix"},{"floor":8.0,"key":"Shuriken"},{"floor":9.0,"key":"Unceasing Top"},{"floor":13.0,"key":"Matryoshka"},{"floor":24,"key":"Pear"},{"floor":26,"key":"Molten Egg 2"},{"floor":26,"key":"Mercury Hourglass"},{"floor":31,"key":"Bottled Lightning"},{"floor":40,"key":"Question Card"},{"floor":43,"key":"Centennial Puzzle"},{"floor":43,"key":"Whetstone"}],"event_choices":[{"damage_healed":0.0,"max_hp_gain":0.0,"max_hp_loss":0.0,"gold_gain":75.0,"event_name":"World of Goop","player_choice":"Gather Gold","floor":2.0,"gold_loss":0.0,"damage_taken":11.0},{"damage_healed":0.0,"max_hp_gain":0.0,"max_hp_loss":0.0,"gold_gain":0.0,"cards_transformed":["Defend_B"],"event_name":"Living Wall","player_choice":"Change","floor":4.0,"gold_loss":0.0,"damage_taken":0.0,"cards_obtained":["Double Energy"]},{"damage_healed":0.0,"max_hp_gain":0.0,"max_hp_loss":0.0,"gold_gain":71.0,"event_name":"Golden Wing","player_choice":"Gained Gold","floor":12.0,"gold_loss":0.0,"damage_taken":0.0},{"damage_healed":0,"gold_gain":0,"player_choice":"Gave Potion","damage_taken":0,"relics_obtained":["Sundial"],"max_hp_gain":0,"max_hp_loss":0,"event_name":"WeMeetAgain","floor":21,"gold_loss":0},{"damage_healed":0,"gold_gain":0,"player_choice":"Forge","damage_taken":0,"max_hp_gain":0,"max_hp_loss":0,"event_name":"Accursed Blacksmith","floor":45,"gold_loss":0,"cards_upgraded":["Tempest"]},{"damage_healed":0,"gold_gain":0,"player_choice":"Paid","damage_taken":0,"relics_obtained":["Red Mask"],"max_hp_gain":0,"max_hp_loss":0,"event_name":"Tomb of Lord Red Mask","floor":47,"gold_loss":191}],"is_beta":false,"boss_relics":[{"not_picked":["Runic Pyramid","Coffee Dripper"],"picked":"Nuclear Battery"},{"not_picked":["Lizard Tail","Sozu"],"picked":"Astrolabe"}],"items_purged_floors":[36],"is_endless":false,"potions_floor_spawned":[13,14,20,27,28,30,31,35,40,42,48],"killed_by":"Donu and Deca","ascension_level":0}