{"gold_per_floor":[110,127,127,146,164,196,196,230,306,306,231,306,341,419,419,498,498,508,518,518,54,54,54,54,54,102,102,112,112,138,152,152,225,225,238,248,248],"floor_reached":37,"playtime":1118,"items_purged":["Strike_R"],"score":860,"play_id":"9fdc1444-2dfe-4470-a2a3-ce901c6159fd","local_time":"20190927131956","is_ascension_mode":true,"campfire_choices":[{"data":"Inflame","floor":7.0,"key":"SMITH"},{"floor":10.0,"key":"REST"},{"data":"Fire Breathing","floor":15.0,"key":"SMITH"},{"floor":23.0,"key":"REST"},{"data":"Spot Weakness","floor":25.0,"key":"SMITH"},{"data":"Sword Boomerang","floor":29.0,"key":"SMITH"},{"data":"Rampage","floor":32.0,"key":"SMITH"}],"neow_cost":"NONE","seed_source_timestamp":910356613282800,"circlet_count":0,"master_deck":["AscendersBane","Strike_R+1","Defend_R+1","Defend_R+1","Defend_R+1","Defend_R+1","Inflame+1","Fire Breathing+1","Rampage+1","Spot Weakness+1","Berserk+1","Sword Boomerang+1","Brutality+1","Shrug It Off+1","Feel No Pain+1","Metallicize+1","Injury","Feel No Pain+1","Sword Boomerang+1","True Grit+1","Dark Embrace+1","Thunderclap+1","Shockwave+1","Shrug It Off+1","Body Slam"],"special_seed":0,"relics":["Burning Blood","PreservedInsect","Frozen Egg 2","Du-Vu Doll","Eternal Feather","Smiling Mask","Toxic Egg 2","Cursed Key","Charon\u0027s Ashes","Red Skull","Question Card","Astrolabe"],"potions_floor_usage":[],"damage_taken":[{"damage":9.0,"enemies":"Small Slimes","floor":1.0,"turns":5.0},{"damage":16.0,"enemies":"2 Louse","floor":2.0,"turns":4.0},{"damage":7.0,"enemies":"Jaw Worm","floor":4.0,"turns":5.0},{"damage":11.0,"enemies":"Exordium Wildlife","floor":5.0,"turns":3.0},{"damage":18.0,"enemies":"Lagavulin","floor":6.0,"turns":7.0},{"damage":25.0,"enemies":"3 Sentries","floor":8.0,"turns":5.0},{"damage":15.0,"enemies":"Lagavulin","floor":13.0,"turns":5.0},{"damage":24.0,"enemies":"Slime Boss","floor":16.0,"turns":6.0},{"damage":26.0,"enemies":"2 Thieves","floor":18.0,"turns":4.0},{"damage":21.0,"enemies":"Shell Parasite","floor":19.0,"turns":5.0},{"damage":5.0,"enemies":"Centurion and Healer","floor":28.0,"turns":4.0},{"damage":3.0,"enemies":"Gremlin Leader","floor":30.0,"turns":4.0},{"damage":33.0,"enemies":"Shelled Parasite and Fungi","floor":31.0,"turns":5.0},{"damage":51.0,"enemies":"Collector","floor":33.0,"turns":8.0},{"damage":29.0,"enemies":"Orb Walker","floor":35.0,"turns":5.0},{"damage":9.0,"enemies":"3 Shapes","floor":36.0,"turns":5.0},{"damage":40,"enemies":"Transient","floor":37,"turns":5}],"seed_played":"5958258102403414143","potions_obtained":[{"floor":1.0,"key":"EssenceOfSteel"},{"floor":4.0,"key":"GamblersBrew"},{"floor":13.0,"key":"Dexterity Potion"},{"floor":16.0,"key":"SpeedPotion"},{"floor":19.0,"key":"Weak Potion"},{"floor":31.0,"key":"Fire Potion"}],"is_trial":false,"path_per_floor":["M","M","?","M","M","E","R","E","T","R","?","?","E","T","R","B",null,"M","M","?","$","?","R","$","R","T","?","M","R","E","M","R","B",null,"M","M","M"],"character_chosen":"IRONCLAD","items_purchased":["Charon\u0027s Ashes","Metallicize+1"],"campfire_rested":2,"item_purchase_floors":[21,21],"current_hp_per_floor":[65,55,55,54,49,37,37,18,18,49,49,38,29,29,38,20,61,41,26,26,26,26,57,57,66,66,66,67,75,75,48,60,15,60,37,34,0],"gold":248,"neow_bonus":"RANDOM_COMMON_RELIC","is_prod":false,"is_daily":false,"chose_seed":false,"campfire_upgraded":5,"win_rate":0,"timestamp":1569615596,"path_taken":["M","M","?","M","M","E","R","E","T","R","?","?","E","?","R","BOSS","M","M","?","$","?","R","?","R","T","?","M","R","E","M","R","BOSS","M","M","M"],"build_version":"2019-09-26","purchased_purges":1,"victory":false,"max_hp_per_floor":[75,75,75,75,75,75,75,75,75,75,75,75,75,75,75,75,75,75,75,75,75,75,75,75,75,75,75,75,75,75,75,75,75,75,75,75,75],"card_choices":[{"not_picked":["True Grit","Rampage"],"picked":"Inflame","floor":1.0},{"not_picked":["Shrug It Off","Twin Strike"],"picked":"Fire Breathing","floor":2.0},{"not_picked":["Corruption","Seeing Red"],"picked":"Rampage","floor":4.0},{"not_picked":["Perfected Strike","Whirlwind"],"picked":"Spot Weakness","floor":5.0},{"not_picked":["Clothesline","Heavy Blade"],"picked":"Berserk","floor":6.0},{"not_picked":["Flex","Iron Wave","Body Slam"],"picked":"SKIP","floor":8.0},{"not_picked":["Warcry","Pommel Strike"],"picked":"Sword Boomerang","floor":13.0},{"not_picked":["Dark Embrace+1","Berserk+1"],"picked":"Brutality+1","floor":16.0},{"not_picked":["Thunderclap","Fire Breathing+1"],"picked":"Shrug It Off+1","floor":18.0},{"not_picked":["Perfected Strike","Pommel Strike","Dropkick"],"picked":"SKIP","floor":19.0},{"not_picked":["Searing Blow","Rage+1"],"picked":"Feel No Pain+1","floor":28.0},{"not_picked":["Feed","Pommel Strike+1"],"picked":"Sword Boomerang+1","floor":30.0},{"not_picked":["Perfected Strike","Armaments+1","Heavy Blade"],"picked":"True Grit+1","floor":31.0},{"not_picked":["Berserk+1","Double Tap+1","Exhume+1"],"picked":"Dark Embrace+1","floor":33.0},{"not_picked":["Wild Strike","Headbutt","Perfected Strike","Flex+1"],"picked":"SKIP","floor":35.0},{"not_picked":["Rampage+1","Searing Blow+1","Metallicize+1"],"picked":"Body Slam","floor":36.0}],"player_experience":1063202,"relics_obtained":[{"floor":6.0,"key":"Frozen Egg 2"},{"floor":8.0,"key":"Du-Vu Doll"},{"floor":9.0,"key":"Eternal Feather"},{"floor":13.0,"key":"Smiling Mask"},{"floor":14.0,"key":"Toxic Egg 2"},{"floor":26.0,"key":"Red Skull"},{"floor":30.0,"key":"Question Card"}],"event_choices":[{"damage_healed":0.0,"max_hp_gain":0.0,"max_hp_loss":0.0,"gold_gain":0.0,"event_name":"Liars Game","player_choice":"Ignored","floor":3.0,"gold_loss":0.0,"damage_taken":0.0},{"cards_removed":["Strike_R"],"damage_healed":0.0,"max_hp_gain":0.0,"max_hp_loss":0.0,"gold_gain":0.0,"event_name":"The Cleric","player_choice":"Card Removal","floor":11.0,"gold_loss":75.0,"damage_taken":0.0},{"damage_healed":0.0,"max_hp_gain":0.0,"max_hp_loss":0.0,"gold_gain":75.0,"event_name":"World of Goop","player_choice":"Gather Gold","floor":12.0,"gold_loss":0.0,"damage_taken":11.0},{"damage_healed":0.0,"max_hp_gain":0.0,"max_hp_loss":0.0,"gold_gain":0.0,"event_name":"The Library","player_choice":"Read","floor":20.0,"gold_loss":0.0,"damage_taken":0.0,"cards_obtained":["Feel No Pain"]},{"damage_healed":0.0,"max_hp_gain":0.0,"max_hp_loss":0.0,"gold_gain":0.0,"event_name":"Back to Basics","player_choice":"Simplicity","floor":22.0,"gold_loss":0.0,"damage_taken":0.0,"cards_upgraded":["Strike_R","Strike_R","Strike_R","Defend_R","Defend_R","Defend_R","Defend_R"]},{"damage_healed":0.0,"max_hp_gain":0.0,"max_hp_loss":0.0,"gold_gain":0.0,"event_name":"Vampires","player_choice":"Ignored","floor":27.0,"gold_loss":0.0,"damage_taken":0.0}],"is_beta":true,"boss_relics":[{"not_picked":["SacredBark","Tiny House"],"picked":"Cursed Key"},{"not_picked":["Coffee Dripper","Busted Crown"],"picked":"Astrolabe"}],"items_purged_floors":[21],"is_endless":false,"potions_floor_spawned":[1,4,13,16,19,31],"killed_by":"Transient","ascension_level":20}