{"gold_per_floor":[114,131,142,160,160,194,213,242,294,310,227,241,241,257,257,355,355,365,365,365,375,421,451,469,469,520,15,15,50,50,66,66,169,169,180,180,229,229,1,1,20,20,47,8,8,108,108,118,118,118],"floor_reached":51,"playtime":12533,"items_purged":["Strike_G"],"score":745,"play_id":"2878d268-50ee-417d-a407-e7bb4880ba11","local_time":"20190914042500","is_ascension_mode":false,"campfire_choices":[{"floor":13,"key":"REST"},{"data":"Calculated Gamble","floor":15,"key":"SMITH"},{"floor":25,"key":"REST"},{"floor":30,"key":"REST"},{"floor":32,"key":"REST"},{"floor":42,"key":"REST"},{"floor":47,"key":"REST"},{"floor":49,"key":"REST"}],"neow_cost":"NONE","seed_source_timestamp":444034152759167,"circlet_count":0,"master_deck":["Strike_G","Strike_G","Defend_G","Defend_G","Defend_G","Defend_G","Defend_G","Survivor","Neutralize","Flying Knee","Poisoned Stab","Heel Hook","Calculated Gamble+1","Tools of the Trade","Underhanded Strike","Blur","Masterful Stab","Dagger Spray","Leg Sweep","Envenom","Prepared+1","Footwork+1","Dagger Throw+1","Metamorphosis","A Thousand Cuts","All Out Attack","Distraction+1","Tactician+1","Riddle With Holes+1","Calculated Gamble","Dramatic Entrance","Wraith Form v2","Choke","Dash","Distraction","Apotheosis","Magnetism","Acrobatics+1","Outmaneuver+1","Eviscerate","Finisher","Flying Knee"],"relics":["Ring of the Snake","Pen Nib","Centennial Puzzle","Bag of Preparation","Mercury Hourglass","Fusion Hammer","Vajra","Happy Flower","Juzu Bracelet","Sundial","Snecko Eye","Thread and Needle","Dream Catcher","Prayer Wheel"],"potions_floor_usage":[4,8,10,16,21,23,23,29,33,33,50,50,50],"damage_taken":[{"damage":3,"enemies":"2 Louse","floor":1,"turns":3},{"damage":0,"enemies":"Cultist","floor":2,"turns":4},{"damage":0,"enemies":"Small Slimes","floor":3,"turns":4},{"damage":2,"enemies":"Looter","floor":4,"turns":3},{"damage":22,"enemies":"3 Sentries","floor":6,"turns":13},{"damage":9,"enemies":"Large Slime","floor":7,"turns":9},{"damage":13,"enemies":"Lagavulin","floor":8,"turns":5},{"damage":0,"enemies":"Lots of Slimes","floor":10,"turns":1},{"damage":0,"enemies":"Blue Slaver","floor":12,"turns":3},{"damage":0,"enemies":"Large Slime","floor":14,"turns":3},{"damage":0,"enemies":"Slime Boss","floor":16,"turns":7},{"damage":2,"enemies":"3 Byrds","floor":18,"turns":4},{"damage":0,"enemies":"Chosen","floor":21,"turns":4},{"damage":17,"enemies":"Slavers","floor":23,"turns":5},{"damage":11,"enemies":"Snecko","floor":24,"turns":3},{"damage":28,"enemies":"Book of Stabbing","floor":29,"turns":7},{"damage":10,"enemies":"Centurion and Healer","floor":31,"turns":5},{"damage":14,"enemies":"Collector","floor":33,"turns":9},{"damage":19,"enemies":"Orb Walker","floor":35,"turns":5},{"damage":23,"enemies":"2 Orb Walkers","floor":37,"turns":3},{"damage":3,"enemies":"3 Shapes","floor":41,"turns":4},{"damage":0,"enemies":"Mind Bloom Boss Battle","floor":46,"turns":5},{"damage":1,"enemies":"Writhing Mass","floor":48,"turns":4},{"damage":43,"enemies":"Donu and Deca","floor":50,"turns":7}],"seed_played":"1645094895075094076","potions_obtained":[{"floor":2,"key":"SkillPotion"},{"floor":4,"key":"SteroidPotion"},{"floor":7,"key":"Explosive Potion"},{"floor":12,"key":"AttackPotion"},{"floor":16,"key":"GamblersBrew"},{"floor":18,"key":"EssenceOfSteel"},{"floor":20,"key":"SkillPotion"},{"floor":20,"key":"Poison Potion"},{"floor":21,"key":"Ancient Potion"},{"floor":29,"key":"GhostInAJar"},{"floor":41,"key":"SteroidPotion"}],"is_trial":false,"path_per_floor":["M","M","M","M","?","E","M","E","T","M","?","M","R","M","R","B",null,"M","?","?","M","T","E","M","R","T","$","?","E","R","M","R","B",null,"M","?","?","?","$","?","M","R","T","$","?","?","R","M","R","B",null],"character_chosen":"THE_SILENT","items_purchased":["Metamorphosis","Regen Potion","A Thousand Cuts","All Out Attack","Calculated Gamble","Dramatic Entrance","Dexterity Potion","SkillPotion","Distraction"],"campfire_rested":7,"item_purchase_floors":[27,27,27,27,39,39,39,39,44],"current_hp_per_floor":[74,74,74,72,72,50,41,28,28,28,28,28,51,51,51,51,77,75,75,75,75,75,58,47,70,70,70,70,57,77,67,77,63,77,58,58,35,35,35,35,32,55,55,55,45,45,68,67,77,34],"gold":118,"neow_bonus":"TEN_PERCENT_HP_BONUS","is_prod":false,"is_daily":false,"chose_seed":false,"campfire_upgraded":1,"win_rate":0.0,"timestamp":1568449500,"path_taken":["M","M","M","M","?","E","M","E","T","M","?","M","R","?","R","BOSS","M","?","?","?","?","E","M","R","T","?","?","E","R","M","R","BOSS","M","?","?","?","$","?","M","R","T","?","?","?","R","M","R","BOSS"],"build_version":"2019-07-17","purchased_purges":1,"victory":true,"max_hp_per_floor":[77,77,77,77,77,77,77,77,77,77,77,77,77,77,77,77,77,77,77,77,77,77,77,77,77,77,77,77,77,77,77,77,77,77,77,77,77,77,77,77,77,77,77,77,77,77,77,77,77,77],"card_choices":[{"not_picked":["Quick Slash","Dodge and Roll"],"picked":"Flying Knee","floor":1},{"not_picked":["Prepared","Distraction"],"picked":"Poisoned Stab","floor":2},{"not_picked":["Eviscerate","Dash"],"picked":"Heel Hook","floor":3},{"not_picked":["Endless Agony","Outmaneuver"],"picked":"Calculated Gamble","floor":4},{"not_picked":["Prepared","Infinite Blades"],"picked":"Tools of the Trade","floor":6},{"not_picked":["Quick Slash","Infinite Blades"],"picked":"Underhanded Strike","floor":7},{"not_picked":["Dagger Spray","Deflect"],"picked":"Blur","floor":8},{"not_picked":["Dash","Escape Plan"],"picked":"Masterful Stab","floor":10},{"not_picked":["Outmaneuver","Skewer"],"picked":"Dagger Spray","floor":12},{"not_picked":["Slice","Dagger Spray"],"picked":"Leg Sweep","floor":14},{"not_picked":["Burst","Glass Knife"],"picked":"Envenom","floor":16},{"not_picked":["Outmaneuver","Infinite Blades"],"picked":"Prepared+1","floor":18},{"not_picked":["Acrobatics+1","Dodge and Roll"],"picked":"Footwork+1","floor":21},{"not_picked":["Crippling Poison","Poisoned Stab"],"picked":"Dagger Throw+1","floor":23},{"not_picked":["Dodge and Roll","Outmaneuver","Quick Slash"],"picked":"SKIP","floor":24},{"not_picked":["Deflect","Dodge and Roll"],"picked":"Distraction+1","floor":29},{"not_picked":["Sucker Punch","Blade Dance","Heel Hook+1"],"picked":"SKIP","floor":31},{"not_picked":["Sucker Punch","Blade Dance","Heel Hook+1"],"picked":"SKIP","floor":31},{"not_picked":["Night Terror","Burst"],"picked":"After Image","floor":33},{"not_picked":["Acrobatics","Deadly Poison"],"picked":"Tactician+1","floor":35},{"not_picked":["Crippling Poison","Deflect"],"picked":"Riddle With Holes+1","floor":37},{"not_picked":["Predator","Deadly Poison"],"picked":"Dash","floor":41},{"not_picked":["Purity","Finesse"],"picked":"Apotheosis","floor":45},{"not_picked":["Mind Blast","Apotheosis"],"picked":"Magnetism","floor":45},{"not_picked":["Deadly Poison","Poisoned Stab"],"picked":"Acrobatics+1","floor":46},{"not_picked":["Prepared","Finisher"],"picked":"Outmaneuver+1","floor":47},{"not_picked":["Venomology","Masterful Stab"],"picked":"Eviscerate","floor":48},{"not_picked":["PiercingWail","Crippling Poison+1"],"picked":"Finisher","floor":48},{"not_picked":["Calculated Gamble+1","Blade Dance+1"],"picked":"Flying Knee","floor":49}],"player_experience":46862,"relics_obtained":[{"floor":6,"key":"Pen Nib"},{"floor":8,"key":"Centennial Puzzle"},{"floor":9,"key":"Bag of Preparation"},{"floor":22,"key":"Vajra"},{"floor":23,"key":"Happy Flower"},{"floor":26,"key":"Juzu Bracelet"},{"floor":29,"key":"Sundial"},{"floor":37,"key":"Thread and Needle"},{"floor":43,"key":"Dream Catcher"},{"floor":46,"key":"Prayer Wheel"}],"event_choices":[{"cards_removed":["Strike_G"],"damage_healed":0,"gold_gain":0,"player_choice":"Forget","damage_taken":0,"max_hp_gain":0,"max_hp_loss":0,"event_name":"Living Wall","floor":5,"gold_loss":0},{"damage_healed":0,"gold_gain":0,"player_choice":"Paid Gold","damage_taken":0,"relics_obtained":["Mercury Hourglass"],"max_hp_gain":0,"max_hp_loss":0,"event_name":"WeMeetAgain","floor":11,"gold_loss":83},{"damage_healed":0,"gold_gain":0,"player_choice":"Ignored","damage_taken":0,"max_hp_gain":0,"max_hp_loss":0,"event_name":"Vampires","floor":19,"gold_loss":0},{"damage_healed":0,"gold_gain":0,"player_choice":"Got Potions","damage_taken":0,"max_hp_gain":0,"max_hp_loss":0,"event_name":"Lab","floor":20,"gold_loss":0},{"damage_healed":0,"gold_gain":0,"player_choice":"Ignored","damage_taken":0,"max_hp_gain":0,"max_hp_loss":0,"event_name":"Ghosts","floor":28,"gold_loss":0},{"cards_removed":["After Image"],"damage_healed":0,"gold_gain":0,"player_choice":"Removed Power","damage_taken":0,"max_hp_gain":0,"max_hp_loss":0,"event_name":"Falling","floor":36,"gold_loss":0},{"damage_healed":0,"gold_gain":0,"player_choice":"Fight","damage_taken":0,"max_hp_gain":0,"max_hp_loss":0,"event_name":"Mysterious Sphere","floor":37,"gold_loss":0},{"cards_removed":["Strike_G"],"damage_healed":0,"gold_gain":0,"player_choice":"Purged","damage_taken":0,"max_hp_gain":0,"max_hp_loss":0,"event_name":"Purifier","floor":38,"gold_loss":0},{"damage_healed":0,"gold_gain":0,"player_choice":"2 cards matched","damage_taken":0,"max_hp_gain":0,"max_hp_loss":0,"event_name":"Match and Keep!","floor":40,"gold_loss":0,"cards_obtained":["Wraith Form v2","Choke"]},{"damage_healed":0,"gold_gain":0,"player_choice":"Memory 3","damage_taken":10,"max_hp_gain":0,"max_hp_loss":0,"event_name":"SensoryStone","floor":45,"gold_loss":0},{"damage_healed":0,"gold_gain":0,"player_choice":"Fight","damage_taken":0,"max_hp_gain":0,"max_hp_loss":0,"event_name":"MindBloom","floor":46,"gold_loss":0}],"is_beta":false,"boss_relics":[{"not_picked":["Ectoplasm","HoveringKite"],"picked":"Fusion Hammer"},{"not_picked":["Runic Pyramid","Cursed Key"],"picked":"Snecko Eye"}],"items_purged_floors":[27],"is_endless":false,"potions_floor_spawned":[2,4,7,12,16,18,21,29,41,48],"ascension_level":0}