{"gold_per_floor":[114,114,114,129,129,167,186,224,224,262,187,225,75,94,94,219,219,238,238,88,107,107,145,145,183,263,301,301,339,339,68,68,193,193,212,91,110,129,148,186,0,38,38,76,101,101,139,158,158,158],"floor_reached":51,"playtime":2439,"items_purged":["Normality"],"score":1467,"play_id":"9f09fa23-813d-4f3f-97cf-89fcd953931c","local_time":"20180706111535","daily_mods":["Insanity","Cursed Run","Elite Swarm"],"is_ascension_mode":false,"campfire_choices":[{"floor":15,"key":"REST"},{"data":"Tempest","floor":24,"key":"SMITH"},{"data":"Double Energy","floor":28,"key":"SMITH"},{"data":"Aggregate","floor":30,"key":"SMITH"},{"floor":32,"key":"REST"},{"floor":49,"key":"REST"}],"neow_cost":"","seed_source_timestamp":0,"circlet_count":0,"master_deck":["Thunder Strike","Double Energy+1","Dualcast","Creative AI","Multi-Cast","Redo","Scrape","Consume+1","Conserve Battery","Hologram","Auto Shields","Creative AI","Heatsinks","Gash","Machine Learning","Amplify","Rebound+1","Compile Driver+1","Beam Cell","Reboot","Echo Form","Biased Cognition","Sweeping Beam","Aggregate+1","Doom and Gloom","Lockon","FTL","Beam Cell","Defragment","Chill","Storm","Chaos","Seek","Gash","Meteor Strike","Recycle","Go for the Eyes","Strike_B","Leap","Hologram","Multi-Cast","Auto Shields","Double Energy+1","White Noise","Aggregate","Double Energy","Stack","Machine Learning","Defragment","Injury","Meteor Strike","Meteor Strike","Buffer","Doubt","Reboot","Tempest+1","Meteor Strike+1","Hyperbeam+1","Injury","Hyperbeam+1","Echo Form","Defragment","Regret","Core Surge+1","Rebound+1","Tempest","Gash+1","Force Field","Cold Snap+1","Hologram+1","Core Surge+1","Thunder Strike+1","Shame","Electrodynamics","BootSequence","Thunder Strike+1","Sweeping Beam+1","Regret"],"special_seed":17718,"relics":["Cursed Key","Darkstone Periapt","Du-Vu Doll","GremlinMask","Golden Idol","Mercury Hourglass","DataDisk","Molten Egg 2","Whetstone","Kunai","War Paint","Runic Dome","Unceasing Top","Anchor","Lantern","Blue Candle","Tiny Chest","Toolbox","Torii","Medical Kit","Fusion Hammer","Gremlin Horn","Red Mask","Mango","Letter Opener","Smiling Mask","Emotion Chip","Question Card"],"potions_floor_usage":[10,14,23,23,25,40,40,50,50,50],"damage_taken":[{"damage":12,"enemies":"Cultist","floor":1,"turns":5},{"damage":16,"enemies":"Small Slimes","floor":4,"turns":4},{"damage":15,"enemies":"Gremlin Nob","floor":6,"turns":4},{"damage":0,"enemies":"Jaw Worm","floor":7,"turns":3},{"damage":0,"enemies":"3 Sentries","floor":8,"turns":4},{"damage":0,"enemies":"Gremlin Nob","floor":10,"turns":3},{"damage":16,"enemies":"3 Sentries","floor":12,"turns":4},{"damage":4,"enemies":"Exordium Wildlife","floor":14,"turns":4},{"damage":0,"enemies":"Slime Boss","floor":16,"turns":4},{"damage":6,"enemies":"Spheric Guardian","floor":18,"turns":4},{"damage":8,"enemies":"Shell Parasite","floor":21,"turns":5},{"damage":18,"enemies":"Slavers","floor":23,"turns":3},{"damage":0,"enemies":"Gremlin Leader","floor":25,"turns":4},{"damage":13,"enemies":"Book of Stabbing","floor":27,"turns":3},{"damage":3,"enemies":"Gremlin Leader","floor":29,"turns":1},{"damage":2,"enemies":"Collector","floor":33,"turns":1},{"damage":0,"enemies":"3 Darklings","floor":35,"turns":2},{"damage":1,"enemies":"Orb Walker","floor":37,"turns":2},{"damage":0,"enemies":"Spire Growth","floor":38,"turns":2},{"damage":0,"enemies":"4 Shapes","floor":39,"turns":2},{"damage":1,"enemies":"Nemesis","floor":40,"turns":3},{"damage":1,"enemies":"Giant Head","floor":42,"turns":3},{"damage":1,"enemies":"2 Orb Walkers","floor":44,"turns":1},{"damage":1,"floor":45,"turns":2},{"damage":10,"enemies":"Giant Head","floor":47,"turns":4},{"damage":3,"enemies":"Transient","floor":48,"turns":4},{"damage":23,"enemies":"Donu and Deca","floor":50,"turns":4}],"seed_played":"-7177677508004505436","potions_obtained":[{"floor":6,"key":"Block Potion"},{"floor":12,"key":"Fruit Juice"},{"floor":14,"key":"Dexterity Potion"},{"floor":16,"key":"Ancient Potion"},{"floor":18,"key":"EssenceOfSteel"},{"floor":33,"key":"Energy Potion"},{"floor":38,"key":"Block Potion"},{"floor":40,"key":"FocusPotion"},{"floor":42,"key":"EssenceOfSteel"},{"floor":48,"key":"Dexterity Potion"}],"is_trial":false,"path_per_floor":["M","?","$","M","?","E","M","E","T","E","$","E","$","M","R","B",null,"M","?","$","M","?","E","R","E","T","E","R","E","R","$","R","B",null,"M","$","M","M","M","E","?","E","T","E","?","?","E","M","R","B"],"character_chosen":"DEFECT","items_purchased":["War Paint","Anchor","Medical Kit","Defragment","Tempest","Gash+1"],"campfire_rested":3,"item_purchase_floors":[13,20,31,31,36,36],"current_hp_per_floor":[63,63,63,47,53,38,38,38,44,44,44,28,28,29,56,62,98,92,92,92,84,84,66,66,66,72,59,59,56,56,56,87,91,110,110,110,109,110,110,109,109,122,128,127,126,126,123,120,130,113],"gold":158,"neow_bonus":"","is_prod":false,"is_daily":true,"chose_seed":false,"campfire_upgraded":3,"win_rate":0,"timestamp":1530852335,"path_taken":["M","?","?","M","?","E","M","E","T","E","$","E","?","?","R","BOSS","M","?","$","M","?","E","R","E","T","E","R","E","R","$","R","BOSS","M","$","M","M","M","E","?","E","T","E","?","?","E","?","R","BOSS"],"build_version":"2018-07-05","purchased_purges":1,"victory":true,"max_hp_per_floor":[75,75,75,75,81,81,81,81,87,87,87,87,87,92,92,98,98,98,98,98,98,98,98,98,98,104,104,104,104,104,104,104,110,110,110,110,110,110,110,110,110,124,130,130,130,130,130,130,130,136],"card_choices":[{"not_picked":["Ball Lightning","Sweeping Beam","Streamline"],"picked":"SKIP","floor":1},{"not_picked":["Gash","Leap"],"picked":"Defragment","floor":4},{"not_picked":["Thunder Strike","Fission"],"picked":"Meteor Strike","floor":6},{"not_picked":["FTL","Sweeping Beam","Turbo"],"picked":"SKIP","floor":7},{"not_picked":["Fission","Thunder Strike"],"picked":"Meteor Strike","floor":8},{"not_picked":["Machine Learning","Thunder Strike+1","All For One+1"],"picked":"SKIP","floor":10},{"not_picked":["Reboot","Biased Cognition"],"picked":"Buffer","floor":12},{"not_picked":["Doom and Gloom+1","Skim","Conserve Battery"],"picked":"SKIP","floor":14},{"not_picked":["Fission","Rainbow"],"picked":"Reboot","floor":16},{"not_picked":["FTL+1","Turbo"],"picked":"Tempest","floor":18},{"not_picked":["Redo","Streamline+1","Steam"],"picked":"SKIP","floor":21},{"not_picked":["All For One+1","Reboot"],"picked":"Meteor Strike+1","floor":23},{"not_picked":["Buffer","Multi-Cast"],"picked":"Hyperbeam+1","floor":25},{"not_picked":["Buffer","Seek"],"picked":"Hyperbeam+1","floor":27},{"not_picked":["Hyperbeam+1","Reboot"],"picked":"Echo Form","floor":29},{"not_picked":["Machine Learning","Biased Cognition"],"picked":"Core Surge+1","floor":33},{"not_picked":["Capacitor","Cold Snap+1"],"picked":"Rebound+1","floor":35},{"not_picked":["Rebound+1","Sweeping Beam+1"],"picked":"Force Field","floor":37},{"not_picked":["Barrage+1","Turbo"],"picked":"Cold Snap+1","floor":38},{"not_picked":["Steam","Doom and Gloom+1"],"picked":"Hologram+1","floor":39},{"not_picked":["All For One+1","Creative AI"],"picked":"Core Surge+1","floor":40},{"not_picked":["Biased Cognition","Amplify"],"picked":"Thunder Strike+1","floor":42},{"not_picked":["Creative AI","Buffer"],"picked":"Electrodynamics","floor":44},{"not_picked":["Lockon+1","Loop"],"picked":"BootSequence","floor":45},{"not_picked":["Creative AI","Buffer"],"picked":"Thunder Strike+1","floor":47},{"not_picked":["Streamline+1","Darkness","Chill+1"],"picked":"Sweeping Beam+1","floor":48}],"player_experience":144617,"relics_obtained":[{"floor":6,"key":"Mercury Hourglass"},{"floor":8,"key":"DataDisk"},{"floor":9,"key":"Molten Egg 2"},{"floor":10,"key":"Whetstone"},{"floor":12,"key":"Kunai"},{"floor":23,"key":"Lantern"},{"floor":25,"key":"Blue Candle"},{"floor":26,"key":"Tiny Chest"},{"floor":27,"key":"Toolbox"},{"floor":29,"key":"Torii"},{"floor":40,"key":"Gremlin Horn"},{"floor":42,"key":"Mango"},{"floor":43,"key":"Letter Opener"},{"floor":44,"key":"Smiling Mask"},{"floor":45,"key":"Emotion Chip"},{"floor":47,"key":"Question Card"}],"event_choices":[{"event_name":"FaceTrader","player_choice":"Trade","floor":2,"damage_taken":0},{"event_name":"Golden Idol","player_choice":"Take Wound","floor":5,"damage_taken":0},{"event_name":"The Mausoleum","player_choice":"Yes","floor":19,"damage_taken":0},{"event_name":"Back to Basics","player_choice":"Elegance","floor":22,"damage_taken":0},{"event_name":"Tomb of Lord Red Mask","player_choice":"Paid","floor":41,"damage_taken":0},{"event_name":"Mysterious Sphere","player_choice":"Fight","floor":45,"damage_taken":0},{"event_name":"Falling","player_choice":"Removed Power","floor":46,"damage_taken":0}],"boss_relics":[{"not_picked":["Pandora\u0027s Box","Empty Cage"],"picked":"Runic Dome"},{"not_picked":["Philosopher\u0027s Stone","Nuclear Battery"],"picked":"Fusion Hammer"}],"items_purged_floors":[11],"is_endless":false,"potions_floor_spawned":[6,12,14,16,18,33,38,40,42,48],"ascension_level":0}