{"gold_per_floor":[111,127,127,127,127,171,187,187,187,201,216,251,26,61,61,190,190,204,222,262,275,200,200,235,235,262,262],"floor_reached":27,"playtime":1850,"items_purged":["Strike_R"],"score":289,"play_id":"30fa9446-74f6-4a78-868f-94ca49176e94","local_time":"20190602164403","is_ascension_mode":true,"campfire_choices":[{"data":"Flame Barrier","floor":8,"key":"SMITH"},{"data":"Body Slam","floor":15,"key":"SMITH"},{"data":"Cleave","floor":23,"key":"SMITH"},{"data":"Barricade","floor":25,"key":"SMITH"}],"neow_cost":"NONE","seed_source_timestamp":23432473743699,"circlet_count":0,"master_deck":["Strike_R","Strike_R","Defend_R","Defend_R","Defend_R","Defend_R","Bash","Body Slam+1","Rampage","Battle Trance","Flame Barrier+1","Cleave+1","Headbutt","Battle Trance","Pummel","Armaments+1","Barricade+1"],"relics":["Burning Blood","Bag of Preparation","Golden Idol","Meat on the Bone","Oddly Smooth Stone","Bag of Marbles","Omamori","Boot","Red Mask","Orichalcum"],"potions_floor_usage":[12,19,19,21,24],"damage_taken":[{"damage":1,"enemies":"Cultist","floor":1,"turns":3},{"damage":9,"enemies":"Jaw Worm","floor":2,"turns":5},{"damage":48,"enemies":"Lagavulin","floor":6,"turns":8},{"damage":4,"enemies":"2 Louse","floor":7,"turns":4},{"damage":20,"enemies":"Gremlin Gang","floor":10,"turns":4},{"damage":5,"enemies":"Lots of Slimes","floor":11,"turns":1},{"damage":8,"enemies":"3 Sentries","floor":12,"turns":8},{"damage":23,"enemies":"Lagavulin","floor":14,"turns":4},{"damage":38,"enemies":"Slime Boss","floor":16,"turns":13},{"damage":0,"enemies":"3 Byrds","floor":18,"turns":1},{"damage":10,"enemies":"2 Thieves","floor":19,"turns":3},{"damage":32,"enemies":"Masked Bandits","floor":20,"turns":6},{"damage":30,"enemies":"Snecko","floor":21,"turns":6},{"damage":7,"enemies":"Slavers","floor":24,"turns":4},{"damage":49,"enemies":"Gremlin Leader","floor":27,"turns":6}],"seed_played":"3575436815808369717","potions_obtained":[{"floor":6,"key":"SteroidPotion"},{"floor":10,"key":"Poison Potion"},{"floor":11,"key":"SpeedPotion"},{"floor":16,"key":"Strength Potion"},{"floor":20,"key":"PowerPotion"}],"is_trial":false,"path_per_floor":["M","M","?","?","?","E","M","R","T","M","M","E","$","E","R","B",null,"M","M","?","M","?","R","E","R","T","E"],"character_chosen":"IRONCLAD","items_purchased":["Omamori"],"campfire_rested":0,"item_purchase_floors":[13],"current_hp_per_floor":[80,77,77,77,77,35,49,49,49,47,48,58,58,53,53,33,80,80,76,50,38,38,38,49,49,49,0],"gold":262,"neow_bonus":"RANDOM_COMMON_RELIC","is_prod":false,"is_daily":false,"chose_seed":false,"campfire_upgraded":4,"win_rate":0,"timestamp":1559486643,"path_taken":["M","M","?","?","?","E","M","R","T","?","?","E","?","E","R","BOSS","M","M","?","M","?","R","E","R","T","E"],"build_version":"2019-01-23","purchased_purges":1,"victory":false,"max_hp_per_floor":[80,80,80,80,80,80,80,80,80,80,80,80,80,80,80,80,80,80,80,80,80,80,80,80,80,80,80],"card_choices":[{"not_picked":["Wild Strike","Sentinel"],"picked":"Body Slam","floor":1},{"not_picked":["Sentinel","Clothesline","Twin Strike"],"picked":"SKIP","floor":2},{"not_picked":["Armaments","True Grit"],"picked":"Battle Trance","floor":6},{"not_picked":["Inflame","Cleave"],"picked":"Flame Barrier","floor":7},{"not_picked":["Combust","Twin Strike"],"picked":"Cleave","floor":10},{"not_picked":["Double Tap","Reckless Charge","Clothesline"],"picked":"SKIP","floor":11},{"not_picked":["Flex","Second Wind"],"picked":"Headbutt","floor":12},{"not_picked":["Rupture","Bloodletting"],"picked":"Battle Trance","floor":14},{"not_picked":["Feel No Pain+1","Bloodletting+1"],"picked":"Pummel","floor":18},{"not_picked":["Clothesline","Pummel"],"picked":"Armaments+1","floor":19},{"not_picked":["Dual Wield+1","Headbutt","Heavy Blade"],"picked":"SKIP","floor":21},{"not_picked":["Sever Soul","Flex"],"picked":"Barricade","floor":24}],"player_experience":172340,"relics_obtained":[{"floor":6,"key":"Meat on the Bone"},{"floor":9,"key":"Oddly Smooth Stone"},{"floor":12,"key":"Bag of Marbles"},{"floor":14,"key":"Boot"},{"floor":20,"key":"Red Mask"},{"floor":24,"key":"Orichalcum"}],"event_choices":[{"damage_healed":0,"gold_gain":0,"player_choice":"Take Wound","damage_taken":0,"relics_obtained":["Golden Idol"],"max_hp_gain":0,"max_hp_loss":0,"event_name":"Golden Idol","floor":3,"gold_loss":0,"cards_obtained":["Injury"]},{"cards_removed":["Injury"],"damage_healed":0,"gold_gain":0,"player_choice":"Forget","damage_taken":0,"max_hp_gain":0,"max_hp_loss":0,"event_name":"Living Wall","floor":4,"gold_loss":0},{"damage_healed":0,"gold_gain":0,"cards_transformed":["Strike_R"],"player_choice":"Transformed","damage_taken":0,"max_hp_gain":0,"max_hp_loss":0,"event_name":"Transmorgrifier","floor":5,"gold_loss":0,"cards_obtained":["Rampage"]},{"damage_healed":0,"gold_gain":0,"player_choice":"Fought Bandits","damage_taken":0,"max_hp_gain":0,"max_hp_loss":0,"event_name":"Masked Bandits","floor":20,"gold_loss":0},{"cards_removed":["Strike_R"],"damage_healed":0,"gold_gain":0,"player_choice":"Gave Gold","damage_taken":0,"max_hp_gain":0,"max_hp_loss":0,"event_name":"Beggar","floor":22,"gold_loss":75}],"is_beta":false,"boss_relics":[{"not_picked":["Ectoplasm","Runic Pyramid","Fusion Hammer"]}],"items_purged_floors":[13],"is_endless":false,"potions_floor_spawned":[6,10,11,16,18,20],"killed_by":"Gremlin Leader","ascension_level":3}