{"gold_per_floor":[114,129,144,2,17,47,47,77,77,107,124,139,139,469,469,569,569,584,584,584,599,514,544,544,256,281,83,98,128,128,158,158,258,258,273,127,142,0,0,30,30,60,85,115,130,5,20,50,50,50],"floor_reached":50,"playtime":1993,"items_purged":["Strike_G","Strike_G","Strike_G"],"score":844,"play_id":"3dcdfecc-0fac-4f9d-a601-6d5b28546496","local_time":"20180713125205","daily_mods":["Heirloom","Elite Swarm","Binary"],"is_ascension_mode":false,"campfire_choices":[{"data":"Neutralize","floor":7,"key":"SMITH"},{"data":"Storm of Steel","floor":13,"key":"SMITH"},{"floor":15,"key":"REST"},{"data":"Neutralize","floor":24,"key":"SMITH"},{"data":"Apotheosis","floor":30,"key":"SMITH"},{"floor":32,"key":"REST"},{"data":"After Image","floor":41,"key":"SMITH"},{"floor":49,"key":"REST"}],"neow_cost":"","seed_source_timestamp":0,"circlet_count":0,"master_deck":["Defend_G","Defend_G","Defend_G+1","Defend_G","Defend_G","Strike_G","Strike_G","Survivor+1","Neutralize+1","Dagger Spray","Dagger Throw","Die Die Die","Terror","Burst","Storm of Steel+1","Die Die Die","Dagger Spray","After Image+1","Parasite","Injury","Parasite","Malaise","Neutralize+1","Storm of Steel","Apotheosis+1","Dagger Spray","Dagger Spray","Die Die Die","Well Laid Plans","Backflip","Backstab+1","Writhe","Storm of Steel","Glass Knife","Skewer+1","Storm of Steel"],"special_seed":17725,"relics":["Ring of the Snake","Bird Faced Urn","Regal Pillow","Bag of Preparation","Shuriken","Ginger","Odd Mushroom","Old Coin","Calling Bell","Dream Catcher","Matryoshka","The Specimen","Gremlin Horn","Darkstone Periapt","Centennial Puzzle","War Paint","Juzu Bracelet","Anchor","Oddly Smooth Stone","HoveringKite","Red Mask","Dodecahedron","Calipers","Ninja Scroll","Boot","Snake Skull","Orichalcum"],"potions_floor_usage":[6,6,10,14,16,31,31,42,42,50,50,50],"damage_taken":[{"damage":0,"enemies":"2 Louse","floor":1,"turns":3},{"damage":0,"enemies":"Jaw Worm","floor":2,"turns":4},{"damage":0,"enemies":"Cultist","floor":3,"turns":3},{"damage":12,"enemies":"Large Slime","floor":5,"turns":7},{"damage":16,"enemies":"Lagavulin","floor":6,"turns":7},{"damage":4,"enemies":"Gremlin Nob","floor":8,"turns":3},{"damage":8,"enemies":"3 Sentries","floor":10,"turns":3},{"damage":3,"floor":11,"turns":2},{"damage":0,"enemies":"2 Fungi Beasts","floor":12,"turns":2},{"damage":26,"enemies":"Lagavulin","floor":14,"turns":4},{"damage":8,"enemies":"Hexaghost","floor":16,"turns":9},{"damage":12,"enemies":"Shell Parasite","floor":18,"turns":4},{"damage":0,"enemies":"3 Byrds","floor":21,"turns":2},{"damage":0,"enemies":"Gremlin Leader","floor":23,"turns":6},{"damage":10,"enemies":"Sentry and Sphere","floor":28,"turns":3},{"damage":23,"enemies":"Book of Stabbing","floor":29,"turns":5},{"damage":0,"enemies":"Slavers","floor":31,"turns":2},{"damage":35,"enemies":"Champ","floor":33,"turns":10},{"damage":8,"enemies":"3 Darklings","floor":35,"turns":3},{"damage":0,"enemies":"3 Shapes","floor":37,"turns":3},{"damage":13,"enemies":"Nemesis","floor":40,"turns":7},{"damage":31,"enemies":"Giant Head","floor":42,"turns":7},{"damage":5,"enemies":"2 Orb Walkers","floor":44,"turns":3},{"damage":8,"enemies":"3 Darklings","floor":45,"turns":3},{"damage":9,"enemies":"Sphere and 2 Shapes","floor":47,"turns":2},{"damage":8,"enemies":"Nemesis","floor":48,"turns":5},{"damage":75,"enemies":"Awakened One","floor":50,"turns":14}],"seed_played":"5986081896675769642","potions_obtained":[{"floor":1,"key":"Ancient Potion"},{"floor":2,"key":"Weak Potion"},{"floor":8,"key":"AttackPotion"},{"floor":10,"key":"Ancient Potion"},{"floor":11,"key":"SteroidPotion"},{"floor":12,"key":"Fruit Juice"},{"floor":16,"key":"GhostInAJar"},{"floor":29,"key":"Strength Potion"},{"floor":33,"key":"SkillPotion"},{"floor":40,"key":"AttackPotion"},{"floor":45,"key":"AttackPotion"},{"floor":47,"key":"EssenceOfSteel"},{"floor":48,"key":"Block Potion"}],"is_trial":false,"path_per_floor":["M","M","M","$","M","E","R","E","T","E","?","M","R","E","R","B",null,"M","?","?","M","?","E","R","$","T","$","M","E","R","E","R","B",null,"M","$","M","?","?","E","R","E","T","E","M","$","M","E","R"],"character_chosen":"THE_SILENT","items_purchased":["Die Die Die","Apotheosis","Dagger Spray","Juzu Bracelet","Backflip"],"campfire_rested":3,"item_purchase_floors":[4,25,27,27,36],"current_hp_per_floor":[70,70,70,70,58,42,42,38,38,30,27,27,27,1,37,36,75,65,65,65,65,65,67,67,67,67,67,57,36,36,36,73,40,75,67,67,71,71,81,70,70,43,43,42,38,38,31,27,66,0],"gold":50,"neow_bonus":"","is_prod":false,"is_daily":true,"chose_seed":false,"campfire_upgraded":5,"win_rate":0,"timestamp":1531461125,"path_taken":["M","M","M","$","M","E","R","E","T","E","?","M","R","E","R","BOSS","M","?","?","M","?","E","R","?","T","$","M","E","R","E","R","BOSS","M","$","M","?","?","E","R","E","T","E","M","$","M","E","R","BOSS"],"build_version":"2018-07-12","purchased_purges":3,"victory":false,"max_hp_per_floor":[70,70,70,70,70,70,70,70,70,70,70,70,70,70,70,75,75,75,75,75,75,75,75,75,75,75,75,75,75,75,75,75,75,75,75,75,75,75,81,81,81,81,81,81,81,81,81,81,81,81],"card_choices":[{"not_picked":["Accuracy"],"picked":"Dagger Spray","floor":1},{"not_picked":["Masterful Stab"],"picked":"Dagger Throw","floor":2},{"not_picked":["Poisoned Stab","PiercingWail"],"picked":"SKIP","floor":3},{"not_picked":["Dodge and Roll"],"picked":"Terror","floor":5},{"not_picked":["After Image"],"picked":"Burst","floor":6},{"not_picked":["Bullet Time"],"picked":"Storm of Steel","floor":8},{"not_picked":["Phantasmal Killer"],"picked":"Die Die Die","floor":10},{"not_picked":["Noxious Fumes"],"picked":"Dagger Spray","floor":11},{"not_picked":["Reflex","Quick Slash"],"picked":"SKIP","floor":12},{"not_picked":["Grand Finale"],"picked":"After Image","floor":14},{"not_picked":["Noxious Fumes","Dagger Throw"],"picked":"SKIP","floor":18},{"not_picked":["Masterful Stab","Setup"],"picked":"SKIP","floor":21},{"not_picked":["Tactician"],"picked":"Storm of Steel","floor":23},{"not_picked":["Expertise"],"picked":"Dagger Spray","floor":28},{"not_picked":["Night Terror","Tactician"],"picked":"SKIP","floor":29},{"not_picked":["Night Terror"],"picked":"Die Die Die","floor":31},{"not_picked":["Deflect+1"],"picked":"Well Laid Plans","floor":32},{"not_picked":["Predator","Dagger Spray+1"],"picked":"SKIP","floor":35},{"not_picked":["Blade Dance+1"],"picked":"Backstab+1","floor":37},{"not_picked":["A Thousand Cuts"],"picked":"Storm of Steel","floor":40},{"not_picked":["Bullet Time"],"picked":"Glass Knife","floor":42},{"not_picked":["Unload","A Thousand Cuts"],"picked":"SKIP","floor":44},{"not_picked":["Sucker Punch"],"picked":"Skewer+1","floor":45},{"not_picked":["Quick Slash","Deadly Poison"],"picked":"SKIP","floor":47},{"not_picked":["Grand Finale"],"picked":"Storm of Steel","floor":48}],"player_experience":205764,"relics_obtained":[{"floor":6,"key":"Regal Pillow"},{"floor":8,"key":"Bag of Preparation"},{"floor":9,"key":"Shuriken"},{"floor":10,"key":"Ginger"},{"floor":11,"key":"Odd Mushroom"},{"floor":14,"key":"Old Coin"},{"floor":17,"key":"Dream Catcher"},{"floor":17,"key":"Matryoshka"},{"floor":17,"key":"The Specimen"},{"floor":23,"key":"Darkstone Periapt"},{"floor":26,"key":"Centennial Puzzle"},{"floor":26,"key":"War Paint"},{"floor":29,"key":"Anchor"},{"floor":31,"key":"Oddly Smooth Stone"},{"floor":40,"key":"Dodecahedron"},{"floor":42,"key":"Calipers"},{"floor":43,"key":"Ninja Scroll"},{"floor":43,"key":"Boot"},{"floor":44,"key":"Snake Skull"},{"floor":48,"key":"Orichalcum"}],"event_choices":[{"event_name":"Mushrooms","player_choice":"Fought Mushrooms","floor":11,"damage_taken":0},{"event_name":"The Library","player_choice":"Read","floor":19,"damage_taken":0},{"event_name":"Match and Keep!","player_choice":"1 cards matched","floor":20,"damage_taken":0},{"event_name":"Addict","player_choice":"Obtained Relic","floor":22,"damage_taken":0},{"event_name":"Tomb of Lord Red Mask","player_choice":"Paid","floor":38,"damage_taken":0},{"event_name":"Winding Halls","player_choice":"Writhe","floor":39,"damage_taken":0}],"boss_relics":[{"not_picked":["Pandora\u0027s Box","Fusion Hammer"],"picked":"Calling Bell"},{"not_picked":["Snecko Eye","Sozu"],"picked":"HoveringKite"}],"items_purged_floors":[25,36,46],"is_endless":false,"potions_floor_spawned":[1,2,8,10,11,12,16,29,33,40,45,47,48],"killed_by":"Awakened One","ascension_level":0}