{"gold_per_floor":[113,113,38,113,25,51,51,71,126,126,140,153,188,198,198,198],"floor_reached":16,"playtime":2534,"items_purged":["Strike_G"],"score":182,"play_id":"ee3e9037-7167-44cf-8667-e9a60063629a","local_time":"20181226230201","is_ascension_mode":true,"campfire_choices":[{"floor":7,"key":"REST"},{"floor":10,"key":"REST"},{"data":"Discovery","floor":15,"key":"SMITH"}],"neow_cost":"NONE","seed_source_timestamp":606318684265828,"circlet_count":0,"master_deck":["AscendersBane","Defend_G","Defend_G","Defend_G","Defend_G","Defend_G","Strike_G","Strike_G","Strike_G","Survivor","Neutralize+1","Calculated Gamble","Well Laid Plans","Discovery+1","Backflip","Cloak And Dagger","Leg Sweep","Cloak And Dagger"],"relics":["Ring of the Snake","Singing Bowl","Potion Belt","Smiling Mask"],"potions_floor_usage":[6,13,13],"damage_taken":[{"damage":0,"enemies":"Jaw Worm","floor":1,"turns":6},{"damage":34,"enemies":"Lagavulin","floor":6,"turns":8},{"damage":1,"enemies":"Small Slimes","floor":8,"turns":4},{"damage":0,"enemies":"Cultist","floor":11,"turns":3},{"damage":0,"enemies":"2 Fungi Beasts","floor":12,"turns":3},{"damage":14,"enemies":"3 Sentries","floor":13,"turns":13},{"damage":0,"enemies":"Red Slaver","floor":14,"turns":4},{"damage":59,"enemies":"Slime Boss","floor":16,"turns":9}],"seed_played":"7063325486440554123","potions_obtained":[{"floor":1,"key":"Poison Potion"},{"floor":11,"key":"LiquidBronze"},{"floor":12,"key":"SkillPotion"}],"is_trial":false,"path_per_floor":["M","?","$","?","$","E","R","M","T","R","M","M","E","M","R","B"],"character_chosen":"THE_SILENT","items_purchased":["Discovery"],"campfire_rested":2,"item_purchase_floors":[5],"current_hp_per_floor":[63,63,63,52,52,18,39,38,38,59,61,61,49,49,49,0],"gold":198,"neow_bonus":"UPGRADE_CARD","is_prod":false,"is_daily":false,"chose_seed":false,"campfire_upgraded":1,"win_rate":0,"timestamp":1545886921,"path_taken":["M","?","?","?","?","E","R","M","T","R","M","M","E","?","R","BOSS"],"build_version":"2018-12-20","purchased_purges":1,"victory":false,"max_hp_per_floor":[70,70,70,70,70,70,70,70,70,70,72,72,74,74,74,74],"card_choices":[{"not_picked":["Flying Knee","Eviscerate"],"picked":"Calculated Gamble","floor":1},{"not_picked":["Deflect","Slice"],"picked":"Backflip","floor":6},{"not_picked":["Prepared","Concentrate"],"picked":"Cloak And Dagger","floor":8},{"not_picked":["Finisher","Reflex","Quick Slash"],"picked":"Singing Bowl","floor":11},{"not_picked":["Dagger Spray","Distraction"],"picked":"Leg Sweep","floor":12},{"not_picked":["Dagger Spray","Deadly Poison","Dodge and Roll"],"picked":"Singing Bowl","floor":13},{"not_picked":["Flying Knee","Acrobatics"],"picked":"Cloak And Dagger","floor":14}],"player_experience":978792,"relics_obtained":[{"floor":6,"key":"Singing Bowl"},{"floor":9,"key":"Potion Belt"},{"floor":13,"key":"Smiling Mask"}],"event_choices":[{"damage_healed":0,"gold_gain":0,"cards_transformed":["Strike_G"],"player_choice":"Change","damage_taken":0,"max_hp_gain":0,"max_hp_loss":0,"event_name":"Living Wall","floor":2,"gold_loss":0,"cards_obtained":["Well Laid Plans"]},{"damage_healed":0,"gold_gain":75,"player_choice":"Gather Gold","damage_taken":11,"max_hp_gain":0,"max_hp_loss":0,"event_name":"World of Goop","floor":4,"gold_loss":0}],"is_beta":false,"boss_relics":[],"items_purged_floors":[3],"is_endless":false,"potions_floor_spawned":[1,11,12],"killed_by":"Slime Boss","ascension_level":13}