{"gold_per_floor":[114,114,132,132,146,181,181,192,274,165,183,183,215,233,233,330,330,345,360,360,260,290,290],"floor_reached":23,"playtime":20707,"items_purged":["Strike_B","Defend_B"],"score":276,"play_id":"6d4f0e2c-b746-4b02-9923-8ab8ba4d215b","local_time":"20180907143150","is_ascension_mode":true,"campfire_choices":[{"floor":7,"key":"REST"},{"floor":12,"key":"REST"},{"data":"Defragment","floor":15,"key":"SMITH"}],"neow_cost":"","seed_source_timestamp":310815782700435,"circlet_count":0,"master_deck":["Defend_B","Defend_B","Defend_B","Zap","Dualcast","Loop","Go for the Eyes","Cold Snap","Coolheaded","Go for the Eyes","Defragment+1","Ball Lightning+1","Fission","Biased Cognition","Conserve Battery","Rip and Tear+1","Bite+1","Bite+1","Bite+1","Bite+1","Bite+1","Normality"],"relics":["Cracked Core","Emotion Chip","Molten Egg 2","Happy Flower","Cursed Key","Tiny Chest"],"potions_floor_usage":[5,13],"damage_taken":[{"damage":7,"enemies":"Small Slimes","floor":1,"turns":4},{"damage":3,"enemies":"2 Louse","floor":3,"turns":3},{"damage":2,"enemies":"Jaw Worm","floor":5,"turns":3},{"damage":29,"enemies":"Lagavulin","floor":6,"turns":8},{"damage":9,"enemies":"Red Slaver","floor":8,"turns":4},{"damage":9,"enemies":"3 Louse","floor":11,"turns":4},{"damage":3,"enemies":"Gremlin Nob","floor":13,"turns":5},{"damage":7,"enemies":"Exordium Thugs","floor":14,"turns":5},{"damage":8,"enemies":"Slime Boss","floor":16,"turns":10},{"damage":10,"enemies":"3 Byrds","floor":18,"turns":3},{"damage":4,"enemies":"Shell Parasite","floor":19,"turns":6},{"damage":72,"enemies":"Gremlin Leader","floor":23,"turns":5}],"seed_played":"-9050666385300711289","potions_obtained":[{"floor":3,"key":"Fire Potion"},{"floor":8,"key":"Weak Potion"},{"floor":16,"key":"SkillPotion"},{"floor":19,"key":"Ancient Potion"}],"is_trial":false,"path_per_floor":["M","?","M","?","M","E","R","M","T","$","M","R","E","M","R","B",null,"M","M","?","$","T"],"character_chosen":"DEFECT","items_purchased":["Defragment"],"campfire_rested":2,"item_purchase_floors":[10],"current_hp_per_floor":[68,61,58,58,56,27,49,40,40,40,31,53,50,43,43,35,65,55,51,51,51,51,0],"gold":290,"neow_bonus":"","is_prod":false,"is_daily":false,"chose_seed":false,"campfire_upgraded":1,"win_rate":0,"timestamp":1536348710,"path_taken":["M","?","?","?","M","E","R","M","T","$","M","R","E","M","R","BOSS","M","M","?","$","?","E"],"build_version":"2018-09-06","purchased_purges":2,"victory":false,"max_hp_per_floor":[75,75,75,75,75,75,75,75,75,75,75,75,75,75,75,75,75,75,75,52,52,52,52],"card_choices":[{"not_picked":["Streamline","Redo"],"picked":"Loop","floor":1},{"not_picked":["Ball Lightning","Blizzard"],"picked":"Go for the Eyes","floor":3},{"not_picked":["Ball Lightning","Sweeping Beam"],"picked":"Cold Snap","floor":5},{"not_picked":["Steam Power","Lockon"],"picked":"Coolheaded","floor":6},{"not_picked":["Streamline","Double Energy"],"picked":"Go for the Eyes","floor":8},{"not_picked":["Rebound+1","Darkness","Skim"],"picked":"SKIP","floor":11},{"not_picked":["Scrape+1","Streamline+1"],"picked":"Ball Lightning+1","floor":13},{"not_picked":["Ball Lightning+1","Redo"],"picked":"Fission","floor":14},{"not_picked":["Meteor Strike+1","Hyperbeam+1"],"picked":"Biased Cognition","floor":16},{"not_picked":["Stack","Beam Cell+1"],"picked":"Conserve Battery","floor":18},{"not_picked":["Compile Driver+1","Chaos"],"picked":"Rip and Tear+1","floor":19}],"player_experience":430262,"relics_obtained":[{"floor":6,"key":"Emotion Chip"},{"floor":9,"key":"Molten Egg 2"},{"floor":13,"key":"Happy Flower"},{"floor":22,"key":"Tiny Chest"}],"event_choices":[{"event_name":"Golden Wing","player_choice":"Card Removal","floor":2,"damage_taken":0},{"event_name":"Liars Game","player_choice":"disagreed","floor":4,"damage_taken":0},{"event_name":"Vampires","player_choice":"Became a vampire","floor":20,"damage_taken":0}],"is_beta":false,"boss_relics":[{"not_picked":["Fusion Hammer","Velvet Choker"],"picked":"Cursed Key"}],"items_purged_floors":[10,21],"is_endless":false,"potions_floor_spawned":[3,8,16,19],"killed_by":"Gremlin Leader","ascension_level":5}