{"gold_per_floor":[115,115,34,50,50,77,36,36,36,36,36,53,71,98,110,218,230,261,73,73,92,105,105,105,105],"floor_reached":25,"playtime":982,"items_purged":[],"score":292,"play_id":"3dc535a3-0a5f-4e9b-a284-446dab48ce53","local_time":"20190607163838","is_ascension_mode":true,"campfire_choices":[{"data":"Tempest","floor":8,"key":"SMITH"},{"data":"Streamline","floor":11,"key":"SMITH"},{"floor":15,"key":"REST"},{"floor":24,"key":"REST"}],"neow_cost":"NONE","seed_source_timestamp":28038365880210,"circlet_count":0,"master_deck":["Strike_B","Strike_B","Strike_B","Strike_B","Defend_B","Defend_B","Defend_B","Defend_B","Zap","Dualcast","Reinforced Body","Hologram","Streamline+1","Tempest+1","Hologram","Gash","Capacitor","Echo Form","Defragment"],"relics":["Cracked Core","NeowsBlessing","Sundial","StoneCalendar","Pantograph","MawBank","Snecko Eye","PrismaticShard"],"potions_floor_usage":[18,22,23,25],"damage_taken":[{"damage":0,"enemies":"2 Louse","floor":1,"turns":1},{"damage":0,"enemies":"Small Slimes","floor":4,"turns":1},{"damage":0,"enemies":"3 Sentries","floor":6,"turns":1},{"damage":0,"enemies":"Cultist","floor":12,"turns":2},{"damage":6,"enemies":"2 Fungi Beasts","floor":13,"turns":2},{"damage":20,"enemies":"Lagavulin","floor":14,"turns":6},{"damage":35,"enemies":"The Guardian","floor":16,"turns":10},{"damage":9,"enemies":"Spheric Guardian","floor":18,"turns":5},{"damage":40,"enemies":"3 Byrds","floor":21,"turns":6},{"damage":21,"enemies":"Centurion and Healer","floor":22,"turns":7},{"damage":0,"enemies":"Book of Stabbing","floor":23,"turns":1},{"damage":33,"enemies":"Gremlin Leader","floor":25,"turns":2}],"seed_played":"-5639557019962887282","potions_obtained":[{"floor":4,"key":"EssenceOfSteel"},{"floor":6,"key":"LiquidBronze"},{"floor":20,"key":"SmokeBomb"},{"floor":20,"key":"EssenceOfSteel"},{"floor":22,"key":"Poison Potion"}],"is_trial":false,"path_per_floor":["M","?","$","M","?","E","$","R","T","?","R","M","M","E","R","B",null,"M","$","?","M","M","E","R","E"],"character_chosen":"DEFECT","items_purchased":["Reinforced Body","Tempest","PrismaticShard"],"campfire_rested":2,"item_purchase_floors":[3,7,19],"current_hp_per_floor":[75,75,75,75,68,68,68,68,68,61,61,61,55,35,57,40,75,66,66,66,26,5,5,27,0],"gold":105,"neow_bonus":"THREE_ENEMY_KILL","is_prod":false,"is_daily":false,"chose_seed":false,"campfire_upgraded":2,"win_rate":0,"timestamp":1559918318,"path_taken":["M","?","$","M","?","E","$","R","T","?","R","M","?","E","R","BOSS","M","$","?","?","M","E","R","E"],"build_version":"2019-01-23","purchased_purges":0,"victory":false,"max_hp_per_floor":[75,75,75,75,75,75,75,75,75,75,75,75,75,75,75,75,75,75,75,75,75,75,75,75,75],"card_choices":[{"not_picked":["Go for the Eyes","Turbo","Rebound"],"picked":"SKIP","floor":1},{"not_picked":["Self Repair","Static Discharge"],"picked":"Hologram","floor":4},{"not_picked":["Beam Cell","Lockon"],"picked":"Streamline","floor":6},{"not_picked":["Melter","Compile Driver"],"picked":"Hologram","floor":12},{"not_picked":["Sunder","Cold Snap"],"picked":"Gash","floor":13},{"not_picked":["Consume","Conserve Battery"],"picked":"Capacitor","floor":14},{"not_picked":["Core Surge","Multi-Cast"],"picked":"Echo Form","floor":16},{"not_picked":["Storm","Hologram"],"picked":"Defragment","floor":18},{"not_picked":["Skewer","Anger","Blade Dance"],"picked":"SKIP","floor":21},{"not_picked":["Masterful Stab","Anger","Havoc"],"picked":"SKIP","floor":22}],"player_experience":205185,"relics_obtained":[{"floor":6,"key":"StoneCalendar"},{"floor":9,"key":"Pantograph"},{"floor":14,"key":"MawBank"}],"event_choices":[{"damage_healed":0,"gold_gain":0,"player_choice":"Box","damage_taken":0,"relics_obtained":["Sundial"],"max_hp_gain":0,"max_hp_loss":0,"event_name":"Big Fish","floor":2,"gold_loss":0,"cards_obtained":["Regret"]},{"cards_removed":["Regret"],"damage_healed":0,"gold_gain":0,"player_choice":"Card Removal","damage_taken":7,"max_hp_gain":0,"max_hp_loss":0,"event_name":"Golden Wing","floor":5,"gold_loss":0},{"damage_healed":0,"gold_gain":0,"player_choice":"Damaged","damage_taken":7,"max_hp_gain":0,"max_hp_loss":0,"event_name":"Wheel of Change","floor":10,"gold_loss":0},{"damage_healed":0,"gold_gain":0,"player_choice":"Got Potions","damage_taken":0,"max_hp_gain":0,"max_hp_loss":0,"event_name":"Lab","floor":20,"gold_loss":0}],"is_beta":false,"boss_relics":[{"not_picked":["Astrolabe","Orrery"],"picked":"Snecko Eye"}],"items_purged_floors":[],"is_endless":false,"potions_floor_spawned":[4,6,22],"killed_by":"Gremlin Leader","ascension_level":3}