{"gold_per_floor":[111,111,41,61,13,13,44,56,56,73,90,15,48,59,59,164,164,174,174,194,2,20,46,46,58,58,58,76,89,89,105,105,105],"floor_reached":33,"playtime":1988,"items_purged":["Strike_B"],"score":459,"play_id":"f363bba2-0666-4ab6-9488-07dfd94ea613","local_time":"20190930120616","is_ascension_mode":true,"campfire_choices":[{"data":"Coolheaded","floor":6,"key":"SMITH"},{"floor":15,"key":"REST"},{"floor":24,"key":"REST"},{"floor":32,"key":"REST"}],"neow_cost":"NONE","seed_source_timestamp":64165937500200,"circlet_count":0,"master_deck":["AscendersBane","Strike_B","Strike_B","Strike_B","Defend_B","Defend_B","Defend_B","Defend_B","Zap","Dualcast","Barrage","Defragment","Coolheaded+1","Barrage","Defragment","Cold Snap","Conserve Battery","Electrodynamics","Cold Snap+1","Glacier","Defragment","Hologram","Force Field","Force Field+1"],"relics":["Cracked Core","NeowsBlessing","Darkstone Periapt","Bottled Lightning","Bronze Scales","Busted Crown","Nunchaku","Ice Cream","Orichalcum"],"potions_floor_usage":[13,13,16,29,31,33,33],"damage_taken":[{"damage":0,"enemies":"Cultist","floor":1,"turns":1},{"damage":0,"enemies":"Jaw Worm","floor":4,"turns":1},{"damage":0,"enemies":"3 Sentries","floor":7,"turns":1},{"damage":8,"enemies":"Small Slimes","floor":8,"turns":3},{"damage":20,"enemies":"Exordium Wildlife","floor":10,"turns":5},{"damage":2,"enemies":"Large Slime","floor":11,"turns":6},{"damage":10,"enemies":"Lagavulin","floor":13,"turns":7},{"damage":10,"enemies":"Looter","floor":14,"turns":2},{"damage":25,"enemies":"Slime Boss","floor":16,"turns":15},{"damage":7,"enemies":"Shell Parasite","floor":18,"turns":4},{"damage":0,"enemies":"Chosen","floor":20,"turns":5},{"damage":5,"enemies":"3 Cultists","floor":22,"turns":5},{"damage":27,"enemies":"Slavers","floor":23,"turns":3},{"damage":12,"enemies":"Centurion and Healer","floor":25,"turns":8},{"damage":10,"enemies":"Shelled Parasite and Fungi","floor":28,"turns":6},{"damage":4,"enemies":"Sentry and Sphere","floor":29,"turns":5},{"damage":0,"enemies":"Centurion and Healer","floor":31,"turns":8},{"damage":57,"enemies":"Champ","floor":33,"turns":16}],"seed_played":"8149870546142043946","potions_obtained":[{"floor":7,"key":"SpeedPotion"},{"floor":10,"key":"LiquidBronze"},{"floor":13,"key":"PowerPotion"},{"floor":20,"key":"Regen Potion"},{"floor":23,"key":"FocusPotion"},{"floor":25,"key":"Block Potion"},{"floor":29,"key":"Block Potion"}],"is_trial":false,"path_per_floor":["M","?","$","M","$","R","E","M","T","M","M","$","E","M","R","B",null,"M","?","M","$","M","E","R","M","T","?","M","M","T","M","R","B"],"character_chosen":"DEFECT","items_purchased":["Defragment","Coolheaded","Glacier","Defragment","Hologram"],"campfire_rested":3,"item_purchase_floors":[3,5,21,21,21],"current_hp_per_floor":[68,68,68,68,68,68,68,60,60,40,38,38,28,18,40,15,60,53,53,53,53,48,21,43,31,31,24,14,19,19,19,41,0],"gold":105,"neow_bonus":"THREE_ENEMY_KILL","is_prod":false,"is_daily":false,"chose_seed":false,"campfire_upgraded":1,"win_rate":0,"timestamp":1569837976,"path_taken":["M","?","?","M","?","R","E","M","T","?","M","$","E","M","R","BOSS","M","?","M","$","M","E","R","M","T","?","?","M","?","M","R","BOSS"],"build_version":"2019-07-17","purchased_purges":1,"victory":false,"max_hp_per_floor":[75,75,75,75,75,75,75,75,75,75,75,75,75,75,75,75,75,75,75,75,75,75,75,75,75,75,75,75,75,75,75,75,75],"card_choices":[{"not_picked":["Steam","Streamline"],"picked":"Barrage","floor":1},{"not_picked":["Streamline","Turbo","Stack"],"picked":"SKIP","floor":4},{"not_picked":["Doom and Gloom","Reprogram"],"picked":"Barrage","floor":7},{"not_picked":["Compile Driver","Sweeping Beam","Go for the Eyes"],"picked":"SKIP","floor":8},{"not_picked":["Coolheaded","Gash"],"picked":"Defragment","floor":10},{"not_picked":["Scrape","Stack","Darkness"],"picked":"SKIP","floor":11},{"not_picked":["Scrape","Gash"],"picked":"Cold Snap","floor":13},{"not_picked":["Fusion","Skim"],"picked":"Conserve Battery","floor":14},{"not_picked":["Seek","Multi-Cast"],"picked":"Electrodynamics","floor":16},{"not_picked":[],"picked":"Cold Snap+1","floor":18},{"not_picked":["Steam Power"],"picked":"SKIP","floor":20},{"not_picked":["Melter"],"picked":"SKIP","floor":22},{"not_picked":[],"picked":"Force Field","floor":23},{"not_picked":[],"picked":"Force Field+1","floor":25},{"not_picked":["Stack"],"picked":"SKIP","floor":28},{"not_picked":["Beam Cell"],"picked":"SKIP","floor":29},{"not_picked":["Go for the Eyes+1"],"picked":"SKIP","floor":31}],"player_experience":414759,"relics_obtained":[{"floor":7,"key":"Darkstone Periapt"},{"floor":9,"key":"Bottled Lightning"},{"floor":13,"key":"Bronze Scales"},{"floor":23,"key":"Nunchaku"},{"floor":26,"key":"Ice Cream"},{"floor":30,"key":"Orichalcum"}],"event_choices":[{"damage_healed":0,"gold_gain":0,"player_choice":"Bought 0 Potions","damage_taken":0,"max_hp_gain":0,"max_hp_loss":0,"event_name":"The Woman in Blue","floor":2,"gold_loss":0},{"damage_healed":0,"gold_gain":0,"player_choice":"Ignored","damage_taken":0,"max_hp_gain":0,"max_hp_loss":0,"event_name":"Beggar","floor":19,"gold_loss":0},{"damage_healed":0,"gold_gain":0,"player_choice":"Damaged","damage_taken":7,"max_hp_gain":0,"max_hp_loss":0,"event_name":"Wheel of Change","floor":27,"gold_loss":0}],"is_beta":false,"boss_relics":[{"not_picked":["Pandora\u0027s Box","Ectoplasm"],"picked":"Busted Crown"}],"items_purged_floors":[12],"is_endless":false,"potions_floor_spawned":[7,10,13,20,23,25,29],"killed_by":"Champ","ascension_level":10}