{"gold_per_floor":[110,185,185,185,26,58,58,89,89,117,127,127,52,8,8,83,83,94,111,69,80,180,206,222,254,254,288,288,168,168,168,168,243,243,259,275,108,122,46,73,73,108,108,122,139,156,156,190,190,190],"floor_reached":50,"playtime":2346,"items_purged":["Pain","Strike_R"],"score":1508,"play_id":"d238fa40-abd3-4008-8b06-ae4e1c4b03c6","local_time":"20190420222452","is_ascension_mode":true,"campfire_choices":[{"data":"1","floor":7,"key":"LIFT"},{"data":"2","floor":15,"key":"LIFT"},{"data":"3","floor":28,"key":"LIFT"},{"floor":30,"key":"RECALL"},{"floor":32,"key":"REST"},{"floor":47,"key":"REST"},{"floor":49,"key":"REST"}],"neow_cost":"NONE","seed_source_timestamp":272145497129876,"circlet_count":0,"master_deck":["AscendersBane","Bash+1","Sword Boomerang","Shrug It Off+1","Clothesline","Offering","Shrug It Off+1","Feel No Pain","Cleave+1","Carnage+1","Impervious","Headbutt+1","Battle Trance","Whirlwind+1","Sword Boomerang+1","Disarm+1","Shockwave","Iron Wave+1","Spot Weakness","Headbutt+1","Immolate+1","Hemokinesis+1","Juggernaut","Uppercut+1","Armaments","Sever Soul+1","Heavy Blade+1","Feel No Pain","Burning Pact","Flame Barrier","Flame Barrier","Battle Trance","Headbutt+1","Disarm","Pummel+1"],"relics":["Burning Blood","NeowsBlessing","Red Skull","WarpedTongs","Girya","Oddly Smooth Stone","Molten Egg 2","Ancient Tea Set","Fusion Hammer","Mango","Gremlin Horn","The Courier","Meat on the Bone","Ornamental Fan","Singing Bowl","Pandora\u0027s Box","War Paint","Letter Opener","Pantograph","Frozen Egg 2"],"potions_floor_usage":[23],"damage_taken":[{"damage":0,"enemies":"Small Slimes","floor":1,"turns":1},{"damage":0,"enemies":"3 Sentries","floor":6,"turns":2},{"damage":0,"enemies":"Gremlin Nob","floor":8,"turns":1},{"damage":18,"enemies":"Lagavulin","floor":10,"turns":7},{"damage":6,"enemies":"2 Louse","floor":11,"turns":2},{"damage":14,"enemies":"Hexaghost","floor":16,"turns":5},{"damage":9,"enemies":"Shell Parasite","floor":18,"turns":3},{"damage":11,"enemies":"3 Byrds","floor":19,"turns":4},{"damage":6,"enemies":"Centurion and Healer","floor":21,"turns":3},{"damage":0,"enemies":"Colosseum Slavers","floor":22,"turns":3},{"damage":22,"enemies":"Colosseum Nobs","floor":22,"turns":3},{"damage":0,"enemies":"Slavers","floor":23,"turns":2},{"damage":0,"enemies":"Cultist and Chosen","floor":24,"turns":3},{"damage":9,"enemies":"Gremlin Leader","floor":25,"turns":3},{"damage":6,"enemies":"Slavers","floor":27,"turns":1},{"damage":77,"enemies":"Champ","floor":33,"turns":8},{"damage":11,"enemies":"Orb Walker","floor":35,"turns":3},{"damage":6,"enemies":"3 Shapes","floor":36,"turns":1},{"damage":0,"enemies":"Jaw Worm Horde","floor":38,"turns":3},{"damage":0,"enemies":"Reptomancer","floor":40,"turns":3},{"damage":38,"enemies":"Nemesis","floor":42,"turns":7},{"damage":0,"enemies":"3 Darklings","floor":44,"turns":1},{"damage":20,"enemies":"Transient","floor":45,"turns":6},{"damage":10,"enemies":"Maw","floor":46,"turns":7},{"damage":25,"enemies":"Reptomancer","floor":48,"turns":4},{"damage":114,"enemies":"Donu and Deca","floor":50,"turns":7}],"seed_played":"-2076391570864882952","potions_obtained":[{"floor":1,"key":"Poison Potion"},{"floor":10,"key":"Regen Potion"},{"floor":18,"key":"FearPotion"},{"floor":25,"key":"Strength Potion"}],"is_trial":false,"path_per_floor":["M","?","?","?","$","E","R","E","T","E","M","?","?","$","R","B",null,"M","M","$","M","?","E","M","E","T","E","R","$","R","?","R","B",null,"M","M","$","M","$","E","?","E","T","M","M","M","R","E","R","B"],"character_chosen":"IRONCLAD","items_purchased":["Shrug It Off","Clothesline","Carnage+1","Battle Trance","Headbutt+1","Flame Barrier","War Paint","Battle Trance","Headbutt+1"],"campfire_rested":3,"item_purchase_floors":[5,5,14,20,29,37,37,39,39],"current_hp_per_floor":[74,63,58,58,58,64,64,70,70,58,58,35,35,35,35,27,63,60,55,55,55,59,65,71,68,68,68,68,68,68,68,89,30,74,69,69,69,77,77,83,83,63,63,71,59,57,86,69,98,0],"gold":190,"neow_bonus":"THREE_ENEMY_KILL","is_prod":false,"is_daily":false,"chose_seed":false,"campfire_upgraded":0,"win_rate":0,"timestamp":1555813492,"path_taken":["M","?","?","?","$","E","R","E","T","E","?","?","?","?","R","BOSS","M","M","$","M","?","E","M","E","T","E","R","$","R","?","R","BOSS","M","M","$","M","$","E","?","E","T","M","M","?","R","E","R","BOSS"],"build_version":"2019-01-23","purchased_purges":2,"victory":false,"max_hp_per_floor":[75,75,75,75,75,75,75,75,75,75,75,75,75,75,75,75,75,75,75,75,75,89,89,89,89,89,89,89,89,89,89,89,89,89,89,89,89,91,91,91,91,91,91,93,95,97,97,99,99,99],"card_choices":[{"not_picked":["Intimidate","True Grit"],"picked":"Sword Boomerang","floor":1},{"not_picked":["Clothesline","Twin Strike"],"picked":"Offering","floor":6},{"not_picked":["Twin Strike","Sword Boomerang"],"picked":"Shrug It Off","floor":8},{"not_picked":["Rampage+1","Rage"],"picked":"Feel No Pain","floor":10},{"not_picked":["Havoc","True Grit"],"picked":"Cleave+1","floor":11},{"not_picked":["Exhume","Double Tap"],"picked":"Impervious","floor":16},{"not_picked":["Wild Strike+1","Cleave+1","Seeing Red+1"],"picked":"SKIP","floor":18},{"not_picked":["Flex","Clothesline+1"],"picked":"Headbutt+1","floor":19},{"not_picked":["Havoc","True Grit"],"picked":"Whirlwind+1","floor":21},{"not_picked":["Havoc","Shrug It Off"],"picked":"Sword Boomerang+1","floor":22},{"not_picked":["Heavy Blade+1","Anger+1"],"picked":"Disarm","floor":23},{"not_picked":["True Grit","Feel No Pain"],"picked":"Shockwave","floor":24},{"not_picked":["Fire Breathing","Seeing Red"],"picked":"Iron Wave+1","floor":25},{"not_picked":["Ghostly Armor+1","Headbutt+1"],"picked":"Spot Weakness","floor":27},{"not_picked":["Bludgeon+1","Juggernaut"],"picked":"Immolate+1","floor":33},{"not_picked":["Body Slam+1","Sword Boomerang+1"],"picked":"Burning Pact","floor":35},{"not_picked":["Spot Weakness","Wild Strike+1"],"picked":"Flame Barrier","floor":36},{"not_picked":["Sword Boomerang+1","Iron Wave+1","Entrench"],"picked":"Singing Bowl","floor":38},{"not_picked":["Thunderclap+1","Infernal Blade"],"picked":"Disarm","floor":40},{"not_picked":["Heavy Blade+1","Havoc"],"picked":"Pummel+1","floor":42},{"not_picked":["Seeing Red","Armaments","True Grit"],"picked":"Singing Bowl","floor":44},{"not_picked":["Searing Blow+1","Flex+1","Headbutt+1"],"picked":"Singing Bowl","floor":45},{"not_picked":["Pommel Strike+1","Barricade","Warcry"],"picked":"Singing Bowl","floor":46},{"not_picked":["Dropkick+1","Perfected Strike+1","Cleave+1"],"picked":"Singing Bowl","floor":48}],"player_experience":739042,"relics_obtained":[{"floor":6,"key":"Girya"},{"floor":8,"key":"Oddly Smooth Stone"},{"floor":9,"key":"Molten Egg 2"},{"floor":10,"key":"Ancient Tea Set"},{"floor":22,"key":"Mango"},{"floor":22,"key":"Gremlin Horn"},{"floor":23,"key":"The Courier"},{"floor":25,"key":"Meat on the Bone"},{"floor":26,"key":"Ornamental Fan"},{"floor":27,"key":"Singing Bowl"},{"floor":40,"key":"Letter Opener"},{"floor":42,"key":"Pantograph"},{"floor":48,"key":"Frozen Egg 2"}],"event_choices":[{"damage_healed":0,"gold_gain":75,"player_choice":"Gather Gold","damage_taken":11,"max_hp_gain":0,"max_hp_loss":0,"event_name":"World of Goop","floor":2,"gold_loss":0},{"damage_healed":0,"gold_gain":0,"player_choice":"Success","damage_taken":5,"relics_obtained":["Red Skull"],"max_hp_gain":0,"max_hp_loss":0,"event_name":"Scrap Ooze","floor":3,"gold_loss":0},{"damage_healed":0,"gold_gain":0,"player_choice":"Rummage","damage_taken":0,"relics_obtained":["WarpedTongs"],"max_hp_gain":0,"max_hp_loss":0,"event_name":"Accursed Blacksmith","floor":4,"gold_loss":0,"cards_obtained":["Pain"]},{"damage_healed":0,"gold_gain":0,"player_choice":"Entered Light","damage_taken":23,"max_hp_gain":0,"max_hp_loss":0,"event_name":"Shining Light","floor":12,"gold_loss":0,"cards_upgraded":["Bash","Shrug It Off"]},{"cards_removed":["Strike_R"],"damage_healed":0,"gold_gain":0,"player_choice":"Card Removal","damage_taken":0,"max_hp_gain":0,"max_hp_loss":0,"event_name":"The Cleric","floor":13,"gold_loss":75},{"damage_healed":0,"gold_gain":0,"player_choice":"Fight","damage_taken":0,"max_hp_gain":0,"max_hp_loss":0,"event_name":"Colosseum","floor":22,"gold_loss":0},{"damage_healed":0,"gold_gain":0,"player_choice":"Fought Nobs","damage_taken":0,"max_hp_gain":0,"max_hp_loss":0,"event_name":"Colosseum","floor":22,"gold_loss":0},{"damage_healed":0,"gold_gain":0,"player_choice":"Ignored","damage_taken":0,"max_hp_gain":0,"max_hp_loss":0,"event_name":"The Mausoleum","floor":31,"gold_loss":0},{"damage_healed":0,"gold_gain":0,"player_choice":"Ignored","damage_taken":0,"max_hp_gain":0,"max_hp_loss":0,"event_name":"SecretPortal","floor":41,"gold_loss":0}],"is_beta":false,"boss_relics":[{"not_picked":["Runic Dome","Cursed Key"],"picked":"Fusion Hammer"},{"not_picked":["Lizard Tail","Philosopher\u0027s Stone"],"picked":"Pandora\u0027s Box"}],"items_purged_floors":[5,29],"is_endless":false,"potions_floor_spawned":[1,10,18,19,25,27,40,45,46,48],"killed_by":"Donu and Deca","ascension_level":20}