{"gold_per_floor":[112,132,144,164,439,439,457,457,457,66,100,100,100,125,125,225,225,238,258,258,268,268,268,287,287,311,311,323,323,352,363,363,465,465,476,492,537,89,14,14,43,55,355,380,393,393,393,427,427,427],"floor_reached":50,"playtime":4074,"items_purged":["Regret","Decay"],"score":756,"play_id":"1068b62f-8a6c-4288-8251-31e8ce97f687","local_time":"20190813203238","is_ascension_mode":true,"campfire_choices":[{"data":"Shockwave","floor":6,"key":"SMITH"},{"data":"Shrug It Off","floor":8,"key":"SMITH"},{"floor":13,"key":"REST"},{"data":"Shrug It Off","floor":15,"key":"SMITH"},{"data":"Demon Form","floor":23,"key":"SMITH"},{"data":"Shrug It Off","floor":25,"key":"SMITH"},{"data":"Bash","floor":27,"key":"SMITH"},{"data":"Defend_R","floor":32,"key":"SMITH"},{"floor":40,"key":"REST"},{"floor":49,"key":"REST"}],"neow_cost":"NONE","seed_source_timestamp":98709209148448,"circlet_count":0,"master_deck":["Strike_R","Strike_R","Strike_R+1","Strike_R","Strike_R","Defend_R+1","Defend_R+1","Defend_R+1","Defend_R","Bash+1","Shockwave+1","Shrug It Off+1","Metallicize+1","Dropkick+1","Shrug It Off+1","Demon Form+1","Whirlwind+1","Shrug It Off+1","Heavy Blade+1","Headbutt+1","Body Slam+1","Flash of Steel+1","Sword Boomerang+1","Pain","Heavy Blade+1","Doubt"],"relics":["Burning Blood","War Paint","Ancient Tea Set","Mummified Hand","Bag of Marbles","Matryoshka","Cursed Key","Molten Egg 2","Anchor","Blood Vial","Ornamental Fan","Fusion Hammer","Prayer Wheel","Chemical X","Strawberry","Art of War","Smiling Mask","Old Coin","Dream Catcher","PreservedInsect","Happy Flower"],"potions_floor_usage":[4,16,16,30,35,37,42,44,48,50],"damage_taken":[{"damage":0,"enemies":"Cultist","floor":1,"turns":4},{"damage":4,"enemies":"Small Slimes","floor":2,"turns":4},{"damage":5,"enemies":"2 Louse","floor":3,"turns":3},{"damage":6,"enemies":"Looter","floor":4,"turns":4},{"damage":27,"enemies":"Exordium Thugs","floor":7,"turns":6},{"damage":24,"enemies":"Gremlin Nob","floor":11,"turns":5},{"damage":12,"enemies":"Lagavulin","floor":14,"turns":7},{"damage":29,"enemies":"Hexaghost","floor":16,"turns":11},{"damage":12,"enemies":"Spheric Guardian","floor":18,"turns":4},{"damage":0,"enemies":"3 Byrds","floor":19,"turns":3},{"damage":7,"enemies":"Snake Plant","floor":21,"turns":4},{"damage":0,"enemies":"Centurion and Healer","floor":24,"turns":4},{"damage":9,"enemies":"Sentry and Sphere","floor":28,"turns":4},{"damage":16,"enemies":"Book of Stabbing","floor":30,"turns":7},{"damage":0,"enemies":"Snecko","floor":31,"turns":3},{"damage":27,"enemies":"Champ","floor":33,"turns":7},{"damage":5,"enemies":"3 Darklings","floor":35,"turns":4},{"damage":0,"enemies":"Orb Walker","floor":36,"turns":2},{"damage":8,"enemies":"2 Orb Walkers","floor":37,"turns":4},{"damage":7,"enemies":"Giant Head","floor":41,"turns":6},{"damage":4,"enemies":"Sphere and 2 Shapes","floor":42,"turns":4},{"damage":9,"enemies":"Nemesis","floor":44,"turns":5},{"damage":11,"enemies":"Transient","floor":45,"turns":5},{"damage":50,"enemies":"Reptomancer","floor":48,"turns":5},{"damage":67,"enemies":"Awakened One","floor":50,"turns":8}],"seed_played":"151923360166175466","potions_obtained":[{"floor":1,"key":"Block Potion"},{"floor":3,"key":"Strength Potion"},{"floor":11,"key":"Poison Potion"},{"floor":14,"key":"Strength Potion"},{"floor":18,"key":"Block Potion"},{"floor":19,"key":"GamblersBrew"},{"floor":24,"key":"Ancient Potion"},{"floor":33,"key":"AttackPotion"},{"floor":35,"key":"SkillPotion"},{"floor":41,"key":"SkillPotion"},{"floor":42,"key":"FearPotion"}],"is_trial":false,"path_per_floor":["M","M","M","M","?","R","M","R","T","$","E","?","R","E","R","B",null,"M","M","?","M","?","R","M","R","T","R","M","?","E","M","R","B",null,"M","M","?","$","?","R","E","M","T","E","M","?","T","E","R","B"],"character_chosen":"IRONCLAD","items_purchased":["Metallicize","Mummified Hand","Chemical X","Flash of Steel+1","Swift Potion"],"campfire_rested":3,"item_purchase_floors":[10,10,38,38,38],"current_hp_per_floor":[80,80,80,80,80,80,59,59,59,59,41,25,49,43,43,20,65,59,65,65,64,64,64,70,70,70,70,69,69,61,69,69,50,73,76,80,78,78,85,87,86,87,87,84,81,81,81,39,63,0],"gold":427,"neow_bonus":"RANDOM_COMMON_RELIC","is_prod":false,"is_daily":false,"chose_seed":false,"campfire_upgraded":7,"win_rate":0,"timestamp":1565721158,"path_taken":["M","M","?","M","?","R","?","R","T","$","E","?","R","E","R","BOSS","M","M","?","M","?","R","M","R","T","R","M","?","E","M","R","BOSS","M","M","?","$","?","R","E","M","T","E","?","?","?","E","R","BOSS"],"build_version":"2019-07-17","purchased_purges":2,"victory":false,"max_hp_per_floor":[80,80,80,80,80,80,80,80,80,80,80,80,80,80,80,80,80,80,80,80,80,80,80,80,80,80,80,80,80,80,80,80,80,80,80,80,80,80,87,87,87,87,87,87,87,83,83,83,83,83],"card_choices":[{"not_picked":["Seeing Red","Havoc"],"picked":"Shockwave","floor":1},{"not_picked":["Flex","Uppercut","Warcry"],"picked":"SKIP","floor":2},{"not_picked":["Fire Breathing","Wild Strike","Dual Wield"],"picked":"SKIP","floor":3},{"not_picked":["Shockwave","Power Through","Searing Blow"],"picked":"SKIP","floor":4},{"not_picked":["Feel No Pain","Burning Pact"],"picked":"Shrug It Off","floor":7},{"not_picked":["Feel No Pain","Armaments"],"picked":"Dropkick","floor":11},{"not_picked":["Infernal Blade","Clothesline"],"picked":"Shrug It Off","floor":14},{"not_picked":["Reaper","Brutality"],"picked":"Demon Form","floor":16},{"not_picked":["Headbutt","Blood for Blood+1"],"picked":"Whirlwind+1","floor":18},{"not_picked":["Headbutt+1","Dropkick","Hemokinesis"],"picked":"SKIP","floor":19},{"not_picked":["Pommel Strike+1","Searing Blow+1"],"picked":"Shrug It Off","floor":21},{"not_picked":["Corruption","Sever Soul+1","Second Wind"],"picked":"SKIP","floor":24},{"not_picked":["Clothesline+1","Infernal Blade"],"picked":"Headbutt+1","floor":28},{"not_picked":["Twin Strike+1","Uppercut+1"],"picked":"Body Slam+1","floor":30},{"not_picked":["Dual Wield","Armaments","Corruption+1"],"picked":"SKIP","floor":31},{"not_picked":["Twin Strike+1","Uppercut+1","Wild Strike+1"],"picked":"SKIP","floor":35},{"not_picked":["Wild Strike+1","Havoc","Iron Wave+1"],"picked":"SKIP","floor":36},{"not_picked":["Combust+1","True Grit","Body Slam+1"],"picked":"SKIP","floor":41},{"not_picked":["Armaments+1","Fiend Fire+1"],"picked":"Sword Boomerang+1","floor":42},{"not_picked":["Anger+1","Fire Breathing+1","Uppercut+1"],"picked":"SKIP","floor":42},{"not_picked":["Burning Pact+1","Entrench+1","Perfected Strike+1"],"picked":"SKIP","floor":44},{"not_picked":["Clash+1","Thunderclap+1"],"picked":"Heavy Blade+1","floor":45},{"not_picked":["Clothesline+1","Shrug It Off","Perfected Strike+1"],"picked":"SKIP","floor":45},{"not_picked":["Second Wind","Headbutt+1","Iron Wave+1"],"picked":"SKIP","floor":48}],"player_experience":299348,"relics_obtained":[{"floor":9,"key":"Ancient Tea Set"},{"floor":11,"key":"Bag of Marbles"},{"floor":14,"key":"Matryoshka"},{"floor":26,"key":"Anchor"},{"floor":26,"key":"Blood Vial"},{"floor":30,"key":"Ornamental Fan"},{"floor":37,"key":"Prayer Wheel"},{"floor":41,"key":"Art of War"},{"floor":43,"key":"Smiling Mask"},{"floor":43,"key":"Old Coin"},{"floor":44,"key":"Dream Catcher"},{"floor":47,"key":"PreservedInsect"},{"floor":48,"key":"Happy Flower"}],"event_choices":[{"damage_healed":0,"gold_gain":275,"player_choice":"Desecrate","damage_taken":0,"max_hp_gain":0,"max_hp_loss":0,"event_name":"Golden Shrine","floor":5,"gold_loss":0,"cards_obtained":["Regret"]},{"damage_healed":0,"gold_gain":0,"player_choice":"Entered Light","damage_taken":16,"max_hp_gain":0,"max_hp_loss":0,"event_name":"Shining Light","floor":12,"gold_loss":0,"cards_upgraded":["Metallicize","Strike_R"]},{"damage_healed":0,"gold_gain":0,"player_choice":"Opened","damage_taken":0,"relics_obtained":["Molten Egg 2"],"max_hp_gain":0,"max_hp_loss":0,"event_name":"The Mausoleum","floor":20,"gold_loss":0},{"damage_healed":0,"gold_gain":0,"player_choice":"Read","damage_taken":0,"max_hp_gain":0,"max_hp_loss":0,"event_name":"The Library","floor":22,"gold_loss":0,"cards_obtained":["Heavy Blade"]},{"damage_healed":0,"gold_gain":0,"player_choice":"Upgraded","damage_taken":0,"max_hp_gain":0,"max_hp_loss":0,"event_name":"Upgrade Shrine","floor":29,"gold_loss":0,"cards_upgraded":["Dropkick"]},{"damage_healed":0,"gold_gain":0,"player_choice":"Fight","damage_taken":0,"max_hp_gain":0,"max_hp_loss":0,"event_name":"Mysterious Sphere","floor":37,"gold_loss":0},{"damage_healed":0,"gold_gain":0,"player_choice":"Paid Gold","damage_taken":0,"relics_obtained":["Strawberry"],"max_hp_gain":0,"max_hp_loss":0,"event_name":"WeMeetAgain","floor":39,"gold_loss":75},{"damage_healed":0,"gold_gain":0,"player_choice":"Max HP","damage_taken":0,"max_hp_gain":0,"max_hp_loss":4,"event_name":"Winding Halls","floor":46,"gold_loss":0}],"is_beta":false,"boss_relics":[{"not_picked":["Pandora\u0027s Box","Black Blood"],"picked":"Cursed Key"},{"not_picked":["Runic Cube","Empty Cage"],"picked":"Fusion Hammer"}],"items_purged_floors":[10,38],"is_endless":false,"potions_floor_spawned":[1,3,11,14,18,19,24,33,35,41,42],"killed_by":"Awakened One","ascension_level":5}