{"gold_per_floor":[119,139,139,139,39,39,72,72,72,99,111,111,147,147,147,147],"floor_reached":16,"playtime":685,"items_purged":["Pain"],"score":232,"play_id":"22e4e5c2-a681-45bd-ac28-9a3dcc6d0cfa","local_time":"20190518153532","is_ascension_mode":true,"campfire_choices":[{"floor":6.0,"key":"REST"},{"floor":8,"key":"REST"},{"floor":15,"key":"REST"}],"neow_cost":"PERCENT_DAMAGE","seed_source_timestamp":143584712301697,"circlet_count":0,"master_deck":["AscendersBane","Defend_G","Defend_G","Defend_G","Defend_G","Defend_G","Strike_G","Strike_G","Strike_G","Strike_G","Strike_G","Survivor+1","Neutralize","Poisoned Stab","PiercingWail+1","Noxious Fumes","Adrenaline","Dash","Dagger Spray"],"special_seed":0,"relics":["Ring of the Snake","WingedGreaves","Strawberry","WarpedTongs","FossilizedHelix","Orichalcum","Darkstone Periapt","Golden Idol","War Paint","Oddly Smooth Stone"],"potions_floor_usage":[7,10,16],"damage_taken":[{"damage":6.0,"enemies":"Jaw Worm","floor":1.0,"turns":8.0},{"damage":0.0,"enemies":"Cultist","floor":2.0,"turns":3.0},{"damage":35,"enemies":"Lagavulin","floor":7,"turns":10},{"damage":8,"enemies":"3 Sentries","floor":10,"turns":8},{"damage":0,"enemies":"Small Slimes","floor":11,"turns":3},{"damage":21,"enemies":"Gremlin Nob","floor":13,"turns":5},{"damage":31,"enemies":"Slime Boss","floor":16,"turns":10}],"seed_played":"429459310636403375","potions_obtained":[{"floor":1.0,"key":"EntropicBrew"},{"floor":7,"key":"Block Potion"},{"floor":13,"key":"EssenceOfSteel"}],"is_trial":false,"path_per_floor":["M","M","?","?","$","R","E","R","T","E","M","?","E","T","R","B"],"character_chosen":"THE_SILENT","items_purchased":["PiercingWail"],"campfire_rested":3,"item_purchase_floors":[5],"current_hp_per_floor":[38,38,34,34,34,55,20,41,41,33,33,33,12,12,31,0],"gold":147,"neow_bonus":"ONE_RARE_RELIC","is_prod":false,"is_daily":false,"chose_seed":true,"campfire_upgraded":0,"win_rate":0,"timestamp":1558208132,"path_taken":["M","M","?","?","$","R","E","R","T","E","?","?","E","?","R","BOSS"],"build_version":"2019-01-23","purchased_purges":1,"victory":false,"max_hp_per_floor":[66,66,73,73,73,73,73,73,73,73,73,66,66,66,66,66],"card_choices":[{"not_picked":["Riddle With Holes","PiercingWail"],"picked":"Poisoned Stab","floor":1.0},{"not_picked":["Prepared","Bane","Underhanded Strike"],"picked":"SKIP","floor":2.0},{"not_picked":["Flying Knee","Choke"],"picked":"Noxious Fumes","floor":7},{"not_picked":["Burst","Deadly Poison"],"picked":"Adrenaline","floor":10},{"not_picked":["Prepared","Slice"],"picked":"Dash","floor":11},{"not_picked":["Flechettes","Skewer"],"picked":"Dagger Spray","floor":13}],"player_experience":837740,"relics_obtained":[{"floor":7,"key":"FossilizedHelix"},{"floor":9,"key":"Orichalcum"},{"floor":10,"key":"Darkstone Periapt"},{"floor":13,"key":"War Paint"},{"floor":14,"key":"Oddly Smooth Stone"}],"event_choices":[{"damage_healed":0.0,"max_hp_gain":0.0,"max_hp_loss":0.0,"gold_gain":0.0,"event_name":"Scrap Ooze","player_choice":"Success","floor":3.0,"gold_loss":0.0,"damage_taken":11.0,"relics_obtained":["Strawberry"]},{"damage_healed":0.0,"max_hp_gain":0.0,"max_hp_loss":0.0,"gold_gain":0.0,"event_name":"Accursed Blacksmith","player_choice":"Rummage","floor":4.0,"gold_loss":0.0,"damage_taken":0.0,"relics_obtained":["WarpedTongs"],"cards_obtained":["Pain"]},{"damage_healed":0,"gold_gain":0,"player_choice":"Lose Max HP","damage_taken":0,"relics_obtained":["Golden Idol"],"max_hp_gain":0,"max_hp_loss":7,"event_name":"Golden Idol","floor":12,"gold_loss":0}],"is_beta":false,"boss_relics":[],"items_purged_floors":[5],"is_endless":false,"potions_floor_spawned":[1,7,13],"killed_by":"Slime Boss","ascension_level":20}