{"gold_per_floor":[118,128,145,69,81,81,106,122,193,193,193,220,270,287,287,364,364,383,383,399,399,414,414],"floor_reached":23,"playtime":1615,"items_purged":[],"score":406,"play_id":"6a16f637-f36b-4b59-bd49-3fe2ac57b4e1","local_time":"20190622135325","is_ascension_mode":true,"campfire_choices":[{"data":"True Grit","floor":6.0,"key":"SMITH"},{"data":"Feel No Pain","floor":11.0,"key":"SMITH"},{"data":"Dark Embrace","floor":15,"key":"SMITH"}],"neow_cost":"PERCENT_DAMAGE","seed_source_timestamp":232626184989099,"circlet_count":0,"master_deck":["AscendersBane","Strike_R","Strike_R","Strike_R","Defend_R","Defend_R","Defend_R","Defend_R","Bash","Reckless Charge","Berserk","Thunderclap","True Grit+1","Clothesline","Feel No Pain+1","Feel No Pain+1","Dark Embrace+1","Shrug It Off","Feed","Uppercut+1","Second Wind","Headbutt+1","Carnage"],"special_seed":0,"relics":["Burning Blood","Oddly Smooth Stone","Dodecahedron","Nunchaku","Snecko Eye"],"potions_floor_usage":[16,23,23],"damage_taken":[{"damage":7.0,"enemies":"Jaw Worm","floor":1.0,"turns":4.0},{"damage":0.0,"enemies":"Small Slimes","floor":2.0,"turns":2.0},{"damage":0.0,"enemies":"Cultist","floor":3.0,"turns":3.0},{"damage":14.0,"enemies":"2 Fungi Beasts","floor":5.0,"turns":4.0},{"damage":24.0,"enemies":"Gremlin Nob","floor":7.0,"turns":4.0},{"damage":4.0,"enemies":"Red Slaver","floor":8.0,"turns":5.0},{"damage":8,"enemies":"3 Sentries","floor":12,"turns":14},{"damage":0,"enemies":"Large Slime","floor":14,"turns":8},{"damage":30,"enemies":"The Guardian","floor":16,"turns":14},{"damage":7,"enemies":"Shell Parasite","floor":18,"turns":13},{"damage":0,"enemies":"Spheric Guardian","floor":20,"turns":8},{"damage":29,"enemies":"Centurion and Healer","floor":22,"turns":7},{"damage":57,"enemies":"Gremlin Leader","floor":23,"turns":7}],"seed_played":"-2967424258221018169","potions_obtained":[{"floor":2.0,"key":"GamblersBrew"},{"floor":12,"key":"Dexterity Potion"},{"floor":14,"key":"LiquidBronze"},{"floor":18,"key":"Fire Potion"},{"floor":21,"key":"Fire Potion"}],"is_trial":false,"path_per_floor":["M","M","M","$","M","R","E","M","T","?","R","E","?","M","R","B",null,"M","?","M","?","M","E"],"character_chosen":"IRONCLAD","items_purchased":["Feel No Pain"],"campfire_rested":0,"item_purchase_floors":[4],"current_hp_per_floor":[49,55,61,61,53,53,35,37,37,37,37,35,35,41,41,17,61,63,63,72,72,52,0],"gold":414,"neow_bonus":"TRANSFORM_TWO_CARDS","is_prod":false,"is_daily":false,"chose_seed":false,"campfire_upgraded":3,"win_rate":0,"timestamp":1561226005,"path_taken":["M","M","M","$","M","R","E","M","T","?","R","E","?","M","R","BOSS","M","?","M","?","M","E"],"build_version":"2019-01-23","purchased_purges":0,"victory":false,"max_hp_per_floor":[75,75,75,75,75,75,75,75,75,75,75,75,75,75,75,75,75,78,78,81,81,84,84],"card_choices":[{"not_picked":["Flex","Warcry"],"picked":"Thunderclap","floor":1.0},{"not_picked":["Pummel","Wild Strike"],"picked":"True Grit","floor":2.0},{"not_picked":["Second Wind","Pommel Strike"],"picked":"Clothesline","floor":3.0},{"not_picked":["Entrench","Iron Wave","Clothesline"],"picked":"SKIP","floor":5.0},{"not_picked":["Uppercut","Evolve"],"picked":"Feel No Pain","floor":7.0},{"not_picked":["Thunderclap","Searing Blow","Perfected Strike"],"picked":"SKIP","floor":8.0},{"not_picked":["Flex","Power Through"],"picked":"Dark Embrace","floor":12},{"not_picked":["Power Through","Sword Boomerang"],"picked":"Shrug It Off","floor":14},{"not_picked":["Dark Embrace","Impervious"],"picked":"Feed","floor":16},{"not_picked":["Thunderclap","Inflame+1"],"picked":"Uppercut+1","floor":18},{"not_picked":["Pommel Strike","Flex"],"picked":"Headbutt+1","floor":20},{"not_picked":["Cleave","Heavy Blade"],"picked":"Carnage","floor":22}],"player_experience":938843,"relics_obtained":[{"floor":7.0,"key":"Oddly Smooth Stone"},{"floor":9.0,"key":"Dodecahedron"},{"floor":12,"key":"Nunchaku"}],"event_choices":[{"damage_healed":0.0,"max_hp_gain":0.0,"max_hp_loss":0.0,"gold_gain":0.0,"event_name":"Living Wall","player_choice":"Grow","floor":10.0,"gold_loss":0.0,"damage_taken":0.0,"cards_upgraded":["Feel No Pain"]},{"damage_healed":0,"gold_gain":50,"player_choice":"Pray","damage_taken":0,"max_hp_gain":0,"max_hp_loss":0,"event_name":"Golden Shrine","floor":13,"gold_loss":0},{"damage_healed":0,"gold_gain":0,"player_choice":"Read","damage_taken":0,"max_hp_gain":0,"max_hp_loss":0,"event_name":"The Library","floor":19,"gold_loss":0,"cards_obtained":["Second Wind"]},{"damage_healed":0,"gold_gain":0,"player_choice":"Got Potions","damage_taken":0,"max_hp_gain":0,"max_hp_loss":0,"event_name":"Lab","floor":21,"gold_loss":0}],"is_beta":false,"boss_relics":[{"not_picked":["Philosopher\u0027s Stone","Lizard Tail"],"picked":"Snecko Eye"}],"items_purged_floors":[],"is_endless":false,"potions_floor_spawned":[2,12,14,18],"killed_by":"Gremlin Leader","ascension_level":20}