{"gold_per_floor":[114,114,129,129,204,204,218,218,244,268,306,336,367,379],"floor_reached":14,"playtime":494,"items_purged":[],"score":92,"play_id":"585092f0-e6f8-4f95-a7c5-4087627bf220","local_time":"20190926055948","is_ascension_mode":false,"campfire_choices":[{"data":"Spot Weakness","floor":6,"key":"SMITH"},{"floor":8,"key":"REST"}],"neow_cost":"NONE","seed_source_timestamp":1177825148704100,"circlet_count":0,"master_deck":["Strike_R","Strike_R","Strike_R","Strike_R","Strike_R","Defend_R","Defend_R","Defend_R","Defend_R","Bash","Spot Weakness+1","Disarm","Regret","Limit Break","Bludgeon","Blood for Blood","Armaments"],"relics":["Runic Cube","Self Forming Clay","MawBank","Ginger"],"potions_floor_usage":[13,13,14],"damage_taken":[{"damage":1,"enemies":"Jaw Worm","floor":1,"turns":5},{"damage":3,"enemies":"2 Louse","floor":3,"turns":3},{"damage":12,"enemies":"Small Slimes","floor":7,"turns":4},{"damage":9,"enemies":"Looter","floor":10,"turns":5},{"damage":37,"enemies":"Gremlin Nob","floor":11,"turns":4},{"damage":9,"enemies":"2 Fungi Beasts","floor":12,"turns":4},{"damage":13,"enemies":"Exordium Wildlife","floor":13,"turns":3},{"damage":29,"enemies":"3 Sentries","floor":14,"turns":8}],"seed_played":"6668238201716626452","potions_obtained":[{"floor":1,"key":"SpeedPotion"},{"floor":10,"key":"SpeedPotion"},{"floor":11,"key":"SteroidPotion"},{"floor":12,"key":"BloodPotion"}],"is_trial":false,"path_per_floor":["M","?","M","?","?","R","M","R","T","M","E","M","M","E"],"character_chosen":"IRONCLAD","items_purchased":[],"campfire_rested":1,"item_purchase_floors":[],"current_hp_per_floor":[79,79,76,76,65,65,53,77,77,68,31,22,29,0],"gold":379,"neow_bonus":"BOSS_RELIC","is_prod":false,"is_daily":false,"chose_seed":false,"campfire_upgraded":1,"win_rate":0,"timestamp":1569491988,"path_taken":["M","?","M","?","?","R","?","R","T","M","E","M","M","E"],"build_version":"2019-07-17","purchased_purges":0,"victory":false,"max_hp_per_floor":[80,80,80,80,80,80,80,80,80,80,80,80,80,80],"card_choices":[{"not_picked":["Burning Pact","Ghostly Armor"],"picked":"Spot Weakness","floor":1},{"not_picked":["Havoc","Evolve"],"picked":"Disarm","floor":3},{"not_picked":["Sentinel","Wild Strike","Shrug It Off"],"picked":"SKIP","floor":7},{"not_picked":["Perfected Strike","Clash"],"picked":"Limit Break","floor":10},{"not_picked":["Clash","Headbutt"],"picked":"Bludgeon","floor":11},{"not_picked":["Clash","Disarm"],"picked":"Blood for Blood","floor":12},{"not_picked":["Iron Wave","Twin Strike"],"picked":"Armaments","floor":13}],"player_experience":94884,"relics_obtained":[{"floor":9,"key":"MawBank"},{"floor":11,"key":"Ginger"}],"event_choices":[{"damage_healed":0,"gold_gain":0,"player_choice":"Ignored","damage_taken":0,"max_hp_gain":0,"max_hp_loss":0,"event_name":"Liars Game","floor":2,"gold_loss":0},{"damage_healed":0,"gold_gain":0,"player_choice":"Box","damage_taken":0,"relics_obtained":["Self Forming Clay"],"max_hp_gain":0,"max_hp_loss":0,"event_name":"Big Fish","floor":4,"gold_loss":0,"cards_obtained":["Regret"]},{"damage_healed":0,"gold_gain":75,"player_choice":"Gather Gold","damage_taken":11,"max_hp_gain":0,"max_hp_loss":0,"event_name":"World of Goop","floor":5,"gold_loss":0}],"is_beta":false,"boss_relics":[],"items_purged_floors":[],"is_endless":false,"potions_floor_spawned":[1,10,11,12],"killed_by":"3 Sentries","ascension_level":0}