{"gold_per_floor":[109,129,211,161,0,0,0,10,10,10,20,20,20,34,34,137,137,137,137,137,137,137,137,137,137,137,63,63,63,63,63,63,63,63,63,63,63,63,63,63,63,14,14,14],"floor_reached":44,"playtime":3104,"items_purged":[],"score":600,"play_id":"cfad3696-a19d-4dee-84ee-d4da4b2103cc","local_time":"20190927121940","is_ascension_mode":true,"campfire_choices":[{"data":"Infinite Blades","floor":6,"key":"SMITH"},{"data":"Crippling Poison","floor":13,"key":"SMITH"},{"data":"Neutralize","floor":15,"key":"SMITH"},{"floor":23,"key":"REST"},{"floor":25,"key":"REST"},{"floor":30,"key":"REST"},{"floor":32,"key":"REST"},{"floor":40,"key":"REST"}],"neow_cost":"PERCENT_DAMAGE","seed_source_timestamp":4373004736600,"circlet_count":0,"master_deck":["Strike_G","Strike_G","Strike_G","Defend_G","Defend_G","Defend_G","Defend_G","Survivor","Neutralize+1","Secret Weapon","Dark Shackles","Noxious Fumes+1","Infinite Blades+1","Bouncing Flask","Infinite Blades+1","Crippling Poison+1","Night Terror","Prepared+1","RitualDagger","Well Laid Plans","Footwork","A Thousand Cuts","Acrobatics","Noxious Fumes","Escape Plan","Cloak And Dagger","Tools of the Trade","Madness","Madness","Acrobatics"],"relics":["Ring of the Snake","Ninja Scroll","Pear","Ectoplasm","Nilry\u0027s Codex","Strawberry","Art of War","Boot","Orrery","Dodecahedron","Shuriken"],"potions_floor_usage":[16,16,16,22,24,41,41],"damage_taken":[{"damage":1,"enemies":"Cultist","floor":1,"turns":5},{"damage":1,"enemies":"Small Slimes","floor":2,"turns":4},{"damage":0,"enemies":"2 Louse","floor":8,"turns":3},{"damage":0,"enemies":"2 Fungi Beasts","floor":11,"turns":3},{"damage":4,"enemies":"Red Slaver","floor":14,"turns":3},{"damage":20,"enemies":"Slime Boss","floor":16,"turns":8},{"damage":9,"enemies":"Chosen","floor":18,"turns":4},{"damage":5,"enemies":"Shell Parasite","floor":22,"turns":7},{"damage":33,"enemies":"3 Cultists","floor":24,"turns":6},{"damage":32,"enemies":"Book of Stabbing","floor":28,"turns":6},{"damage":14,"enemies":"Shelled Parasite and Fungi","floor":31,"turns":6},{"damage":38,"enemies":"Automaton","floor":33,"turns":11},{"damage":6,"enemies":"3 Shapes","floor":35,"turns":6},{"damage":1,"enemies":"Orb Walker","floor":37,"turns":4},{"damage":75,"enemies":"Giant Head","floor":41,"turns":9},{"damage":5,"enemies":"3 Darklings","floor":44,"turns":1}],"seed_played":"-7517245728494502571","potions_obtained":[{"floor":2,"key":"EssenceOfSteel"},{"floor":11,"key":"Energy Potion"},{"floor":14,"key":"Dexterity Potion"},{"floor":16,"key":"GhostInAJar"},{"floor":18,"key":"SkillPotion"},{"floor":31,"key":"AttackPotion"},{"floor":33,"key":"Strength Potion"},{"floor":35,"key":"SpeedPotion"}],"is_trial":false,"path_per_floor":["M","M","T","?","$","R","$","M","T","?","M","?","R","M","R","B",null,"M","?","?","?","M","R","M","R","T","$","E","T","R","M","R","B",null,"M","?","M","?","?","R","E","$","T","M"],"character_chosen":"THE_SILENT","items_purchased":["Infinite Blades","Bouncing Flask","Footwork","Acrobatics"],"campfire_rested":5,"item_purchase_floors":[5,5,27,42],"current_hp_per_floor":[44,43,43,43,43,43,43,43,53,37,37,37,37,33,33,13,63,54,48,48,32,27,51,18,42,49,49,17,17,43,29,55,17,70,64,64,63,63,52,78,3,3,3,0],"gold":14,"neow_bonus":"RANDOM_COLORLESS_2","is_prod":false,"is_daily":false,"chose_seed":false,"campfire_upgraded":3,"win_rate":0,"timestamp":1569579580,"path_taken":["M","?","?","?","$","R","$","M","T","?","M","?","R","M","R","BOSS","M","?","?","?","M","R","M","R","T","$","E","?","R","M","R","BOSS","M","?","M","?","?","R","E","$","T","M"],"build_version":"2019-07-17","purchased_purges":0,"victory":false,"max_hp_per_floor":[70,70,70,70,70,70,70,70,80,80,80,80,80,80,80,80,80,80,80,80,80,80,80,80,80,87,87,87,87,87,87,87,87,87,87,87,87,87,87,87,87,87,87,87],"card_choices":[{"not_picked":["Bane","Deflect","Flying Knee"],"picked":"SKIP","floor":1},{"not_picked":["Dodge and Roll","Crippling Poison"],"picked":"Noxious Fumes","floor":2},{"not_picked":["Deadly Poison","Sucker Punch"],"picked":"Infinite Blades","floor":8},{"not_picked":["Concentrate","Distraction"],"picked":"Crippling Poison","floor":11},{"not_picked":["Setup","Distraction","Flying Knee"],"picked":"SKIP","floor":14},{"not_picked":["Venomology","Wraith Form v2"],"picked":"Night Terror","floor":16},{"not_picked":["Sucker Punch+1","Flechettes"],"picked":"Prepared+1","floor":18},{"not_picked":["Deflect","Bane"],"picked":"Well Laid Plans","floor":22},{"not_picked":["Prepared","Poisoned Stab","Finisher"],"picked":"SKIP","floor":24},{"not_picked":["Deadly Poison+1","Poisoned Stab","Flying Knee"],"picked":"SKIP","floor":28},{"not_picked":["Terror","Concentrate","Eviscerate+1"],"picked":"SKIP","floor":31},{"not_picked":["Malaise","Phantasmal Killer"],"picked":"A Thousand Cuts","floor":33},{"not_picked":["Dagger Spray+1","All Out Attack"],"picked":"Acrobatics","floor":34},{"not_picked":["Infinite Blades+1","Deflect"],"picked":"Noxious Fumes","floor":34},{"not_picked":["Flying Knee+1","Slice+1"],"picked":"Escape Plan","floor":34},{"not_picked":["Dagger Throw+1","Concentrate"],"picked":"Cloak And Dagger","floor":34},{"not_picked":["Bane","Sucker Punch","Quick Slash"],"picked":"SKIP","floor":35},{"not_picked":["Sucker Punch+1","Quick Slash+1"],"picked":"Tools of the Trade","floor":37},{"not_picked":["Predator","Terror","Corpse Explosion"],"picked":"SKIP","floor":41}],"player_experience":398919,"relics_obtained":[{"floor":3,"key":"Ninja Scroll"},{"floor":9,"key":"Pear"},{"floor":21,"key":"Nilry\u0027s Codex"},{"floor":26,"key":"Strawberry"},{"floor":28,"key":"Art of War"},{"floor":29,"key":"Boot"},{"floor":41,"key":"Dodecahedron"},{"floor":43,"key":"Shuriken"}],"event_choices":[{"cards_removed":["Defend_G"],"damage_healed":0,"gold_gain":0,"player_choice":"Card Removal","damage_taken":0,"max_hp_gain":0,"max_hp_loss":0,"event_name":"The Cleric","floor":4,"gold_loss":50},{"damage_healed":0,"gold_gain":0,"player_choice":"Entered Light","damage_taken":16,"max_hp_gain":0,"max_hp_loss":0,"event_name":"Shining Light","floor":10,"gold_loss":0,"cards_upgraded":["Infinite Blades","Noxious Fumes"]},{"cards_removed":["Strike_G"],"damage_healed":0,"gold_gain":0,"player_choice":"Offered Basic","damage_taken":0,"max_hp_gain":0,"max_hp_loss":0,"event_name":"Bonfire Elementals","floor":12,"gold_loss":0},{"damage_healed":0,"gold_gain":0,"player_choice":"Joined the Cult","damage_taken":6,"max_hp_gain":0,"max_hp_loss":0,"event_name":"Nest","floor":19,"gold_loss":0,"cards_obtained":["RitualDagger"]},{"damage_healed":0,"gold_gain":0,"player_choice":"Obtained Book","damage_taken":16,"max_hp_gain":0,"max_hp_loss":0,"event_name":"Cursed Tome","floor":21,"gold_loss":0},{"cards_removed":["Strike_G"],"damage_healed":0,"gold_gain":0,"player_choice":"Removed Attack","damage_taken":0,"max_hp_gain":0,"max_hp_loss":0,"event_name":"Falling","floor":36,"gold_loss":0},{"damage_healed":0,"gold_gain":0,"player_choice":"Ignored","damage_taken":0,"max_hp_gain":0,"max_hp_loss":0,"event_name":"Mysterious Sphere","floor":38,"gold_loss":0},{"damage_healed":0,"gold_gain":0,"player_choice":"Embrace Madness","damage_taken":11,"max_hp_gain":0,"max_hp_loss":0,"event_name":"Winding Halls","floor":39,"gold_loss":0,"cards_obtained":["Madness","Madness"]}],"is_beta":false,"boss_relics":[{"not_picked":["Empty Cage","Lizard Tail"],"picked":"Ectoplasm"},{"not_picked":["White Beast Statue","Snecko Eye"],"picked":"Orrery"}],"items_purged_floors":[],"is_endless":false,"potions_floor_spawned":[2,11,14,16,18,31,33,35,37],"killed_by":"3 Darklings","ascension_level":6}