{"gold_per_floor":[144,189,189,234,279,369,414,504,504,594,594,639,729,904,904,1204,1204,1249,1294,1339,1384,1307,1397,1496,1496],"floor_reached":25,"playtime":884,"items_purged":[],"score":355,"play_id":"ba6de9ff-87f7-4ace-82cb-2c2e79992bd9","local_time":"20180728121205","daily_mods":["Shiny","Midas","Elite Swarm"],"is_ascension_mode":false,"campfire_choices":[{"floor":11,"key":"REST"},{"floor":15,"key":"REST"}],"neow_cost":"","seed_source_timestamp":0,"circlet_count":0,"master_deck":["Multi-Cast","Hyperbeam","Thunder Strike","Biased Cognition","Machine Learning","Electrodynamics","Buffer","Rainbow","Seek","Meteor Strike","Echo Form","All For One","Reboot","Amplify","Creative AI","Fission","Core Surge","Ball Lightning","Glacier","Creative AI","Tempest","Electrodynamics","Beam Cell","Core Surge","Echo Form","Auto Shields","Core Surge","Doubt","Amplify","Stack","Beam Cell","Sweeping Beam+1","Reinforced Body+1","J.A.X.","Buffer"],"special_seed":17740,"relics":["Cracked Core","Lantern","Cables","Gremlin Horn","Incense Burner","Sundial","Potion Belt","Runic Dome","Anchor"],"potions_floor_usage":[6,8,16,20,23,23],"damage_taken":[{"damage":0,"enemies":"Jaw Worm","floor":1,"turns":2},{"damage":0,"enemies":"2 Louse","floor":2,"turns":1},{"damage":0,"enemies":"Small Slimes","floor":4,"turns":1},{"damage":16,"enemies":"Exordium Wildlife","floor":5,"turns":2},{"damage":14,"enemies":"Gremlin Nob","floor":6,"turns":4},{"damage":0,"enemies":"Large Slime","floor":7,"turns":4},{"damage":0,"enemies":"Lagavulin","floor":8,"turns":5},{"damage":14,"enemies":"Gremlin Nob","floor":10,"turns":3},{"damage":12,"enemies":"Gremlin Gang","floor":12,"turns":3},{"damage":0,"enemies":"3 Sentries","floor":13,"turns":3},{"damage":36,"enemies":"Hexaghost","floor":16,"turns":5},{"damage":0,"enemies":"Chosen","floor":18,"turns":3},{"damage":14,"enemies":"Shell Parasite","floor":19,"turns":4},{"damage":2,"enemies":"Snake Plant","floor":20,"turns":2},{"damage":1,"enemies":"Snecko","floor":21,"turns":3},{"damage":24,"enemies":"Book of Stabbing","floor":23,"turns":4},{"damage":34,"enemies":"Slavers","floor":25,"turns":2}],"seed_played":"2203350338382633815","potions_obtained":[{"floor":4,"key":"SneckoOil"},{"floor":6,"key":"LiquidBronze"},{"floor":7,"key":"Regen Potion"},{"floor":8,"key":"Strength Potion"},{"floor":12,"key":"Swift Potion"},{"floor":18,"key":"Explosive Potion"},{"floor":19,"key":"SkillPotion"}],"is_trial":false,"path_per_floor":["M","M","?","M","M","E","M","E","T","E","R","M","E","?","R","B",null,"M","M","M","M","?","E","?"],"character_chosen":"DEFECT","items_purchased":[],"campfire_rested":2,"item_purchase_floors":[],"current_hp_per_floor":[75,75,68,68,52,38,38,52,52,38,60,48,48,48,70,34,75,75,61,59,58,58,34,34,0],"gold":1496,"neow_bonus":"","is_prod":false,"is_daily":true,"chose_seed":false,"campfire_upgraded":0,"win_rate":0,"timestamp":1532754725,"path_taken":["M","M","?","M","M","E","M","E","T","E","R","M","E","?","R","BOSS","M","M","?","M","?","E","?","E"],"build_version":"2018-07-26","purchased_purges":0,"victory":false,"max_hp_per_floor":[75,75,75,75,75,75,75,75,75,75,75,75,75,75,75,75,75,75,75,75,75,75,75,75,75],"card_choices":[{"not_picked":["Barrage","Beam Cell"],"picked":"Ball Lightning","floor":1},{"not_picked":["Auto Shields","Ball Lightning"],"picked":"Glacier","floor":2},{"not_picked":["Undo","Chill"],"picked":"Creative AI","floor":4},{"not_picked":["Tempest","Streamline","Cold Snap"],"picked":"SKIP","floor":5},{"not_picked":["Streamline","Cold Snap"],"picked":"Tempest","floor":5},{"not_picked":["Thunder Strike","Rainbow"],"picked":"Electrodynamics","floor":6},{"not_picked":["Steam Power","Force Field"],"picked":"Beam Cell","floor":7},{"not_picked":["Thunder Strike","Machine Learning"],"picked":"Core Surge","floor":8},{"not_picked":["Amplify","Electrodynamics"],"picked":"Echo Form","floor":10},{"not_picked":["Beam Cell","Scrape"],"picked":"Auto Shields","floor":12},{"not_picked":["Thunder Strike","Rainbow"],"picked":"Core Surge","floor":13},{"not_picked":["Reboot","Creative AI"],"picked":"Amplify","floor":16},{"not_picked":["Turbo","Stack","Gash"],"picked":"SKIP","floor":18},{"not_picked":["Turbo","Gash"],"picked":"Stack","floor":18},{"not_picked":["Stack","Turbo"],"picked":"Beam Cell","floor":19},{"not_picked":["Cold Snap+1","Barrage+1"],"picked":"Sweeping Beam+1","floor":20},{"not_picked":["Coolheaded","Rebound"],"picked":"Reinforced Body+1","floor":21},{"not_picked":["Machine Learning","Seek"],"picked":"Buffer","floor":23}],"player_experience":261854,"relics_obtained":[{"floor":6,"key":"Cables"},{"floor":8,"key":"Gremlin Horn"},{"floor":9,"key":"Incense Burner"},{"floor":10,"key":"Sundial"},{"floor":13,"key":"Potion Belt"},{"floor":23,"key":"Anchor"}],"event_choices":[{"event_name":"Scrap Ooze","player_choice":"success","floor":3,"damage_taken":7},{"event_name":"Liars Game","player_choice":"agreed","floor":14,"damage_taken":0},{"event_name":"Drug Dealer","player_choice":"Got JAXXED","floor":22,"damage_taken":0},{"event_name":"Nest","player_choice":"Stole From Cult","floor":24,"damage_taken":0}],"is_beta":true,"boss_relics":[{"not_picked":["Empty Cage","Runic Pyramid"],"picked":"Runic Dome"}],"items_purged_floors":[],"is_endless":false,"potions_floor_spawned":[4,6,7,8,12,18,19],"killed_by":"Slavers","ascension_level":0}