{"gold_per_floor":[117,117,127,141,154,154,185,185,255,255,285,305,322,340,340,436,486,504,522,522,118,137,137],"floor_reached":23,"playtime":2840,"items_purged":["Defend_B"],"score":230,"play_id":"71ee11e9-c5b9-4852-90d0-f867ff25be80","local_time":"20190727154806","is_ascension_mode":false,"campfire_choices":[{"data":"Loop","floor":6,"key":"SMITH"},{"data":"Darkness","floor":8,"key":"SMITH"},{"data":"Zap","floor":10,"key":"SMITH"},{"floor":15,"key":"REST"}],"neow_cost":"NONE","seed_source_timestamp":66997289339086,"circlet_count":0,"master_deck":["Strike_B","Strike_B","Strike_B","Strike_B","Defend_B+1","Defend_B","Defend_B","Zap+1","Dualcast","Core Surge","Conserve Battery","Capacitor","Loop+1","Glacier","Darkness+1","Redo","Stack","Force Field","Defragment","Electrodynamics","Compile Driver","Streamline+1","Leap","Defragment","HandOfGreed","Lockon","Sweeping Beam+1"],"relics":["Cracked Core","Mango","Vajra","Tiny House"],"potions_floor_usage":[16,16],"damage_taken":[{"damage":3,"enemies":"Jaw Worm","floor":1,"turns":4},{"damage":2,"enemies":"2 Louse","floor":3,"turns":2},{"damage":1,"enemies":"Cultist","floor":4,"turns":4},{"damage":23,"enemies":"Exordium Wildlife","floor":5,"turns":7},{"damage":7,"enemies":"Lagavulin","floor":7,"turns":10},{"damage":18,"enemies":"3 Sentries","floor":11,"turns":5},{"damage":2,"enemies":"Blue Slaver","floor":12,"turns":4},{"damage":1,"enemies":"2 Fungi Beasts","floor":13,"turns":3},{"damage":5,"enemies":"Looter","floor":14,"turns":2},{"damage":1,"enemies":"The Guardian","floor":16,"turns":10},{"damage":7,"enemies":"Shell Parasite","floor":18,"turns":8},{"damage":20,"enemies":"Spheric Guardian","floor":19,"turns":4},{"damage":30,"enemies":"Snake Plant","floor":22,"turns":4},{"damage":37,"enemies":"Slavers","floor":23,"turns":2}],"seed_played":"-8946932803213310589","potions_obtained":[{"floor":7,"key":"Ancient Potion"},{"floor":12,"key":"Strength Potion"},{"floor":13,"key":"Fire Potion"},{"floor":14,"key":"FocusPotion"},{"floor":16,"key":"Explosive Potion"},{"floor":17,"key":"Ancient Potion"}],"is_trial":false,"path_per_floor":["M","?","M","M","M","R","E","R","T","R","E","M","M","M","R","B",null,"M","M","?","$","M","E"],"character_chosen":"DEFECT","items_purchased":["Defragment","HandOfGreed","Lockon"],"campfire_rested":1,"item_purchase_floors":[21,21,21],"current_hp_per_floor":[72,72,70,69,46,46,53,53,53,53,35,33,32,27,53,52,94,87,67,67,67,37,0],"gold":137,"neow_bonus":"ONE_RANDOM_RARE_CARD","is_prod":false,"is_daily":false,"chose_seed":false,"campfire_upgraded":3,"win_rate":0,"timestamp":1564260486,"path_taken":["M","?","M","M","M","R","E","R","T","R","E","M","M","M","R","BOSS","M","M","?","$","M","E"],"build_version":"2019-07-17","purchased_purges":1,"victory":false,"max_hp_per_floor":[75,75,75,75,75,75,89,89,89,89,89,89,89,89,89,89,94,94,94,94,94,94,94],"card_choices":[{"not_picked":["Steam","Beam Cell"],"picked":"Conserve Battery","floor":1},{"not_picked":["Consume","Double Energy"],"picked":"Capacitor","floor":3},{"not_picked":["Steam Power","Sweeping Beam"],"picked":"Loop","floor":4},{"not_picked":["Doom and Gloom","Redo"],"picked":"Glacier","floor":5},{"not_picked":["Hologram","Gash"],"picked":"Darkness","floor":7},{"not_picked":["Double Energy","Static Discharge"],"picked":"Redo","floor":11},{"not_picked":["Reinforced Body","Barrage"],"picked":"Stack","floor":12},{"not_picked":["Hologram","Aggregate"],"picked":"Force Field","floor":13},{"not_picked":["Compile Driver","Stack"],"picked":"Defragment","floor":14},{"not_picked":["Seek","Meteor Strike"],"picked":"Electrodynamics","floor":16},{"not_picked":["Blizzard","Rebound"],"picked":"Compile Driver","floor":17},{"not_picked":["Go for the Eyes+1","Turbo"],"picked":"Streamline+1","floor":18},{"not_picked":["Barrage+1","Recycle"],"picked":"Leap","floor":19},{"not_picked":["Glacier","Beam Cell"],"picked":"Sweeping Beam+1","floor":22}],"player_experience":144616,"relics_obtained":[{"floor":7,"key":"Mango"},{"floor":11,"key":"Vajra"}],"event_choices":[{"damage_healed":0,"gold_gain":0,"player_choice":"Ignored","damage_taken":0,"max_hp_gain":0,"max_hp_loss":0,"event_name":"Liars Game","floor":2,"gold_loss":0},{"damage_healed":0,"gold_gain":0,"player_choice":"Ignored","damage_taken":0,"max_hp_gain":0,"max_hp_loss":0,"event_name":"NoteForYourself","floor":20,"gold_loss":0}],"is_beta":false,"boss_relics":[{"not_picked":["Pandora\u0027s Box","Snecko Eye"],"picked":"Tiny House"}],"items_purged_floors":[21],"is_endless":false,"potions_floor_spawned":[7,12,13,14,16,19,22],"killed_by":"Slavers","ascension_level":0}