{"gold_per_floor":[109,109,125,141,164,197,217,242,321,321,362,362,385,62,62,156,156,170,183,183,80,94,94,135,35,35,35,35,50,64,102,102,191,191,216,235,253,586,24,24,37,37,64,78,107,126,0,17,17,17,17],"floor_reached":52,"playtime":2876,"items_purged":["Strike_R","Strike_R","Strike_R"],"score":1976,"play_id":"a79a35ee-9f4f-4650-9ee0-4ba5118fc556","local_time":"20190927103616","is_ascension_mode":true,"campfire_choices":[{"data":"Inflame","floor":10.0,"key":"SMITH"},{"floor":12.0,"key":"REST"},{"data":"Strike_R","floor":15.0,"key":"PURGE"},{"data":"Inflame","floor":23.0,"key":"SMITH"},{"data":"Strike_R","floor":28.0,"key":"PURGE"},{"data":"Heavy Blade","floor":32.0,"key":"SMITH"},{"data":"Heavy Blade","floor":40,"key":"SMITH"},{"data":"Heavy Blade","floor":42,"key":"SMITH"},{"data":"Spot Weakness","floor":49,"key":"SMITH"}],"neow_cost":"NONE","seed_source_timestamp":898794968922400,"circlet_count":0,"master_deck":["AscendersBane","Defend_R","Defend_R","Defend_R","Defend_R","Bash","Spot Weakness+1","Headbutt","Pummel","Battle Trance","Inflame+1","Offering","Disarm+1","Panacea","Shrug It Off","Reaper","Inflame+1","Heavy Blade+1","Offering","Heavy Blade+1","Reaper","Power Through","Impervious","Heavy Blade+1","Pummel+1","Impervious","Battle Trance","Sword Boomerang+1"],"special_seed":0,"relics":["Burning Blood","Peace Pipe","Dodecahedron","Eternal Feather","Vajra","Sozu","Unceasing Top","Ginger","PreservedInsect","Runic Cube","Question Card","Orichalcum","Anchor","Red Skull","Red Mask"],"potions_floor_usage":[],"damage_taken":[{"damage":7.0,"enemies":"Jaw Worm","floor":1.0,"turns":4.0},{"damage":3.0,"enemies":"Small Slimes","floor":3.0,"turns":3.0},{"damage":2.0,"enemies":"Cultist","floor":4.0,"turns":4.0},{"damage":5.0,"enemies":"3 Louse","floor":5.0,"turns":5.0},{"damage":30.0,"enemies":"Lagavulin","floor":6.0,"turns":6.0},{"damage":9.0,"enemies":"Red Slaver","floor":7.0,"turns":5.0},{"damage":13.0,"enemies":"Large Slime","floor":8.0,"turns":4.0},{"damage":31.0,"enemies":"3 Sentries","floor":11.0,"turns":7.0},{"damage":7.0,"enemies":"Looter","floor":13.0,"turns":2.0},{"damage":6.0,"enemies":"Slime Boss","floor":16.0,"turns":5.0},{"damage":16.0,"enemies":"3 Byrds","floor":18.0,"turns":5.0},{"damage":10.0,"enemies":"Chosen","floor":19.0,"turns":4.0},{"damage":29.0,"enemies":"Snecko","floor":22.0,"turns":6.0},{"damage":31.0,"enemies":"Gremlin Leader","floor":24.0,"turns":4.0},{"damage":12.0,"enemies":"Chosen and Byrds","floor":29.0,"turns":4.0},{"damage":6.0,"enemies":"Centurion and Healer","floor":30.0,"turns":5.0},{"damage":43.0,"enemies":"Slavers","floor":31.0,"turns":3.0},{"damage":110.0,"enemies":"Automaton","floor":33.0,"turns":9.0},{"damage":17.0,"enemies":"Orb Walker","floor":35.0,"turns":3.0},{"damage":21.0,"enemies":"3 Darklings","floor":36.0,"turns":6.0},{"damage":25,"enemies":"Jaw Worm Horde","floor":37,"turns":5},{"damage":9,"enemies":"Sphere and 2 Shapes","floor":41,"turns":5},{"damage":6,"enemies":"Spire Growth","floor":44,"turns":3},{"damage":24,"enemies":"Giant Head","floor":45,"turns":5},{"damage":13,"enemies":"4 Shapes","floor":46,"turns":7},{"damage":30,"enemies":"Sphere and 2 Shapes","floor":48,"turns":10},{"damage":94,"enemies":"Awakened One","floor":50,"turns":9},{"damage":32,"enemies":"Time Eater","floor":51,"turns":6}],"seed_played":"-2503981990142358262","potions_obtained":[{"floor":0.0,"key":"SmokeBomb"},{"floor":0.0,"key":"Energy Potion"},{"floor":3.0,"key":"Fruit Juice"},{"floor":4.0,"key":"SpeedPotion"},{"floor":5.0,"key":"AttackPotion"},{"floor":11.0,"key":"HeartOfIron"}],"is_trial":false,"path_per_floor":["M","?","M","M","M","E","M","M","T","R","E","R","M","$","R","B",null,"M","M","?","$","M","R","E","$","T","?","R","M","M","E","R","B",null,"M","M","M","?","$","R","M","R","T","M","E","M","?","M","R","B","B",null],"character_chosen":"IRONCLAD","items_purchased":["Vajra","Panacea","Shrug It Off","Heavy Blade","Question Card","Orichalcum"],"campfire_rested":1,"item_purchase_floors":[14,14,14,21,39,39],"current_hp_per_floor":[67,67,73,73,73,49,46,39,39,39,14,44,43,43,55,55,69,73,73,73,73,59,71,73,73,73,73,73,67,73,61,73,23,61,61,73,73,73,73,73,73,73,73,73,67,73,73,73,73,31,27],"gold":17,"neow_bonus":"THREE_SMALL_POTIONS","is_prod":false,"is_daily":false,"chose_seed":false,"campfire_upgraded":6,"win_rate":0,"timestamp":1569605776,"path_taken":["M","?","M","M","M","E","M","M","T","R","E","R","M","$","R","BOSS","M","M","?","?","M","R","E","$","T","?","R","M","?","E","R","BOSS","M","M","M","?","$","R","M","R","T","M","E","M","?","M","R","BOSS","BOSS"],"build_version":"2019-09-26","purchased_purges":3,"victory":true,"max_hp_per_floor":[75,68,73,73,73,73,73,73,73,73,73,73,73,73,73,73,73,73,73,73,73,73,73,73,73,73,73,73,73,73,73,73,73,73,73,73,73,73,73,73,73,73,73,73,73,73,73,73,73,73,73],"card_choices":[{"not_picked":["Heavy Blade","Sentinel"],"picked":"Spot Weakness","floor":1.0},{"not_picked":["Flex","Intimidate"],"picked":"Headbutt","floor":3.0},{"not_picked":["Dual Wield","Wild Strike"],"picked":"Pummel","floor":4.0},{"not_picked":["Evolve","Corruption"],"picked":"Battle Trance","floor":5.0},{"not_picked":["Thunderclap","True Grit"],"picked":"Inflame","floor":6.0},{"not_picked":["Inflame","Body Slam"],"picked":"Offering","floor":7.0},{"not_picked":["Iron Wave","Whirlwind","Wild Strike"],"picked":"SKIP","floor":8.0},{"not_picked":["Feel No Pain","Iron Wave"],"picked":"Disarm","floor":11.0},{"not_picked":["Cleave","True Grit","Reckless Charge"],"picked":"SKIP","floor":13.0},{"not_picked":["Brutality","Berserk"],"picked":"Reaper","floor":16.0},{"not_picked":["Headbutt","Havoc","Burning Pact"],"picked":"SKIP","floor":18.0},{"not_picked":["Havoc","Clothesline"],"picked":"Inflame","floor":19.0},{"not_picked":["Iron Wave","Combust"],"picked":"Offering","floor":22.0},{"not_picked":["Twin Strike","Reckless Charge+1"],"picked":"Heavy Blade","floor":24.0},{"not_picked":["True Grit","Seeing Red"],"picked":"Power Through","floor":29.0},{"not_picked":["Rage","Twin Strike","Thunderclap"],"picked":"SKIP","floor":30.0},{"not_picked":["Twin Strike","Warcry","Reckless Charge"],"picked":"SKIP","floor":31.0},{"not_picked":["Feed","Fiend Fire"],"picked":"Impervious","floor":33.0},{"not_picked":["Shockwave+1","Wild Strike","Sever Soul"],"picked":"SKIP","floor":35.0},{"not_picked":["Pommel Strike","Cleave+1","Clash"],"picked":"SKIP","floor":36.0},{"not_picked":["Anger","Sword Boomerang+1"],"picked":"Heavy Blade","floor":37},{"not_picked":["Flex","Sentinel","Clash"],"picked":"Pummel+1","floor":41},{"not_picked":["True Grit","Corruption","Searing Blow","Wild Strike"],"picked":"SKIP","floor":44},{"not_picked":["Uppercut","Corruption","Clash"],"picked":"Impervious","floor":45},{"not_picked":["Armaments+1","Wild Strike","Twin Strike"],"picked":"Battle Trance","floor":46},{"not_picked":["Perfected Strike","Clash+1","Clothesline"],"picked":"Sword Boomerang+1","floor":48}],"player_experience":1053189,"relics_obtained":[{"floor":6.0,"key":"Peace Pipe"},{"floor":9.0,"key":"Dodecahedron"},{"floor":11.0,"key":"Eternal Feather"},{"floor":24.0,"key":"Unceasing Top"},{"floor":26.0,"key":"Ginger"},{"floor":31.0,"key":"PreservedInsect"},{"floor":43,"key":"Anchor"},{"floor":45,"key":"Red Skull"}],"event_choices":[{"damage_healed":0.0,"max_hp_gain":0.0,"max_hp_loss":7.0,"gold_gain":0.0,"event_name":"Golden Idol","player_choice":"Lose Max HP","floor":2.0,"gold_loss":0.0,"damage_taken":0.0,"relics_obtained":["Golden Idol"]},{"damage_healed":0.0,"max_hp_gain":0.0,"max_hp_loss":0.0,"gold_gain":0.0,"event_name":"Upgrade Shrine","player_choice":"Upgraded","floor":20.0,"gold_loss":0.0,"damage_taken":0.0,"cards_upgraded":["Disarm"]},{"damage_healed":0.0,"max_hp_gain":0.0,"max_hp_loss":0.0,"gold_gain":0.0,"event_name":"Duplicator","player_choice":"Copied","floor":27.0,"gold_loss":0.0,"damage_taken":0.0,"cards_obtained":["Reaper"]},{"damage_healed":0,"gold_gain":333,"player_choice":"Gave Idol","damage_taken":0,"max_hp_gain":0,"max_hp_loss":0,"event_name":"The Moai Head","floor":38,"relics_lost":["Golden Idol"],"gold_loss":0},{"damage_healed":0,"gold_gain":0,"player_choice":"Paid","damage_taken":0,"relics_obtained":["Red Mask"],"max_hp_gain":0,"max_hp_loss":0,"event_name":"Tomb of Lord Red Mask","floor":47,"gold_loss":126}],"is_beta":true,"boss_relics":[{"not_picked":["SacredBark","Calling Bell"],"picked":"Sozu"},{"not_picked":["Mark of Pain","Runic Dome"],"picked":"Runic Cube"}],"items_purged_floors":[21,25,39],"is_endless":false,"potions_floor_spawned":[3,4,5,11,19,22,33,44,45,46],"ascension_level":20}