{"gold_per_floor":[119,137,147,147,161,161,199,124,124,124,157,71,71,84,84,182,182,202,223,238,76,76,76,76,76,128,157,171,202,213,231,231,231],"floor_reached":33,"playtime":1418,"items_purged":[],"score":619,"play_id":"dd0c1792-6d66-427e-b478-6e24a891db3c","local_time":"20190428224420","is_ascension_mode":true,"campfire_choices":[{"data":"Perfected Strike","floor":6,"key":"SMITH"},{"data":"Bash","floor":10,"key":"SMITH"},{"data":"Inflame","floor":15,"key":"SMITH"},{"data":"Inflame","floor":23,"key":"SMITH"},{"data":"True Grit","floor":32,"key":"SMITH"}],"neow_cost":"NONE","seed_source_timestamp":600280125395580,"circlet_count":0,"master_deck":["AscendersBane","Strike_R","Strike_R","Strike_R","Strike_R","Defend_R","Defend_R","Defend_R+1","Defend_R","Bash+1","Impervious+1","Perfected Strike+1","Pommel Strike","Metallicize","Clothesline","Pommel Strike","Inflame+1","Impervious","Pommel Strike","Pommel Strike","Inflame+1","Pummel+1","Evolve","Headbutt","True Grit+1"],"relics":["Burning Blood","Bloody Idol","Peace Pipe","Unceasing Top","Ice Cream","Snecko Eye","Bronze Scales","Strawberry","Mercury Hourglass"],"potions_floor_usage":[7,16,27,28,33,33],"damage_taken":[{"damage":0,"enemies":"Small Slimes","floor":1,"turns":3},{"damage":0,"enemies":"2 Louse","floor":2,"turns":3},{"damage":2,"enemies":"Jaw Worm","floor":3,"turns":4},{"damage":10,"enemies":"3 Louse","floor":5,"turns":4},{"damage":7,"enemies":"Lagavulin","floor":7,"turns":6},{"damage":25,"enemies":"3 Sentries","floor":11,"turns":10},{"damage":10,"enemies":"Exordium Wildlife","floor":14,"turns":5},{"damage":9,"enemies":"The Guardian","floor":16,"turns":13},{"damage":0,"enemies":"3 Byrds","floor":18,"turns":5},{"damage":11,"enemies":"2 Thieves","floor":19,"turns":4},{"damage":0,"enemies":"Centurion and Healer","floor":20,"turns":4},{"damage":29,"enemies":"Book of Stabbing","floor":27,"turns":4},{"damage":0,"enemies":"Cultist and Chosen","floor":28,"turns":5},{"damage":30,"enemies":"Gremlin Leader","floor":29,"turns":6},{"damage":15,"enemies":"Snake Plant","floor":30,"turns":3},{"damage":20,"enemies":"Centurion and Healer","floor":31,"turns":3},{"damage":35,"enemies":"Automaton","floor":33,"turns":6}],"seed_played":"-8987961906040821659","potions_obtained":[{"floor":1,"key":"Poison Potion"},{"floor":2,"key":"Energy Potion"},{"floor":11,"key":"Poison Potion"},{"floor":18,"key":"AttackPotion"},{"floor":28,"key":"SpeedPotion"},{"floor":29,"key":"Swift Potion"}],"is_trial":false,"path_per_floor":["M","M","M","?","M","R","E","?","T","R","E","$","?","M","R","B",null,"M","M","M","$","?","R","?","$","T","E","M","E","M","M","R","B"],"character_chosen":"IRONCLAD","items_purchased":["Inflame","Bronze Scales"],"campfire_rested":0,"item_purchase_floors":[12,21],"current_hp_per_floor":[74,75,75,68,64,64,63,63,63,63,44,44,24,20,20,17,55,61,56,62,62,62,62,62,62,67,56,67,48,44,35,35,0],"gold":231,"neow_bonus":"ONE_RANDOM_RARE_CARD","is_prod":false,"is_daily":false,"chose_seed":false,"campfire_upgraded":5,"win_rate":0,"timestamp":1556505860,"path_taken":["M","M","M","?","M","R","E","?","T","R","E","$","?","M","R","BOSS","M","M","M","$","?","R","?","?","T","E","?","E","?","M","R","BOSS"],"build_version":"2019-01-23","purchased_purges":0,"victory":false,"max_hp_per_floor":[75,75,75,68,68,68,68,68,68,68,68,68,68,68,68,68,68,68,68,68,68,68,68,68,68,68,75,75,75,75,75,75,75],"card_choices":[{"not_picked":["Rampage","Reckless Charge"],"picked":"Perfected Strike","floor":1},{"not_picked":["Thunderclap","Dropkick","Sentinel"],"picked":"SKIP","floor":2},{"not_picked":["Pummel","Clash"],"picked":"Pommel Strike","floor":3},{"not_picked":["Fire Breathing","Heavy Blade"],"picked":"Metallicize","floor":5},{"not_picked":["Perfected Strike","Flex"],"picked":"Clothesline","floor":7},{"not_picked":["Perfected Strike","Dark Embrace"],"picked":"Pommel Strike","floor":11},{"not_picked":["Armaments","Clash","Sword Boomerang"],"picked":"SKIP","floor":14},{"not_picked":["Bludgeon","Double Tap"],"picked":"Impervious","floor":16},{"not_picked":["Infernal Blade","Cleave"],"picked":"Pommel Strike","floor":18},{"not_picked":["Armaments","Seeing Red"],"picked":"Pommel Strike","floor":19},{"not_picked":["Burning Pact","Exhume"],"picked":"Inflame","floor":20},{"not_picked":["Rage","Anger+1"],"picked":"Pummel+1","floor":27},{"not_picked":["Reckless Charge","Flex"],"picked":"Evolve","floor":28},{"not_picked":["Perfected Strike","Searing Blow"],"picked":"Headbutt","floor":29},{"not_picked":["Rupture","Body Slam","Rage"],"picked":"SKIP","floor":30},{"not_picked":["Sword Boomerang","Armaments"],"picked":"True Grit","floor":31}],"player_experience":808027,"relics_obtained":[{"floor":7,"key":"Peace Pipe"},{"floor":9,"key":"Unceasing Top"},{"floor":11,"key":"Ice Cream"},{"floor":27,"key":"Strawberry"},{"floor":29,"key":"Mercury Hourglass"}],"event_choices":[{"damage_healed":0,"gold_gain":0,"player_choice":"Lose Max HP","damage_taken":0,"relics_obtained":["Golden Idol"],"max_hp_gain":0,"max_hp_loss":7,"event_name":"Golden Idol","floor":4,"gold_loss":0},{"cards_removed":["Strike_R"],"damage_healed":0,"gold_gain":0,"player_choice":"Card Removal","damage_taken":0,"max_hp_gain":0,"max_hp_loss":0,"event_name":"The Cleric","floor":8,"gold_loss":75},{"damage_healed":0,"gold_gain":0,"player_choice":"Entered Light","damage_taken":20,"max_hp_gain":0,"max_hp_loss":0,"event_name":"Shining Light","floor":13,"gold_loss":0,"cards_upgraded":["Defend_R","Impervious"]},{"damage_healed":0,"gold_gain":0,"player_choice":"Ignored","damage_taken":0,"max_hp_gain":0,"max_hp_loss":0,"event_name":"Ghosts","floor":22,"gold_loss":0},{"damage_healed":0,"gold_gain":0,"player_choice":"Gave Idol","damage_taken":0,"relics_obtained":["Bloody Idol"],"max_hp_gain":0,"max_hp_loss":0,"event_name":"Forgotten Altar","floor":24,"relics_lost":["Golden Idol"],"gold_loss":0}],"is_beta":false,"boss_relics":[{"not_picked":["Runic Pyramid","Pandora\u0027s Box"],"picked":"Snecko Eye"}],"items_purged_floors":[],"is_endless":false,"potions_floor_spawned":[1,2,3,11,18,19,28,29],"killed_by":"Automaton","ascension_level":20}