{"gold_per_floor":[117,67,67,81,99,99,132,132,132,168,186,186,199,199,199,323,323,341,341,73,92,105,105],"floor_reached":23,"playtime":773,"items_purged":[],"score":241,"play_id":"71622c95-3f47-4e9d-903c-37a8a4c5f047","local_time":"20190927073727","is_ascension_mode":true,"campfire_choices":[{"floor":6,"key":"RECALL"},{"floor":8,"key":"REST"},{"floor":15,"key":"REST"}],"neow_cost":"NONE","seed_source_timestamp":1269805214882300,"circlet_count":0,"master_deck":["Strike_R","Strike_R","Strike_R","Strike_R","Defend_R","Defend_R","Defend_R","Defend_R","Bash","Inflame","Injury","Spot Weakness","Spot Weakness","Twin Strike","Cleave","Hemokinesis","Double Tap","Anger","Feed","Inflame","Flame Barrier","Cleave+1","Heavy Blade"],"relics":["Velvet Choker","Golden Idol","Letter Opener","Blood Vial","Red Skull","Black Star","Nloth\u0027s Gift"],"potions_floor_usage":[7,16,21],"damage_taken":[{"damage":0,"enemies":"Small Slimes","floor":1,"turns":3},{"damage":1,"enemies":"Cultist","floor":4,"turns":3},{"damage":6,"enemies":"2 Louse","floor":5,"turns":3},{"damage":35,"enemies":"3 Sentries","floor":7,"turns":8},{"damage":35,"enemies":"Lagavulin","floor":10,"turns":6},{"damage":8,"enemies":"Blue Slaver","floor":11,"turns":2},{"damage":0,"enemies":"Lots of Slimes","floor":13,"turns":1},{"damage":39,"enemies":"Hexaghost","floor":16,"turns":6},{"damage":15,"enemies":"Chosen","floor":18,"turns":3},{"damage":24,"enemies":"Shell Parasite","floor":21,"turns":4},{"damage":34,"enemies":"Snake Plant","floor":22,"turns":5},{"damage":23,"enemies":"Gremlin Leader","floor":23,"turns":4}],"seed_played":"-4336036738572152325","potions_obtained":[{"floor":4,"key":"SkillPotion"},{"floor":7,"key":"Dexterity Potion"},{"floor":13,"key":"LiquidBronze"},{"floor":18,"key":"Energy Potion"}],"is_trial":false,"path_per_floor":["M","?","?","M","M","R","E","R","T","E","M","?","M","?","R","B",null,"M","?","$","M","M","E"],"character_chosen":"IRONCLAD","items_purchased":["Feed","Inflame","Flame Barrier"],"campfire_rested":2,"item_purchase_floors":[20,20,20],"current_hp_per_floor":[80,80,80,79,73,73,38,62,62,29,23,23,25,25,49,12,80,65,65,65,46,14,0],"gold":105,"neow_bonus":"BOSS_RELIC","is_prod":false,"is_daily":false,"chose_seed":false,"campfire_upgraded":0,"win_rate":0,"timestamp":1569584247,"path_taken":["M","?","?","M","M","R","E","R","T","E","M","?","?","?","R","BOSS","M","?","$","M","M","E"],"build_version":"2019-07-17","purchased_purges":0,"victory":false,"max_hp_per_floor":[80,80,80,80,80,80,80,80,80,80,80,80,80,80,80,80,80,80,80,80,83,83,83],"card_choices":[{"not_picked":["Anger","Blood for Blood"],"picked":"Inflame","floor":1},{"not_picked":["Sword Boomerang","Twin Strike"],"picked":"Spot Weakness","floor":4},{"not_picked":["Feel No Pain","Flex"],"picked":"Spot Weakness","floor":5},{"not_picked":["Metallicize","Headbutt"],"picked":"Twin Strike","floor":7},{"not_picked":["Perfected Strike","Iron Wave"],"picked":"Cleave","floor":10},{"not_picked":["Armaments","Warcry","Twin Strike"],"picked":"SKIP","floor":11},{"not_picked":["Havoc","Wild Strike","Headbutt"],"picked":"SKIP","floor":13},{"not_picked":["Sentinel","Iron Wave"],"picked":"Hemokinesis","floor":15},{"not_picked":["Exhume","Bludgeon"],"picked":"Double Tap","floor":16},{"not_picked":["Clothesline","Battle Trance"],"picked":"Anger","floor":18},{"not_picked":["Sentinel","Searing Blow"],"picked":"Cleave+1","floor":21},{"not_picked":["Sentinel","Armaments"],"picked":"Heavy Blade","floor":22}],"player_experience":114496,"relics_obtained":[{"floor":7,"key":"Letter Opener"},{"floor":9,"key":"Blood Vial"},{"floor":10,"key":"Red Skull"}],"event_choices":[{"cards_removed":["Strike_R"],"damage_healed":0,"gold_gain":0,"player_choice":"Card Removal","damage_taken":0,"max_hp_gain":0,"max_hp_loss":0,"event_name":"The Cleric","floor":2,"gold_loss":50},{"damage_healed":0,"gold_gain":0,"player_choice":"Take Wound","damage_taken":0,"relics_obtained":["Golden Idol"],"max_hp_gain":0,"max_hp_loss":0,"event_name":"Golden Idol","floor":3,"gold_loss":0,"cards_obtained":["Injury"]},{"damage_healed":0,"gold_gain":0,"player_choice":"Gave Potion","damage_taken":0,"relics_obtained":["Dream Catcher"],"max_hp_gain":0,"max_hp_loss":0,"event_name":"WeMeetAgain","floor":12,"gold_loss":0},{"damage_healed":0,"gold_gain":0,"player_choice":"Ignored","damage_taken":0,"max_hp_gain":0,"max_hp_loss":0,"event_name":"Liars Game","floor":14,"gold_loss":0},{"damage_healed":0,"gold_gain":0,"player_choice":"Traded Relic","damage_taken":0,"relics_obtained":["Nloth\u0027s Gift"],"max_hp_gain":0,"max_hp_loss":0,"event_name":"N\u0027loth","floor":19,"relics_lost":["Dream Catcher"],"gold_loss":0}],"is_beta":false,"boss_relics":[{"not_picked":["White Beast Statue","Ectoplasm"],"picked":"Black Star"}],"items_purged_floors":[],"is_endless":false,"potions_floor_spawned":[4,7,13,18],"killed_by":"Gremlin Leader","ascension_level":4}