{"gold_per_floor":[119,119,136,136,155,155,168,168,213,227,227,227,1,16,16,16],"floor_reached":16,"playtime":471,"items_purged":["Strike_R"],"score":110,"play_id":"38637e0d-d64b-4c48-9c06-7e5cc710505d","local_time":"20190606163836","is_ascension_mode":true,"campfire_choices":[{"data":"Thunderclap","floor":6,"key":"SMITH"},{"data":"Corruption","floor":11,"key":"SMITH"},{"data":"Bash","floor":15,"key":"SMITH"}],"neow_cost":"NONE","seed_source_timestamp":284675681109948,"circlet_count":0,"master_deck":["Strike_R","Strike_R","Strike_R","Defend_R","Defend_R","Defend_R","Defend_R","Bash+1","Corruption+1","Thunderclap+1"],"relics":["Burning Blood","Centennial Puzzle","Gremlin Horn","Anchor","Juzu Bracelet","PreservedInsect"],"potions_floor_usage":[16],"damage_taken":[{"damage":7,"enemies":"Small Slimes","floor":1,"turns":4},{"damage":6,"enemies":"Cultist","floor":3,"turns":3},{"damage":14,"enemies":"Jaw Worm","floor":5,"turns":4},{"damage":18,"enemies":"Red Slaver","floor":7,"turns":3},{"damage":1,"enemies":"2 Fungi Beasts","floor":10,"turns":3},{"damage":0,"enemies":"Exordium Wildlife","floor":14,"turns":3},{"damage":96,"enemies":"The Guardian","floor":16,"turns":16}],"seed_played":"2539674180705562923","potions_obtained":[{"floor":3,"key":"AttackPotion"},{"floor":10,"key":"Block Potion"}],"is_trial":false,"path_per_floor":["M","?","M","?","M","R","M","T","T","M","R","?","$","M","R","B"],"character_chosen":"IRONCLAD","items_purchased":["PreservedInsect"],"campfire_rested":0,"item_purchase_floors":[13],"current_hp_per_floor":[79,79,79,84,76,76,64,64,64,69,69,69,69,75,75,0],"gold":16,"neow_bonus":"RANDOM_COMMON_RELIC","is_prod":false,"is_daily":false,"chose_seed":false,"campfire_upgraded":3,"win_rate":0,"timestamp":1559831916,"path_taken":["M","?","?","?","M","R","M","?","T","?","R","?","$","M","R","BOSS"],"build_version":"2019-01-23","purchased_purges":1,"victory":false,"max_hp_per_floor":[80,80,80,85,85,85,85,85,85,85,85,85,85,85,85,85],"card_choices":[{"not_picked":["Wild Strike","Sword Boomerang","Warcry"],"picked":"SKIP","floor":1},{"not_picked":["Anger","Havoc"],"picked":"Corruption","floor":3},{"not_picked":["Carnage","Sword Boomerang"],"picked":"Thunderclap","floor":5},{"not_picked":["Armaments","Body Slam","Anger"],"picked":"SKIP","floor":7},{"not_picked":["Spot Weakness","Perfected Strike","Corruption"],"picked":"SKIP","floor":10},{"not_picked":["Wild Strike","Disarm","Metallicize"],"picked":"SKIP","floor":14}],"player_experience":193547,"relics_obtained":[{"floor":8,"key":"Gremlin Horn"},{"floor":9,"key":"Anchor"}],"event_choices":[{"cards_removed":["Strike_R"],"damage_healed":0,"gold_gain":0,"player_choice":"Offered Basic","damage_taken":0,"max_hp_gain":0,"max_hp_loss":0,"event_name":"Bonfire Elementals","floor":2,"gold_loss":0},{"damage_healed":0,"gold_gain":0,"player_choice":"Donut","damage_taken":0,"max_hp_gain":5,"max_hp_loss":0,"event_name":"Big Fish","floor":4,"gold_loss":0},{"damage_healed":0,"gold_gain":0,"player_choice":"Gave Potion","damage_taken":0,"relics_obtained":["Juzu Bracelet"],"max_hp_gain":0,"max_hp_loss":0,"event_name":"WeMeetAgain","floor":12,"gold_loss":0}],"is_beta":false,"boss_relics":[],"items_purged_floors":[13],"is_endless":false,"potions_floor_spawned":[3,10],"killed_by":"The Guardian","ascension_level":4}