{"gold_per_floor":[109,109,109,34,34,64,64,95,95,128,138,138,163,179,179,256,256,271,281,29,29,29,29],"floor_reached":23,"playtime":4567,"items_purged":["Strike_R","Strike_R"],"score":477,"play_id":"43215a79-ad9e-4b2e-af22-3df0002a6938","local_time":"20190626235459","is_ascension_mode":true,"campfire_choices":[{"data":"Entrench","floor":15,"key":"SMITH"}],"neow_cost":"NONE","seed_source_timestamp":264296413033794,"circlet_count":0,"master_deck":["AscendersBane","Strike_R","Defend_R+1","Defend_R+1","Defend_R","Defend_R","Bash","Metallicize","Second Wind","Shockwave","Entrench+1","Burning Pact","Bludgeon+1","Pummel+1","Body Slam+1","Reaper+1","Spot Weakness","Bludgeon+1"],"relics":["Burning Blood","NeowsBlessing","Blue Candle","Paper Frog","Singing Bowl","Molten Egg 2","Boot","Ancient Tea Set","Coffee Dripper","MutagenicStrength"],"potions_floor_usage":[10,13,16,18,19],"damage_taken":[{"damage":0,"enemies":"Jaw Worm","floor":1,"turns":1},{"damage":0,"enemies":"3 Sentries","floor":6,"turns":2},{"damage":0,"enemies":"Gremlin Nob","floor":8,"turns":1},{"damage":22,"enemies":"3 Sentries","floor":10,"turns":14},{"damage":0,"enemies":"2 Louse","floor":11,"turns":3},{"damage":13,"enemies":"Gremlin Nob","floor":13,"turns":3},{"damage":0,"enemies":"Small Slimes","floor":14,"turns":2},{"damage":26,"enemies":"The Guardian","floor":16,"turns":11},{"damage":13,"enemies":"2 Thieves","floor":18,"turns":4},{"damage":15,"enemies":"Spheric Guardian","floor":19,"turns":4},{"damage":86,"enemies":"Gremlin Leader","floor":23,"turns":6}],"seed_played":"9043656910845396326","potions_obtained":[{"floor":1,"key":"LiquidBronze"},{"floor":10,"key":"LiquidBronze"},{"floor":11,"key":"Poison Potion"},{"floor":16,"key":"Energy Potion"},{"floor":18,"key":"SpeedPotion"}],"is_trial":false,"path_per_floor":["M","?","?","$","T","E","?","E","T","E","M","?","E","M","R","B",null,"M","M","$","?","?","E"],"character_chosen":"IRONCLAD","items_purchased":["Bludgeon+1"],"campfire_rested":0,"item_purchase_floors":[20],"current_hp_per_floor":[74,51,51,51,51,57,62,68,68,52,58,47,40,46,46,26,67,70,66,66,66,66,0],"gold":29,"neow_bonus":"THREE_ENEMY_KILL","is_prod":false,"is_daily":false,"chose_seed":false,"campfire_upgraded":1,"win_rate":0,"timestamp":1561611299,"path_taken":["M","?","?","?","?","E","?","E","T","E","M","?","E","M","R","BOSS","M","M","$","?","?","E"],"build_version":"2019-01-23","purchased_purges":2,"victory":false,"max_hp_per_floor":[75,75,75,75,75,75,80,80,80,80,80,80,80,80,80,80,80,82,82,82,82,82,82],"card_choices":[{"not_picked":["Pommel Strike","Warcry"],"picked":"Metallicize","floor":1},{"not_picked":["Metallicize","Wild Strike"],"picked":"Shockwave","floor":6},{"not_picked":["True Grit","Iron Wave"],"picked":"Entrench","floor":8},{"not_picked":["Disarm","Warcry"],"picked":"Burning Pact","floor":10},{"not_picked":["True Grit","Headbutt+1"],"picked":"Bludgeon+1","floor":11},{"not_picked":["Intimidate","Thunderclap+1"],"picked":"Pummel+1","floor":13},{"not_picked":["Flex","Iron Wave+1"],"picked":"Body Slam+1","floor":14},{"not_picked":["Limit Break","Juggernaut"],"picked":"Reaper+1","floor":16},{"not_picked":["Heavy Blade+1","Perfected Strike+1","Anger+1"],"picked":"Singing Bowl","floor":18},{"not_picked":["Perfected Strike+1","Armaments"],"picked":"Spot Weakness","floor":19}],"player_experience":1404464,"relics_obtained":[{"floor":5,"key":"Blue Candle"},{"floor":6,"key":"Paper Frog"},{"floor":8,"key":"Singing Bowl"},{"floor":9,"key":"Molten Egg 2"},{"floor":10,"key":"Boot"},{"floor":13,"key":"Ancient Tea Set"}],"event_choices":[{"damage_healed":0,"gold_gain":0,"player_choice":"Entered Light","damage_taken":23,"max_hp_gain":0,"max_hp_loss":0,"event_name":"Shining Light","floor":2,"gold_loss":0,"cards_upgraded":["Defend_R","Defend_R"]},{"damage_healed":0,"gold_gain":0,"cards_transformed":["Strike_R"],"player_choice":"Change","damage_taken":0,"max_hp_gain":0,"max_hp_loss":0,"event_name":"Living Wall","floor":3,"gold_loss":0,"cards_obtained":["Second Wind"]},{"damage_healed":0,"gold_gain":0,"player_choice":"Donut","damage_taken":0,"max_hp_gain":5,"max_hp_loss":0,"event_name":"Big Fish","floor":7,"gold_loss":0},{"damage_healed":0,"gold_gain":0,"player_choice":"Fled","damage_taken":11,"max_hp_gain":0,"max_hp_loss":0,"event_name":"Scrap Ooze","floor":12,"gold_loss":0},{"damage_healed":0,"gold_gain":0,"player_choice":"Inject Mutagens","damage_taken":0,"relics_obtained":["MutagenicStrength"],"max_hp_gain":0,"max_hp_loss":0,"event_name":"Drug Dealer","floor":21,"gold_loss":0},{"cards_removed":["Strike_R"],"damage_healed":0,"gold_gain":0,"player_choice":"Elegance","damage_taken":0,"max_hp_gain":0,"max_hp_loss":0,"event_name":"Back to Basics","floor":22,"gold_loss":0}],"is_beta":false,"boss_relics":[{"not_picked":["Runic Cube","Lizard Tail"],"picked":"Coffee Dripper"}],"items_purged_floors":[4,20],"is_endless":false,"potions_floor_spawned":[1,10,11,16,18],"killed_by":"Gremlin Leader","ascension_level":16}