{"gold_per_floor":[113,113,128,53,53,82,6,24,24,24,24,24,58,18,18,115,115,125,25,25,36,47,76,175,186,238,113,113,128,157,176,176,280,280,292,137,137,147,160,160,160,160,160,189,189,189],"floor_reached":46,"playtime":4837,"items_purged":["Strike_R","Defend_R","Writhe"],"score":618,"play_id":"bc210c8f-4072-4194-8421-1ee72bdda4b3","local_time":"20190608113044","is_ascension_mode":true,"campfire_choices":[{"floor":10.0,"key":"REST"},{"data":"Shrug It Off","floor":12.0,"key":"SMITH"},{"floor":15.0,"key":"REST"},{"floor":28,"key":"REST"},{"floor":32,"key":"REST"},{"data":"Barricade","floor":40,"key":"SMITH"},{"floor":45,"key":"REST"}],"neow_cost":"TEN_PERCENT_HP_LOSS","seed_source_timestamp":0,"circlet_count":0,"master_deck":["Strike_R","Strike_R","Strike_R","Strike_R","Defend_R+1","Defend_R+1","Bash","Shockwave","Shrug It Off+1","Corruption","Shrug It Off","Metallicize","Feed","Shrug It Off","PanicButton","Armaments","Armaments+1","Whirlwind","Barricade+1","Body Slam+1","Madness","Madness","Injury"],"special_seed":0,"relics":["Burning Blood","Ice Cream","Mercury Hourglass","Unceasing Top","Ginger","Paper Frog","Self Forming Clay","Cursed Key","Torii","Vajra","Bottled Lightning","Runic Cube","Red Skull","Singing Bowl","Potion Belt"],"potions_floor_usage":[30,44,44,46],"damage_taken":[{"damage":9.0,"enemies":"2 Louse","floor":1.0,"turns":3.0},{"damage":8.0,"enemies":"Small Slimes","floor":3.0,"turns":4.0},{"damage":10.0,"enemies":"3 Sentries","floor":6.0,"turns":12.0},{"damage":0.0,"enemies":"Jaw Worm","floor":8.0,"turns":4.0},{"damage":27.0,"enemies":"Lagavulin","floor":13.0,"turns":8.0},{"damage":26.0,"enemies":"The Guardian","floor":16.0,"turns":19.0},{"damage":0.0,"enemies":"3 Byrds","floor":18.0,"turns":6.0},{"damage":0.0,"enemies":"Chosen","floor":21.0,"turns":6.0},{"damage":4.0,"enemies":"Snecko","floor":22.0,"turns":6.0},{"damage":76.0,"enemies":"Gremlin Leader","floor":23.0,"turns":12.0},{"damage":15,"enemies":"Chosen and Byrds","floor":25,"turns":10},{"damage":1,"enemies":"Centurion and Healer","floor":29,"turns":8},{"damage":11,"enemies":"Book of Stabbing","floor":30,"turns":7},{"damage":3,"enemies":"Sentry and Sphere","floor":31,"turns":8},{"damage":31,"enemies":"Automaton","floor":33,"turns":17},{"damage":22,"enemies":"3 Shapes","floor":35,"turns":5},{"damage":15,"enemies":"3 Darklings","floor":38,"turns":16},{"damage":13,"enemies":"Maw","floor":39,"turns":10},{"damage":40,"enemies":"Giant Head","floor":44,"turns":8},{"damage":68,"enemies":"Transient","floor":46,"turns":4}],"seed_played":"-940680735981719734","potions_obtained":[{"floor":1.0,"key":"Dexterity Potion"},{"floor":16.0,"key":"Energy Potion"},{"floor":18.0,"key":"Regen Potion"},{"floor":22.0,"key":"Dexterity Potion"},{"floor":29,"key":"Ancient Potion"},{"floor":33,"key":"SkillPotion"},{"floor":35,"key":"Regen Potion"},{"floor":44,"key":"Regen Potion"}],"is_trial":false,"path_per_floor":["M","?","M","$","?","E","$","M","T","R","T","R","E","$","R","B",null,"M","$","?","M","M","E","?","M","T","$","R","M","E","M","R","B",null,"M","$","?","M","M","R","?","?","T","E","R","M"],"character_chosen":"IRONCLAD","items_purchased":["Corruption","Metallicize","Red Skull"],"campfire_rested":5,"item_purchase_floors":[7,14,36],"current_hp_per_floor":[69,51,49,49,35,31,31,37,37,58,58,58,37,37,58,38,64,73,73,59,65,67,12,12,7,7,7,30,38,33,39,64,43,78,65,65,65,56,49,49,37,37,37,17,45,0],"gold":189,"neow_bonus":"ONE_RARE_RELIC","is_prod":false,"is_daily":false,"chose_seed":false,"campfire_upgraded":2,"win_rate":0,"timestamp":1559986244,"path_taken":["M","?","M","$","?","E","?","M","T","R","?","R","E","$","R","BOSS","M","$","?","M","?","E","?","M","T","$","R","M","E","M","R","BOSS","M","$","?","M","?","R","?","?","T","E","R","M"],"build_version":"2019-01-23","purchased_purges":3,"victory":false,"max_hp_per_floor":[72,72,72,72,72,72,72,72,72,72,72,72,72,72,72,72,72,75,75,75,75,75,75,75,79,79,79,79,82,82,85,85,89,89,92,92,92,92,92,92,92,92,92,94,94,94],"card_choices":[{"not_picked":["Twin Strike","Sword Boomerang"],"picked":"Shockwave","floor":1.0},{"not_picked":["Metallicize","Cleave"],"picked":"Shrug It Off","floor":3.0},{"not_picked":["Heavy Blade","Infernal Blade","Twin Strike"],"picked":"SKIP","floor":6.0},{"not_picked":["Thunderclap","Brutality","Warcry"],"picked":"SKIP","floor":8.0},{"not_picked":["Infernal Blade","Wild Strike"],"picked":"Shrug It Off","floor":13.0},{"not_picked":["Offering","Reaper"],"picked":"Feed","floor":16.0},{"not_picked":["Pommel Strike","Second Wind"],"picked":"Shrug It Off","floor":18.0},{"not_picked":["Carnage","Sever Soul","Wild Strike+1"],"picked":"SKIP","floor":21.0},{"not_picked":["Clothesline","Perfected Strike","Feel No Pain+1"],"picked":"SKIP","floor":22.0},{"not_picked":["Hemokinesis","Heavy Blade"],"picked":"Armaments","floor":23.0},{"not_picked":["Pummel","Iron Wave+1"],"picked":"Armaments+1","floor":25},{"not_picked":["Twin Strike","Armaments+1","Inflame+1"],"picked":"SKIP","floor":29},{"not_picked":["Anger+1","Whirlwind","Warcry"],"picked":"SKIP","floor":30},{"not_picked":["Anger+1","Warcry"],"picked":"Whirlwind","floor":30},{"not_picked":["Fire Breathing","Wild Strike"],"picked":"Barricade","floor":31},{"not_picked":["Carnage+1","Armaments"],"picked":"Body Slam+1","floor":35},{"not_picked":["Heavy Blade","Evolve","Iron Wave"],"picked":"SKIP","floor":38},{"not_picked":["Flex+1","Wild Strike","Twin Strike"],"picked":"SKIP","floor":39},{"not_picked":["Power Through","Pommel Strike","Ghostly Armor"],"picked":"Singing Bowl","floor":44}],"player_experience":211817,"relics_obtained":[{"floor":6.0,"key":"Unceasing Top"},{"floor":9.0,"key":"Ginger"},{"floor":11.0,"key":"Paper Frog"},{"floor":13.0,"key":"Self Forming Clay"},{"floor":23.0,"key":"Torii"},{"floor":26,"key":"Vajra"},{"floor":30,"key":"Bottled Lightning"},{"floor":43,"key":"Singing Bowl"},{"floor":44,"key":"Potion Belt"}],"event_choices":[{"damage_healed":0.0,"max_hp_gain":0.0,"max_hp_loss":0.0,"gold_gain":0.0,"event_name":"Scrap Ooze","player_choice":"Success","floor":2.0,"gold_loss":0.0,"damage_taken":18.0,"relics_obtained":["Mercury Hourglass"]},{"damage_healed":0.0,"max_hp_gain":0.0,"max_hp_loss":0.0,"gold_gain":0.0,"event_name":"Shining Light","player_choice":"Entered Light","floor":5.0,"gold_loss":0.0,"damage_taken":14.0,"cards_upgraded":["Defend_R","Defend_R"]},{"damage_healed":0.0,"max_hp_gain":0.0,"max_hp_loss":0.0,"gold_gain":0.0,"event_name":"Knowing Skull","player_choice":"CARD ","floor":20.0,"potions_obtained":[],"gold_loss":0.0,"damage_taken":14.0,"cards_obtained":["PanicButton"]},{"damage_healed":0.0,"max_hp_gain":0.0,"max_hp_loss":0.0,"gold_gain":99.0,"event_name":"Nest","player_choice":"Stole From Cult","floor":24.0,"gold_loss":0.0,"damage_taken":0.0},{"damage_healed":0,"gold_gain":0,"player_choice":"Ignored","damage_taken":0,"max_hp_gain":0,"max_hp_loss":0,"event_name":"SecretPortal","floor":37,"gold_loss":0},{"damage_healed":0,"gold_gain":0,"player_choice":"Embrace Madness","damage_taken":12,"max_hp_gain":0,"max_hp_loss":0,"event_name":"Winding Halls","floor":41,"gold_loss":0,"cards_obtained":["Madness","Madness"]},{"cards_removed":["Defend_R"],"damage_healed":0,"gold_gain":0,"player_choice":"Removed Skill","damage_taken":0,"max_hp_gain":0,"max_hp_loss":0,"event_name":"Falling","floor":42,"gold_loss":0}],"is_beta":false,"boss_relics":[{"not_picked":["Tiny House","Black Blood"],"picked":"Cursed Key"},{"not_picked":["Lizard Tail","Snecko Eye"],"picked":"Runic Cube"}],"items_purged_floors":[4,19,27],"is_endless":false,"potions_floor_spawned":[1,16,18,22,29,33,35,44],"killed_by":"Transient","ascension_level":5}