{"gold_per_floor":[119,138,138,138,138,168,180,104,104,104,119,134,164,178,178,281,281,296,296,14,24,24,24,352,352,352,386,386,38,51,51],"floor_reached":31,"playtime":2989,"items_purged":[],"score":347,"play_id":"524da27d-ce9b-42a9-afe2-9f42c7e07cae","local_time":"20190528183103","is_ascension_mode":true,"campfire_choices":[{"floor":10,"key":"REST"},{"data":"Whirlwind","floor":15,"key":"SMITH"},{"data":"Feed","floor":23,"key":"SMITH"},{"floor":25,"key":"REST"}],"neow_cost":"NONE","seed_source_timestamp":116752480841473,"circlet_count":0,"master_deck":["Strike_R+1","Strike_R","Strike_R","Strike_R","Strike_R","Defend_R","Defend_R","Defend_R","Defend_R","Bash+1","Whirlwind+1","Warcry","Regret","Parasite","Jack Of All Trades","Feed+1","Flex","Shrug It Off","Body Slam","Iron Wave+1","Sword Boomerang+1","Juggernaut","Iron Wave+1","Impervious","Cleave+1","Dramatic Entrance+1","Body Slam+1","Immolate+1","Metallicize","Dramatic Entrance+1","Battle Trance"],"relics":["Burning Blood","Ornamental Fan","Mummified Hand","Shuriken","Molten Egg 2","Whetstone","Snecko Eye","Pear","Frozen Eye","Nilry\u0027s Codex","Old Coin","The Courier","Strawberry","Kunai","DollysMirror","Red Skull"],"potions_floor_usage":[13,16,16,24,27],"damage_taken":[{"damage":3,"enemies":"Jaw Worm","floor":1,"turns":4},{"damage":0,"enemies":"2 Louse","floor":2,"turns":1},{"damage":65,"enemies":"Lagavulin","floor":6,"turns":8},{"damage":12,"enemies":"Cultist","floor":7,"turns":4},{"damage":12,"enemies":"Exordium Thugs","floor":11,"turns":5},{"damage":1,"enemies":"2 Fungi Beasts","floor":12,"turns":3},{"damage":20,"enemies":"Gremlin Nob","floor":13,"turns":5},{"damage":2,"enemies":"Looter","floor":14,"turns":3},{"damage":20,"enemies":"Slime Boss","floor":16,"turns":9},{"damage":4,"enemies":"Chosen","floor":18,"turns":3},{"damage":32,"enemies":"2 Thieves","floor":21,"turns":4},{"damage":49,"enemies":"Gremlin Leader","floor":24,"turns":7},{"damage":65,"enemies":"Slavers","floor":27,"turns":6},{"damage":2,"enemies":"Cultist and Chosen","floor":30,"turns":2},{"damage":30,"enemies":"Snake Plant","floor":31,"turns":2}],"seed_played":"-6085879440624289602","potions_obtained":[{"floor":1,"key":"EssenceOfSteel"},{"floor":6,"key":"FairyPotion"},{"floor":11,"key":"PowerPotion"},{"floor":14,"key":"Swift Potion"},{"floor":21,"key":"Dexterity Potion"},{"floor":24,"key":"Block Potion"}],"is_trial":false,"path_per_floor":["M","M","?","?","?","E","M","$","T","R","M","M","E","M","R","B",null,"M","T","$","M","?","R","E","R","T","E","T","$","M","M"],"character_chosen":"IRONCLAD","items_purchased":["Shrug It Off","Body Slam","Dramatic Entrance+1","Frozen Eye","Metallicize","DollysMirror","Red Skull"],"campfire_rested":2,"item_purchase_floors":[8,8,20,20,29,29,29],"current_hp_per_floor":[88,88,85,85,85,26,20,20,20,46,43,51,37,41,41,27,94,94,104,104,81,65,65,22,54,54,23,23,23,27,0],"gold":51,"neow_bonus":"TEN_PERCENT_HP_BONUS","is_prod":false,"is_daily":false,"chose_seed":false,"campfire_upgraded":2,"win_rate":0,"timestamp":1559061063,"path_taken":["M","M","?","?","?","E","M","$","T","R","M","M","E","M","R","BOSS","M","?","?","M","?","R","E","R","T","E","?","$","?","M"],"build_version":"2019-01-23","purchased_purges":0,"victory":false,"max_hp_per_floor":[88,88,88,88,88,88,88,88,88,88,91,94,94,94,94,94,94,94,104,104,107,107,107,107,107,107,114,114,114,114,114],"card_choices":[{"not_picked":["Feel No Pain","Anger"],"picked":"Whirlwind","floor":1},{"not_picked":["Twin Strike","Perfected Strike"],"picked":"Warcry","floor":2},{"not_picked":["Infernal Blade","Evolve"],"picked":"Feed","floor":6},{"not_picked":["Dropkick","Anger"],"picked":"Flex","floor":7},{"not_picked":["Thunderclap+1","Body Slam+1"],"picked":"Iron Wave+1","floor":11},{"not_picked":["Reckless Charge+1","Clothesline+1"],"picked":"Sword Boomerang+1","floor":12},{"not_picked":["Uppercut+1","Seeing Red"],"picked":"Juggernaut","floor":13},{"not_picked":["True Grit","Flame Barrier"],"picked":"Iron Wave+1","floor":14},{"not_picked":["Dark Embrace","Double Tap"],"picked":"Impervious","floor":16},{"not_picked":["Dropkick+1","Pummel+1"],"picked":"Cleave+1","floor":18},{"not_picked":["Warcry+1","Wild Strike+1"],"picked":"Body Slam+1","floor":21},{"not_picked":["Clothesline+1","True Grit","Headbutt+1"],"picked":"SKIP","floor":24},{"not_picked":["Second Wind","Thunderclap+1"],"picked":"Immolate+1","floor":27},{"not_picked":["Clothesline+1","Heavy Blade+1"],"picked":"Battle Trance","floor":30}],"player_experience":73314,"relics_obtained":[{"floor":6,"key":"Shuriken"},{"floor":9,"key":"Molten Egg 2"},{"floor":13,"key":"Whetstone"},{"floor":19,"key":"Pear"},{"floor":22,"key":"Nilry\u0027s Codex"},{"floor":24,"key":"Old Coin"},{"floor":26,"key":"The Courier"},{"floor":27,"key":"Strawberry"},{"floor":28,"key":"Kunai"}],"event_choices":[{"damage_healed":0,"gold_gain":0,"player_choice":"Success","damage_taken":3,"relics_obtained":["Ornamental Fan"],"max_hp_gain":0,"max_hp_loss":0,"event_name":"Scrap Ooze","floor":3,"gold_loss":0},{"damage_healed":0,"gold_gain":0,"player_choice":"Box","damage_taken":0,"relics_obtained":["Mummified Hand"],"max_hp_gain":0,"max_hp_loss":0,"event_name":"Big Fish","floor":4,"gold_loss":0,"cards_obtained":["Regret"]},{"damage_healed":0,"gold_gain":0,"player_choice":"2 cards matched","damage_taken":0,"max_hp_gain":0,"max_hp_loss":0,"event_name":"Match and Keep!","floor":5,"gold_loss":0,"cards_obtained":["Parasite","Jack Of All Trades"]},{"damage_healed":0,"gold_gain":0,"player_choice":"2 cards matched","damage_taken":0,"max_hp_gain":0,"max_hp_loss":0,"event_name":"Match and Keep!","floor":5,"gold_loss":0,"cards_obtained":["Parasite","Jack Of All Trades"]},{"damage_healed":0,"gold_gain":0,"player_choice":"Obtained Book","damage_taken":16,"max_hp_gain":0,"max_hp_loss":0,"event_name":"Cursed Tome","floor":22,"gold_loss":0}],"is_beta":false,"boss_relics":[{"not_picked":["Philosopher\u0027s Stone","Pandora\u0027s Box"],"picked":"Snecko Eye"}],"items_purged_floors":[],"is_endless":false,"potions_floor_spawned":[1,6,11,14,21,24],"killed_by":"Snake Plant","ascension_level":1}