{"gold_per_floor":[109,9,9,9,9,30,30,54,54,80,93,102,102,112,112,175,175,186,195,235,235,235,235,235,235,297,297,307,307,322,26,26,26],"floor_reached":33,"playtime":873,"items_purged":["Strike_R"],"score":812,"play_id":"fc25cabb-6cd5-4bfb-a021-c6308986bfc8","local_time":"20190811181603","is_ascension_mode":true,"campfire_choices":[{"data":"Bash","floor":7.0,"key":"SMITH"},{"data":"Clothesline","floor":13.0,"key":"SMITH"},{"data":"Fiend Fire","floor":15.0,"key":"SMITH"},{"data":"Feed","floor":23,"key":"SMITH"},{"data":"Disarm","floor":25,"key":"SMITH"},{"data":"Inflame","floor":27,"key":"SMITH"},{"data":"Shrug It Off","floor":29,"key":"SMITH"},{"data":"Ghostly","floor":32,"key":"SMITH"}],"neow_cost":"NONE","seed_source_timestamp":103573552158814,"circlet_count":0,"master_deck":["Strike_R+1","Strike_R","Strike_R+1","Strike_R","Defend_R","Defend_R+1","Defend_R+1","Defend_R","Bash+1","AscMod:ascendersbane","Shrug It Off+1","Fiend Fire+1","Clothesline+1","Inflame+1","Shrug It Off","Feed+1","Ghostly","Ghostly","Ghostly+1","Disarm+1","Battle Trance"],"special_seed":0,"relics":["Burning Blood","NeowsBlessing","Anchor","Ornamental Fan","Whetstone","WingedGreaves","Smiling Mask","Philosopher\u0027s Stone","Blue Candle","Brimstone"],"potions_floor_usage":[19],"damage_taken":[{"damage":0.0,"enemies":"Small Slimes","floor":1.0,"turns":1.0},{"damage":0.0,"enemies":"Lagavulin","floor":6.0,"turns":1.0},{"damage":0.0,"enemies":"Gremlin Nob","floor":8.0,"turns":1.0},{"damage":38.0,"enemies":"3 Sentries","floor":10.0,"turns":16.0},{"damage":0.0,"enemies":"2 Louse","floor":11.0,"turns":2.0},{"damage":0.0,"enemies":"Jaw Worm","floor":12.0,"turns":2.0},{"damage":0.0,"enemies":"Looter","floor":14.0,"turns":4.0},{"damage":0.0,"enemies":"The Guardian","floor":16.0,"turns":12.0},{"damage":27,"enemies":"Spheric Guardian","floor":18,"turns":6},{"damage":0,"enemies":"Chosen","floor":19,"turns":5},{"damage":5,"enemies":"Shelled Parasite and Fungi","floor":28,"turns":7},{"damage":3,"enemies":"Snake Plant","floor":30,"turns":4},{"damage":54,"enemies":"Automaton","floor":33,"turns":8}],"seed_played":"-2171403875304721411","potions_obtained":[{"floor":1.0,"key":"Ancient Potion"},{"floor":10.0,"key":"Swift Potion"},{"floor":11.0,"key":"PowerPotion"},{"floor":18,"key":"SneckoOil"}],"is_trial":false,"path_per_floor":["M","$","?","?","?","E","R","E","T","E","M","M","R","M","R","B",null,"M","M","?","?","?","R","?","R","T","R","M","R","M","$","R","B"],"character_chosen":"IRONCLAD","items_purchased":["Brimstone","Battle Trance"],"campfire_rested":0,"item_purchase_floors":[31,31],"current_hp_per_floor":[73,73,50,50,39,44,44,49,49,16,21,26,26,31,31,36,59,39,46,46,40,40,40,30,30,30,30,33,33,38,38,38,0],"gold":26,"neow_bonus":"THREE_ENEMY_KILL","is_prod":false,"is_daily":false,"chose_seed":false,"campfire_upgraded":8,"win_rate":0,"timestamp":1565522163,"path_taken":["M","$","?","?","?","E","R","E","T","E","M","M","R","M","R","BOSS","M","M","?","?","?","R","?","R","T","R","M","R","?","$","R","BOSS"],"build_version":"2019-07-18","purchased_purges":1,"victory":false,"max_hp_per_floor":[75,75,75,75,75,75,75,75,75,75,75,75,75,75,75,75,75,78,81,81,40,40,40,45,45,45,45,49,49,53,53,53,53],"card_choices":[{"not_picked":["Fire Breathing","Heavy Blade","Anger"],"picked":"SKIP","floor":1.0},{"not_picked":["Perfected Strike","Cleave"],"picked":"Shrug It Off","floor":6.0},{"not_picked":["Hemokinesis","Feel No Pain"],"picked":"Fiend Fire","floor":8.0},{"not_picked":["Flex","True Grit"],"picked":"Clothesline","floor":10.0},{"not_picked":["Anger","Clothesline","Headbutt"],"picked":"SKIP","floor":11.0},{"not_picked":["Dropkick","Havoc"],"picked":"Inflame","floor":12.0},{"not_picked":["Burning Pact","Rage"],"picked":"Shrug It Off","floor":14.0},{"not_picked":["Berserk","Impervious"],"picked":"Feed","floor":16.0},{"not_picked":["Body Slam","Sword Boomerang","Anger"],"picked":"SKIP","floor":18},{"not_picked":["Warcry","Second Wind","Sword Boomerang"],"picked":"SKIP","floor":19},{"not_picked":["Dropkick","Carnage","Heavy Blade"],"picked":"SKIP","floor":28},{"not_picked":["Flex","Feel No Pain","Iron Wave+1"],"picked":"SKIP","floor":30}],"player_experience":1061148,"relics_obtained":[{"floor":6.0,"key":"Ornamental Fan"},{"floor":8.0,"key":"Whetstone"},{"floor":9.0,"key":"WingedGreaves"},{"floor":10.0,"key":"Smiling Mask"},{"floor":26,"key":"Blue Candle"}],"event_choices":[{"damage_healed":0.0,"max_hp_gain":0.0,"max_hp_loss":0.0,"gold_gain":0.0,"event_name":"Shining Light","player_choice":"Entered Light","floor":3.0,"gold_loss":0.0,"damage_taken":23.0,"cards_upgraded":["Defend_R","Defend_R"]},{"damage_healed":0.0,"max_hp_gain":0.0,"max_hp_loss":0.0,"gold_gain":0.0,"event_name":"Liars Game","player_choice":"Ignored","floor":4.0,"gold_loss":0.0,"damage_taken":0.0},{"damage_healed":0.0,"max_hp_gain":0.0,"max_hp_loss":0.0,"gold_gain":0.0,"event_name":"Scrap Ooze","player_choice":"Success","floor":5.0,"gold_loss":0.0,"damage_taken":11.0,"relics_obtained":["Anchor"]},{"damage_healed":0,"gold_gain":50,"player_choice":"Stole From Cult","damage_taken":0,"max_hp_gain":0,"max_hp_loss":0,"event_name":"Nest","floor":20,"gold_loss":0},{"damage_healed":0,"gold_gain":0,"player_choice":"Became a Ghost","damage_taken":0,"max_hp_gain":0,"max_hp_loss":41,"event_name":"Ghosts","floor":21,"gold_loss":0,"cards_obtained":["Ghostly","Ghostly","Ghostly"]},{"damage_healed":0,"gold_gain":0,"player_choice":"Read","damage_taken":0,"max_hp_gain":0,"max_hp_loss":0,"event_name":"The Library","floor":22,"gold_loss":0,"cards_obtained":["Disarm"]},{"damage_healed":0,"gold_gain":0,"player_choice":"Shed Blood","damage_taken":14,"max_hp_gain":5,"max_hp_loss":0,"event_name":"Forgotten Altar","floor":24,"gold_loss":0}],"is_beta":true,"boss_relics":[{"not_picked":["VoidEssence"],"picked":"Accursed"},{"not_picked":["VoidEssence"],"picked":"Accursed"},{"not_picked":["Tiny House","White Beast Statue"],"picked":"Philosopher\u0027s Stone"}],"items_purged_floors":[2],"is_endless":false,"potions_floor_spawned":[1,10,11,12,18],"killed_by":"Automaton","ascension_level":25}