{"gold_per_floor":[10,18,18,18,18,18,32,32,50,50,60,120,36,47,47,106,106,119,129,141,155,169,169,196,236,236,236,258,183,83,95,95,154,154,165,40,40,52,52,52,65,73,73,87,87,33,33,41,41,41,41],"floor_reached":52,"playtime":1688,"items_purged":["Defend_P","Defend_P"],"score":2064,"play_id":"d36aa17a-7065-4ae7-97d6-aa7b2114430f","local_time":"20190925175604","is_ascension_mode":true,"campfire_choices":[{"data":"Vigilance","floor":6,"key":"SMITH"},{"data":"Indignation","floor":8,"key":"SMITH"},{"data":"Strike_P","floor":10,"key":"SMITH"},{"data":"WheelKick","floor":15,"key":"SMITH"},{"data":"Protect","floor":23,"key":"SMITH"},{"data":"1","floor":27,"key":"LIFT"},{"data":"2","floor":32,"key":"LIFT"},{"data":"3","floor":40,"key":"LIFT"},{"data":"Ragnarok","floor":45,"key":"SMITH"},{"data":"Wallop","floor":49,"key":"SMITH"}],"neow_cost":"NO_GOLD","seed_source_timestamp":221901393950600,"circlet_count":0,"master_deck":["AscendersBane","Eruption+1","Vigilance+1","Indignation+1","WheelKick+1","Vault","Protect+1","Protect+1","DevaForm","Ragnarok+1","CutThroughFate+1","FlyingSleeves+1","Wallop+1"],"relics":["PureWater","Anchor","Snecko Eye","Girya","Letter Opener","FossilizedHelix","Astrolabe","Incense Burner"],"potions_floor_usage":[16,19,24,28,51,51],"damage_taken":[{"damage":1,"enemies":"Small Slimes","floor":1,"turns":4},{"damage":0,"enemies":"2 Louse","floor":2,"turns":2},{"damage":0,"enemies":"Cultist","floor":7,"turns":2},{"damage":0,"enemies":"Exordium Wildlife","floor":11,"turns":3},{"damage":2,"enemies":"Exordium Thugs","floor":14,"turns":2},{"damage":26,"enemies":"Hexaghost","floor":16,"turns":5},{"damage":1,"enemies":"Spheric Guardian","floor":18,"turns":3},{"damage":0,"enemies":"3 Byrds","floor":19,"turns":2},{"damage":0,"enemies":"Sentry and Sphere","floor":20,"turns":3},{"damage":12,"enemies":"Shelled Parasite and Fungi","floor":21,"turns":7},{"damage":0,"enemies":"Snake Plant","floor":22,"turns":2},{"damage":2,"enemies":"Slavers","floor":24,"turns":3},{"damage":0,"enemies":"Book of Stabbing","floor":28,"turns":2},{"damage":0,"enemies":"Snecko","floor":31,"turns":3},{"damage":12,"enemies":"Automaton","floor":33,"turns":7},{"damage":0,"enemies":"3 Darklings","floor":35,"turns":3},{"damage":0,"enemies":"3 Shapes","floor":38,"turns":2},{"damage":0,"enemies":"3 Darklings","floor":41,"turns":2},{"damage":0,"enemies":"Maw","floor":42,"turns":4},{"damage":0,"enemies":"Jaw Worm Horde","floor":44,"turns":3},{"damage":0,"enemies":"Writhing Mass","floor":48,"turns":3},{"damage":0,"enemies":"Time Eater","floor":50,"turns":2},{"damage":0,"enemies":"Awakened One","floor":51,"turns":5}],"seed_played":"337223548370876010","potions_obtained":[{"floor":1,"key":"Explosive Potion"},{"floor":11,"key":"Block Potion"},{"floor":18,"key":"Ambrosia"},{"floor":22,"key":"FearPotion"},{"floor":24,"key":"Dexterity Potion"},{"floor":28,"key":"PowerPotion"}],"is_trial":false,"path_per_floor":["M","M","?","?","$","R","M","R","T","R","M","?","$","M","R","B",null,"M","M","M","M","M","R","E","?","T","R","E","?","$","M","R","B",null,"M","$","?","M","?","R","M","M","T","M","R","$","$","M","R","B","B",null],"character_chosen":"WATCHER","items_purchased":["WheelKick","Strength Potion"],"campfire_rested":0,"item_purchase_floors":[13,46],"current_hp_per_floor":[54,54,54,54,54,54,54,54,54,54,54,43,43,41,41,15,50,49,49,49,37,37,37,35,35,35,35,35,35,35,35,35,23,52,52,52,52,52,71,71,71,71,71,71,71,71,71,71,71,71,71],"gold":41,"neow_bonus":"REMOVE_TWO","is_prod":false,"is_daily":false,"chose_seed":false,"campfire_upgraded":7,"win_rate":0,"timestamp":1569408964,"path_taken":["M","M","?","?","$","R","M","R","T","R","?","?","?","M","R","BOSS","M","?","M","M","M","R","E","?","T","R","E","?","$","M","R","BOSS","M","$","?","M","?","R","?","M","T","M","R","?","$","M","R","BOSS","BOSS"],"build_version":"2019-09-24","purchased_purges":2,"victory":true,"max_hp_per_floor":[61,61,61,61,61,61,61,61,61,61,61,61,61,61,61,61,61,61,61,61,61,61,61,61,61,61,61,61,61,61,61,61,61,61,61,61,61,61,71,71,71,71,71,71,71,71,71,71,71,71,71],"card_choices":[{"not_picked":["Sanctity","EmptyFist"],"picked":"Indignation","floor":1},{"not_picked":["ClearTheMind","EmptyFist","Prostrate"],"picked":"SKIP","floor":2},{"not_picked":["CrushJoints","CarveReality","CutThroughFate"],"picked":"SKIP","floor":7},{"not_picked":["CutThroughFate","Prostrate","ThirdEye"],"picked":"SKIP","floor":11},{"not_picked":["CutThroughFate","Perseverance"],"picked":"Conclude","floor":14},{"not_picked":["MasterReality","Omniscience"],"picked":"Vault","floor":16},{"not_picked":["Halt","Weave"],"picked":"Protect+1","floor":18},{"not_picked":["Tantrum+1","CleanseEvil","Wireheading"],"picked":"SKIP","floor":19},{"not_picked":["Weave","CutThroughFate","Halt"],"picked":"SKIP","floor":20},{"not_picked":["EmptyFist","Scrawl"],"picked":"Protect","floor":21},{"not_picked":["Consecrate","JustLucky+1","SashWhip"],"picked":"SKIP","floor":22},{"not_picked":["Wallop+1","Prostrate"],"picked":"DevaForm","floor":24},{"not_picked":["Prostrate","ForeignInfluence+1","ClearTheMind"],"picked":"SKIP","floor":28},{"not_picked":["CarveReality","Weave","Halt"],"picked":"SKIP","floor":31},{"not_picked":["DeusExMachina","SignatureMove"],"picked":"Ragnarok","floor":33},{"not_picked":["SandsOfTime","Prostrate+1","FlowState"],"picked":"SKIP","floor":35},{"not_picked":["FollowUp+1","Sanctity+1","WaveOfTheHand"],"picked":"SKIP","floor":38},{"not_picked":["Vengeance+1","Devotion","DeceiveReality"],"picked":"SKIP","floor":41},{"not_picked":["FearNoEvil","CrushJoints"],"picked":"Wallop","floor":42},{"not_picked":["Sanctity+1","EmptyBody","EmptyFist+1"],"picked":"SKIP","floor":44},{"not_picked":["Indignation+1","Crescendo","FlyingSleeves+1"],"picked":"SKIP","floor":48}],"player_experience":1151493,"relics_obtained":[{"floor":9,"key":"Anchor"},{"floor":24,"key":"Girya"},{"floor":26,"key":"Letter Opener"},{"floor":28,"key":"FossilizedHelix"},{"floor":43,"key":"Incense Burner"}],"event_choices":[{"cards_removed":["Defend_P"],"damage_healed":0,"gold_gain":0,"player_choice":"Forget","damage_taken":0,"max_hp_gain":0,"max_hp_loss":0,"event_name":"Living Wall","floor":3,"gold_loss":0},{"damage_healed":0,"gold_gain":0,"player_choice":"Upgraded","damage_taken":0,"max_hp_gain":0,"max_hp_loss":0,"event_name":"Upgrade Shrine","floor":4,"gold_loss":0,"cards_upgraded":["Eruption"]},{"damage_healed":0,"gold_gain":75,"player_choice":"Gather Gold","damage_taken":11,"max_hp_gain":0,"max_hp_loss":0,"event_name":"World of Goop","floor":12,"gold_loss":0},{"damage_healed":0,"gold_gain":50,"player_choice":"Stole From Cult","damage_taken":0,"max_hp_gain":0,"max_hp_loss":0,"event_name":"Nest","floor":25,"gold_loss":0},{"cards_removed":["Strike_P"],"damage_healed":0,"gold_gain":0,"player_choice":"Gave Gold","damage_taken":0,"max_hp_gain":0,"max_hp_loss":0,"event_name":"Beggar","floor":29,"gold_loss":75},{"damage_healed":0,"gold_gain":0,"player_choice":"Memory 1","damage_taken":0,"max_hp_gain":0,"max_hp_loss":0,"event_name":"SensoryStone","floor":37,"gold_loss":0},{"cards_removed":["Nirvana"],"damage_healed":9,"gold_gain":0,"player_choice":"Offered Rare","damage_taken":0,"max_hp_gain":10,"max_hp_loss":0,"event_name":"Bonfire Elementals","floor":39,"gold_loss":0}],"is_beta":true,"boss_relics":[{"not_picked":["Fusion Hammer","Coffee Dripper"],"picked":"Snecko Eye"},{"not_picked":["Tiny House","Cursed Key"],"picked":"Astrolabe"}],"items_purged_floors":[30,36],"is_endless":false,"potions_floor_spawned":[1,11,18,22,24,28,35,44,48],"ascension_level":22}