{"gold_per_floor":[117,117,117,192,205,205,239,51,51,51,13,13,43,77,77,216,216,255,336,0,0,15,15,15,15],"floor_reached":25,"playtime":1457,"items_purged":[],"score":205,"play_id":"74554fbf-2567-48ce-80e4-184dea2a5b1d","local_time":"20190908160526","is_ascension_mode":true,"campfire_choices":[{"data":"Bash","floor":6,"key":"SMITH"},{"data":"Infernal Blade","floor":10,"key":"SMITH"},{"data":"Iron Wave","floor":12,"key":"SMITH"},{"floor":15,"key":"REST"},{"data":"Armaments","floor":23,"key":"SMITH"},{"floor":24,"key":"REST"}],"neow_cost":"NONE","seed_source_timestamp":1173293052700,"circlet_count":0,"master_deck":["Strike_R","Strike_R","Strike_R","Strike_R","Strike_R","Defend_R","Defend_R","Defend_R","Bash+1","Iron Wave+1","Disarm","Headbutt","Infernal Blade+1","HandOfGreed","Flex","Reaper","Reaper","Intimidate","Cleave","Forethought","Armaments+1"],"relics":["Burning Blood","Bloody Idol","WingedGreaves","The Courier","Runic Cube","Red Mask","Medical Kit","PreservedInsect"],"potions_floor_usage":[7],"damage_taken":[{"damage":5,"enemies":"2 Louse","floor":1,"turns":3},{"damage":0,"enemies":"Small Slimes","floor":5,"turns":3},{"damage":29,"enemies":"Lagavulin","floor":7,"turns":6},{"damage":7,"enemies":"Jaw Worm","floor":14,"turns":2},{"damage":39,"enemies":"Slime Boss","floor":16,"turns":9},{"damage":49,"enemies":"2 Thieves","floor":18,"turns":4},{"damage":36,"enemies":"Masked Bandits","floor":19,"turns":4},{"damage":22,"enemies":"Chosen","floor":22,"turns":5},{"damage":54,"enemies":"Book of Stabbing","floor":25,"turns":6}],"seed_played":"5090018378727918989","potions_obtained":[{"floor":1,"key":"AttackPotion"}],"is_trial":false,"path_per_floor":["M","?","?","?","M","R","E","$","T","R","$","R","?","M","R","B",null,"M","?","$","?","M","R","R","E"],"character_chosen":"IRONCLAD","items_purchased":["HandOfGreed","Flex","Medical Kit","PreservedInsect","Forethought"],"campfire_rested":2,"item_purchase_floors":[8,11,20,20,20],"current_hp_per_floor":[80,60,53,42,48,48,25,25,25,25,25,25,25,24,48,25,80,45,24,24,24,23,23,47,0],"gold":15,"neow_bonus":"THREE_CARDS","is_prod":false,"is_daily":false,"chose_seed":false,"campfire_upgraded":4,"win_rate":0,"timestamp":1567976726,"path_taken":["M","?","?","?","M","R","E","$","T","R","?","R","?","M","R","BOSS","M","?","$","?","M","R","R","E"],"build_version":"2019-07-17","purchased_purges":0,"victory":false,"max_hp_per_floor":[80,80,80,80,80,80,80,80,80,80,80,80,80,80,80,80,80,80,80,80,80,80,80,80,80],"card_choices":[{"not_picked":["Dual Wield","Headbutt"],"picked":"Iron Wave","floor":0},{"not_picked":["Warcry","True Grit"],"picked":"Disarm","floor":1},{"not_picked":["Body Slam","Warcry"],"picked":"Headbutt","floor":5},{"not_picked":["Havoc","Clothesline"],"picked":"Infernal Blade","floor":7},{"not_picked":["Armaments","Havoc"],"picked":"Reaper","floor":14},{"not_picked":["Bludgeon","Limit Break"],"picked":"Reaper","floor":16},{"not_picked":["Clash","True Grit"],"picked":"Intimidate","floor":18},{"not_picked":["True Grit","Wild Strike"],"picked":"Cleave","floor":19},{"not_picked":["Carnage","Clothesline"],"picked":"Armaments","floor":22}],"player_experience":188860,"relics_obtained":[{"floor":7,"key":"WingedGreaves"},{"floor":9,"key":"The Courier"},{"floor":19,"key":"Red Mask"}],"event_choices":[{"damage_healed":0,"gold_gain":0,"player_choice":"Take Damage","damage_taken":20,"relics_obtained":["Golden Idol"],"max_hp_gain":0,"max_hp_loss":0,"event_name":"Golden Idol","floor":2,"gold_loss":0},{"cards_removed":["Defend_R"],"damage_healed":0,"gold_gain":0,"player_choice":"Card Removal","damage_taken":7,"max_hp_gain":0,"max_hp_loss":0,"event_name":"Golden Wing","floor":3,"gold_loss":0},{"damage_healed":0,"gold_gain":75,"player_choice":"Gather Gold","damage_taken":11,"max_hp_gain":0,"max_hp_loss":0,"event_name":"World of Goop","floor":4,"gold_loss":0},{"damage_healed":0,"gold_gain":30,"player_choice":"Searched \u00272\u0027 times","damage_taken":0,"max_hp_gain":0,"max_hp_loss":0,"event_name":"Dead Adventurer","floor":13,"gold_loss":0},{"damage_healed":0,"gold_gain":0,"player_choice":"Fought Bandits","damage_taken":0,"max_hp_gain":0,"max_hp_loss":0,"event_name":"Masked Bandits","floor":19,"gold_loss":0},{"damage_healed":0,"gold_gain":0,"player_choice":"Gave Idol","damage_taken":0,"relics_obtained":["Bloody Idol"],"max_hp_gain":0,"max_hp_loss":0,"event_name":"Forgotten Altar","floor":21,"relics_lost":["Golden Idol"],"gold_loss":0}],"is_beta":false,"boss_relics":[{"not_picked":["Velvet Choker","Cursed Key"],"picked":"Runic Cube"}],"items_purged_floors":[],"is_endless":false,"potions_floor_spawned":[1],"killed_by":"Book of Stabbing","ascension_level":1}