{"gold_per_floor":[115,133,133,133,2,30,30,59,104,115,134,169,180,190,190,264,264,280,294,294,311,67,94,108,133,133,133,183,194,206,232,232,309,309,324,341,341,355,84,84,111,111,138,149,184,203,203,235,235,235,235,235,235,15,46,46],"floor_reached":57,"playtime":5232,"items_purged":["Strike_B"],"score":3323,"play_id":"22e1e2b4-df3a-44ce-8548-93aa6e6b6223","local_time":"20190614224442","is_ascension_mode":true,"campfire_choices":[{"data":"Sweeping Beam","floor":7.0,"key":"SMITH"},{"data":"Defragment","floor":15,"key":"SMITH"},{"data":"Defragment","floor":27,"key":"SMITH"},{"data":"Loop","floor":32,"key":"SMITH"},{"data":"Consume","floor":40,"key":"SMITH"},{"data":"Buffer","floor":42,"key":"SMITH"},{"floor":49,"key":"RECALL"},{"data":"Seek","floor":53,"key":"SMITH"}],"neow_cost":"NONE","seed_source_timestamp":188378930564275,"circlet_count":0,"master_deck":["AscendersBane","Zap","Dualcast","Rip and Tear","Cold Snap+1","Sweeping Beam+1","Self Repair","Consume+1","Ball Lightning","Defragment+1","Reboot","Conserve Battery","Seek+1","Sunder","Melter","Static Discharge","Seek","Reinforced Body","Loop+1","Hologram","Steam","Glacier","Defragment+1","Undo","Genetic Algorithm+1","Buffer+1","Go for the Eyes+1","Glacier+1","Fission+1","Glacier+1","Loop+1","Double Energy+1","Genetic Algorithm+1","Hologram+1","Aggregate+1","Amplify+1","Darkness+1"],"special_seed":0,"relics":["Cracked Core","NeowsBlessing","Orichalcum","Gremlin Horn","Whetstone","Bottled Flame","Pandora\u0027s Box","DataDisk","Bronze Scales","Symbiotic Virus","Question Card","Dead Branch","Toxic Egg 2","Coffee Dripper","DollysMirror","Happy Flower","Unceasing Top","Oddly Smooth Stone","Toy Ornithopter","Nunchaku"],"potions_floor_usage":[25,55,56,56,56,56,56],"damage_taken":[{"damage":0.0,"enemies":"2 Louse","floor":1.0,"turns":1.0},{"damage":0.0,"enemies":"Small Slimes","floor":2.0,"turns":1.0},{"damage":0.0,"enemies":"Gremlin Nob","floor":6.0,"turns":1.0},{"damage":22.0,"enemies":"Lagavulin","floor":8.0,"turns":5.0},{"damage":0.0,"enemies":"Cultist","floor":10.0,"turns":3.0},{"damage":14.0,"enemies":"Exordium Thugs","floor":11.0,"turns":3.0},{"damage":2.0,"enemies":"3 Sentries","floor":12.0,"turns":6.0},{"damage":0.0,"enemies":"Lots of Slimes","floor":13.0,"turns":1.0},{"damage":0,"enemies":"Large Slime","floor":14,"turns":5},{"damage":12,"enemies":"The Guardian","floor":16,"turns":11},{"damage":16,"enemies":"Shell Parasite","floor":18,"turns":6},{"damage":0,"enemies":"Spheric Guardian","floor":19,"turns":2},{"damage":1,"enemies":"Centurion and Healer","floor":21,"turns":6},{"damage":33,"enemies":"Book of Stabbing","floor":23,"turns":6},{"damage":0,"enemies":"Chosen and Byrds","floor":24,"turns":6},{"damage":0,"enemies":"Gremlin Leader","floor":25,"turns":5},{"damage":0,"enemies":"Cultist and Chosen","floor":29,"turns":6},{"damage":6,"enemies":"Centurion and Healer","floor":30,"turns":8},{"damage":0,"enemies":"Book of Stabbing","floor":31,"turns":6},{"damage":44,"enemies":"Automaton","floor":33,"turns":12},{"damage":0,"enemies":"Orb Walker","floor":35,"turns":3},{"damage":0,"enemies":"3 Shapes","floor":36,"turns":5},{"damage":0,"enemies":"Jaw Worm Horde","floor":38,"turns":5},{"damage":1,"enemies":"Nemesis","floor":41,"turns":7},{"damage":0,"enemies":"4 Shapes","floor":44,"turns":5},{"damage":0,"enemies":"Reptomancer","floor":45,"turns":9},{"damage":0,"enemies":"Spire Growth","floor":46,"turns":6},{"damage":0,"enemies":"Giant Head","floor":48,"turns":11},{"damage":0,"enemies":"Awakened One","floor":50,"turns":28},{"damage":0,"enemies":"Time Eater","floor":51,"turns":17},{"damage":19,"enemies":"Shield and Spear","floor":55,"turns":19},{"damage":84,"enemies":"The Heart","floor":56,"turns":13}],"seed_played":"-5456644105431204449","potions_obtained":[{"floor":1.0,"key":"EntropicBrew"},{"floor":4.0,"key":"Explosive Potion"},{"floor":29,"key":"SpeedPotion"},{"floor":33,"key":"GamblersBrew"}],"is_trial":false,"path_per_floor":["M","M","?","?","$","E","R","E","T","M","M","E","M","M","R","B",null,"M","M","?","M","$","E","M","E","T","R","?","M","M","E","R","B",null,"M","M","?","M","$","R","E","R","T","M","E","M","?","E","R","B","B",null,"R","$","E","B",null],"character_chosen":"DEFECT","items_purchased":["Sweeping Beam","Glacier","Bronze Scales","Double Energy+1","DollysMirror","Toy Ornithopter"],"campfire_rested":0,"item_purchase_floors":[5,22,22,39,39,54],"current_hp_per_floor":[64,64,69,69,69,69,69,54,54,54,47,52,52,59,59,54,71,62,69,69,75,75,49,56,63,63,63,63,63,64,71,71,34,66,66,73,73,76,76,76,76,76,76,76,76,76,76,76,76,76,76,76,76,76,71,14],"gold":46,"neow_bonus":"THREE_ENEMY_KILL","is_prod":false,"is_daily":false,"chose_seed":false,"campfire_upgraded":7,"win_rate":0,"timestamp":1560566682,"path_taken":["M","M","?","?","$","E","R","E","T","M","M","E","M","M","R","BOSS","M","?","?","M","$","E","?","E","T","R","?","?","M","E","R","BOSS","M","M","?","M","$","R","E","R","T","M","E","M","?","E","R","BOSS","BOSS","R","$","E","BOSS"],"build_version":"2019-01-23","purchased_purges":1,"victory":true,"max_hp_per_floor":[71,71,76,76,76,76,76,76,76,76,76,76,76,76,76,76,76,76,76,76,76,76,76,76,76,76,76,76,76,76,76,76,76,76,76,76,76,76,76,76,76,76,76,76,76,76,76,76,76,76,76,76,76,76,76,76],"card_choices":[{"not_picked":["Redo","Turbo"],"picked":"Rip and Tear","floor":1.0},{"not_picked":["Stack","Go for the Eyes"],"picked":"Cold Snap","floor":2.0},{"not_picked":["Chaos","Beam Cell"],"picked":"Self Repair","floor":6.0},{"not_picked":["Conserve Battery","Leap"],"picked":"Consume","floor":8.0},{"not_picked":["Gash","Go for the Eyes"],"picked":"Ball Lightning","floor":10.0},{"not_picked":["Turbo","Sweeping Beam"],"picked":"Defragment","floor":11.0},{"not_picked":["Steam Power","Streamline"],"picked":"Reboot","floor":12.0},{"not_picked":["Hello World","Stack","Gash"],"picked":"SKIP","floor":13},{"not_picked":["Hologram","Scrape"],"picked":"Conserve Battery","floor":14},{"not_picked":["Creative AI","Fission"],"picked":"Seek","floor":16},{"not_picked":["Steam","Barrage"],"picked":"Loop","floor":18},{"not_picked":["Rebound","Stack"],"picked":"Hologram","floor":19},{"not_picked":["Ball Lightning","Gash"],"picked":"Steam","floor":21},{"not_picked":["Consume+1","FTL"],"picked":"Defragment","floor":23},{"not_picked":["Ball Lightning+1","Consume"],"picked":"Undo","floor":24},{"not_picked":["Reprogram","Conserve Battery"],"picked":"Genetic Algorithm+1","floor":25},{"not_picked":["Static Discharge","Ball Lightning","Rebound"],"picked":"Buffer","floor":29},{"not_picked":["Darkness","Steam+1","Gash"],"picked":"Go for the Eyes+1","floor":30},{"not_picked":["Go for the Eyes+1","Darkness","Static Discharge"],"picked":"Glacier","floor":31},{"not_picked":["Buffer","Machine Learning","All For One"],"picked":"Fission+1","floor":33},{"not_picked":["Reprogram+1","Barrage","Fusion+1","Chaos+1"],"picked":"SKIP","floor":35},{"not_picked":["Melter","Beam Cell","Self Repair"],"picked":"Glacier+1","floor":36},{"not_picked":["Recycle+1","FTL","Cold Snap"],"picked":"Loop+1","floor":38},{"not_picked":["Sweeping Beam","Steam+1","Steam Power+1"],"picked":"Hologram+1","floor":41},{"not_picked":["Compile Driver","Redo+1","FTL","Streamline"],"picked":"SKIP","floor":44},{"not_picked":["Turbo+1","Gash","Reprogram+1"],"picked":"Aggregate+1","floor":45},{"not_picked":["Steam+1","Blizzard","Leap+1","Rebound"],"picked":"SKIP","floor":46},{"not_picked":["Hologram+1","Steam+1","Redo+1"],"picked":"Amplify+1","floor":48},{"not_picked":["Lockon","Force Field+1","Thunder Strike"],"picked":"Darkness+1","floor":55}],"player_experience":933611,"relics_obtained":[{"floor":6.0,"key":"Orichalcum"},{"floor":8.0,"key":"Gremlin Horn"},{"floor":9.0,"key":"Whetstone"},{"floor":12.0,"key":"Bottled Flame"},{"floor":23,"key":"Symbiotic Virus"},{"floor":25,"key":"Question Card"},{"floor":26,"key":"Dead Branch"},{"floor":31,"key":"Toxic Egg 2"},{"floor":41,"key":"Happy Flower"},{"floor":45,"key":"Unceasing Top"},{"floor":48,"key":"Oddly Smooth Stone"},{"floor":55,"key":"Nunchaku"}],"event_choices":[{"damage_healed":0.0,"max_hp_gain":5.0,"max_hp_loss":0.0,"gold_gain":0.0,"event_name":"Big Fish","player_choice":"Donut","floor":3.0,"gold_loss":0.0,"damage_taken":0.0},{"damage_healed":0.0,"max_hp_gain":0.0,"max_hp_loss":0.0,"gold_gain":0.0,"event_name":"Lab","player_choice":"Got Potions","floor":4.0,"gold_loss":0.0,"damage_taken":0.0},{"cards_removed":["Auto Shields"],"damage_healed":0,"gold_gain":0,"player_choice":"Gave Card","damage_taken":0,"relics_obtained":["DataDisk"],"max_hp_gain":0,"max_hp_loss":0,"event_name":"WeMeetAgain","floor":20,"gold_loss":0},{"damage_healed":0,"gold_gain":50,"player_choice":"Pray","damage_taken":0,"max_hp_gain":0,"max_hp_loss":0,"event_name":"Golden Shrine","floor":28,"gold_loss":0},{"damage_healed":0,"gold_gain":0,"player_choice":"Ignored","damage_taken":0,"max_hp_gain":0,"max_hp_loss":0,"event_name":"Tomb of Lord Red Mask","floor":37,"gold_loss":0},{"cards_removed":["Beam Cell"],"damage_healed":0,"gold_gain":0,"player_choice":"Removed Attack","damage_taken":0,"max_hp_gain":0,"max_hp_loss":0,"event_name":"Falling","floor":47,"gold_loss":0}],"is_beta":false,"boss_relics":[{"not_picked":["Runic Dome","Velvet Choker"],"picked":"Pandora\u0027s Box"},{"not_picked":["Empty Cage","FrozenCore"],"picked":"Coffee Dripper"}],"items_purged_floors":[5],"is_endless":false,"potions_floor_spawned":[1,11,12,13,14,21,23,29,30,33,35,38,48],"ascension_level":20}