{"gold_per_floor":[110,32,51,69,29,29,63,63,88,88,106,106,121,146,146,223,223,235,255,269,82,99,99,130,130,130,161,187,187,221,32,32,32],"floor_reached":33,"playtime":1950,"items_purged":["Strike_R"],"score":716,"play_id":"c21cdd28-e86e-4aa1-a1cc-7afd2ac65786","local_time":"20190421214324","is_ascension_mode":true,"campfire_choices":[{"data":"Whirlwind","floor":6.0,"key":"SMITH"},{"data":"Bash","floor":10.0,"key":"SMITH"},{"data":"Disarm","floor":12.0,"key":"SMITH"},{"data":"Clothesline","floor":15.0,"key":"SMITH"},{"data":"Feed","floor":23.0,"key":"SMITH"},{"data":"Armaments","floor":25.0,"key":"SMITH"},{"floor":29.0,"key":"REST"},{"floor":32.0,"key":"REST"}],"neow_cost":"NONE","seed_source_timestamp":356251549404300,"circlet_count":0,"master_deck":["AscendersBane","Strike_R","Strike_R","Strike_R","Defend_R","Defend_R+1","Defend_R","Defend_R","Bash+1","Feel No Pain","Metallicize","Whirlwind+1","Clothesline+1","Disarm+1","Burning Pact","Twin Strike","Shrug It Off","True Grit+1","Feed+1","Reckless Charge","Armaments+1","Evolve","True Grit+1","Exhume+1","Shockwave+1","Spot Weakness+1","Flame Barrier+1"],"special_seed":0,"relics":["Burning Blood","Bag of Preparation","Orichalcum","War Paint","Mark of Pain","Oddly Smooth Stone","Toxic Egg 2","WingedGreaves","Centennial Puzzle","Ice Cream","Dodecahedron"],"potions_floor_usage":[],"damage_taken":[{"damage":1.0,"enemies":"Cultist","floor":1.0,"turns":4.0},{"damage":1.0,"enemies":"Small Slimes","floor":3.0,"turns":4.0},{"damage":10.0,"enemies":"Jaw Worm","floor":4.0,"turns":5.0},{"damage":3.0,"enemies":"Looter","floor":5.0,"turns":4.0},{"damage":26.0,"enemies":"3 Sentries","floor":7.0,"turns":8.0},{"damage":3.0,"enemies":"Blue Slaver","floor":11.0,"turns":7.0},{"damage":3.0,"enemies":"2 Fungi Beasts","floor":13.0,"turns":5.0},{"damage":6.0,"enemies":"Gremlin Nob","floor":14.0,"turns":4.0},{"damage":12.0,"enemies":"The Guardian","floor":16.0,"turns":16.0},{"damage":19.0,"enemies":"Chosen","floor":18.0,"turns":9.0},{"damage":5.0,"enemies":"Shell Parasite","floor":19.0,"turns":8.0},{"damage":7.0,"enemies":"Snake Plant","floor":20.0,"turns":8.0},{"damage":11.0,"enemies":"Shelled Parasite and Fungi","floor":22.0,"turns":7.0},{"damage":14.0,"enemies":"Slavers","floor":24.0,"turns":4.0},{"damage":31.0,"enemies":"Gremlin Leader","floor":27.0,"turns":9.0},{"damage":42.0,"enemies":"Slavers","floor":28.0,"turns":9.0},{"damage":16.0,"enemies":"Book of Stabbing","floor":30.0,"turns":8.0},{"damage":94,"enemies":"Collector","floor":33,"turns":8}],"seed_played":"3767527579837503749","potions_obtained":[{"floor":3.0,"key":"GamblersBrew"},{"floor":4.0,"key":"Ancient Potion"},{"floor":14.0,"key":"Regen Potion"},{"floor":16.0,"key":"Fire Potion"},{"floor":24.0,"key":"Weak Potion"},{"floor":28.0,"key":"BloodPotion"}],"is_trial":false,"path_per_floor":["M","$","M","M","M","R","E","?","T","R","M","R","M","E","R","B",null,"M","M","M","$","M","R","E","R","T","E","E","R","E","$","R","B"],"character_chosen":"IRONCLAD","items_purchased":["Metallicize","Oddly Smooth Stone","Armaments","Spot Weakness+1","Flame Barrier+1"],"campfire_rested":2,"item_purchase_floors":[2,21,21,31,31],"current_hp_per_floor":[80,80,82,78,81,81,61,61,61,61,64,64,67,67,67,61,77,67,71,73,73,71,71,67,67,67,46,14,45,49,49,82,0],"gold":32,"neow_bonus":"TEN_PERCENT_HP_BONUS","is_prod":false,"is_daily":false,"chose_seed":false,"campfire_upgraded":6,"win_rate":0,"timestamp":1555897404,"path_taken":["M","$","M","M","M","R","E","?","T","R","M","R","M","E","R","BOSS","M","M","M","$","M","R","E","R","T","E","E","R","E","$","R","BOSS"],"build_version":"2019-01-23","purchased_purges":1,"victory":false,"max_hp_per_floor":[82,82,82,82,82,82,82,82,82,82,82,82,82,82,82,82,82,85,88,91,91,94,94,98,98,98,102,106,106,110,110,110,110],"card_choices":[{"not_picked":["Heavy Blade","True Grit"],"picked":"Feel No Pain","floor":1.0},{"not_picked":["Thunderclap","True Grit"],"picked":"Whirlwind","floor":3.0},{"not_picked":["Dual Wield","Body Slam"],"picked":"Clothesline","floor":4.0},{"not_picked":["Headbutt","Evolve"],"picked":"Disarm","floor":5.0},{"not_picked":["Rage","Blood for Blood"],"picked":"Burning Pact","floor":7.0},{"not_picked":["True Grit","Dropkick"],"picked":"Twin Strike","floor":11.0},{"not_picked":["Metallicize","Berserk"],"picked":"Shrug It Off","floor":13.0},{"not_picked":["Evolve","Intimidate"],"picked":"True Grit","floor":14.0},{"not_picked":["Bludgeon","Limit Break"],"picked":"Feed","floor":16.0},{"not_picked":["Flex","Body Slam","Cleave"],"picked":"SKIP","floor":18.0},{"not_picked":["Rupture","Intimidate"],"picked":"Reckless Charge","floor":19.0},{"not_picked":["Fire Breathing","Iron Wave","Flex"],"picked":"SKIP","floor":20.0},{"not_picked":["Second Wind","Wild Strike"],"picked":"Evolve","floor":22.0},{"not_picked":["Whirlwind+1","Warcry","Brutality"],"picked":"SKIP","floor":24.0},{"not_picked":["Bloodletting+1","Searing Blow+1"],"picked":"True Grit+1","floor":27.0},{"not_picked":["Perfected Strike","Metallicize"],"picked":"Exhume+1","floor":28.0},{"not_picked":["Body Slam","Perfected Strike"],"picked":"Shockwave+1","floor":30.0}],"player_experience":759953,"relics_obtained":[{"floor":7.0,"key":"Bag of Preparation"},{"floor":9.0,"key":"Orichalcum"},{"floor":14.0,"key":"War Paint"},{"floor":24.0,"key":"Toxic Egg 2"},{"floor":26.0,"key":"WingedGreaves"},{"floor":27.0,"key":"Centennial Puzzle"},{"floor":28.0,"key":"Ice Cream"},{"floor":30.0,"key":"Dodecahedron"}],"event_choices":[{"cards_removed":["Strike_R"],"damage_healed":0.0,"max_hp_gain":0.0,"max_hp_loss":0.0,"gold_gain":0.0,"event_name":"Bonfire Elementals","player_choice":"Offered Basic","floor":8.0,"gold_loss":0.0,"damage_taken":0.0}],"is_beta":false,"boss_relics":[{"not_picked":["Runic Dome","Tiny House"],"picked":"Mark of Pain"}],"items_purged_floors":[31],"is_endless":false,"potions_floor_spawned":[3,4,14,16,22,24,28],"killed_by":"Collector","ascension_level":20}