{"gold_per_floor":[13,29,43,43,3,3,21,21,45,60,60,78,78,90,90,189,189,202,127,138,318,329,329,361,373,420,420,447,447,464,483,483,583,583,594,612,712,712,432,432,451,482,507,507,507,507,527,542,542,542,542,542,127,160,160],"floor_reached":56,"playtime":3480,"items_purged":["Strike_R","Clumsy"],"score":1718,"play_id":"8d9b7a54-7ca6-488e-a9a7-4cceee0cace8","local_time":"20190930003129","is_ascension_mode":true,"campfire_choices":[{"data":"Searing Blow+1","floor":6,"key":"SMITH"},{"data":"Searing Blow+2","floor":8,"key":"SMITH"},{"data":"Searing Blow+4","floor":13,"key":"SMITH"},{"data":"Searing Blow+5","floor":15,"key":"SMITH"},{"data":"Searing Blow+6","floor":23,"key":"SMITH"},{"floor":27,"key":"REST"},{"data":"Searing Blow+7","floor":29,"key":"SMITH"},{"data":"Searing Blow+8","floor":32,"key":"SMITH"},{"data":"Searing Blow+9","floor":40,"key":"SMITH"},{"floor":46,"key":"RECALL"},{"floor":49,"key":"REST"},{"data":"Searing Blow+10","floor":52,"key":"SMITH"}],"neow_cost":"NO_GOLD","seed_source_timestamp":1500725095216300,"circlet_count":0,"master_deck":["Strike_R+1","Defend_R","Defend_R","Defend_R","Defend_R","Bash+1","Searing Blow+11","Disarm","Burning Pact","Spot Weakness","Shrug It Off","True Grit","True Grit","Armaments","Barricade","Armaments","Warcry+1","Armaments","Corruption","Metallicize","Armaments","Impervious","Uppercut+1","Power Through+1","Rage","Warcry","Clash+1","Sadistic Nature","Battle Trance+1","Armaments+1","Violence","Fire Breathing","Juggernaut"],"relics":["Burning Blood","CaptainsWheel","Snecko Eye","Art of War","Whetstone","Bronze Scales","Cursed Key","Gambling Chip","Membership Card","Tiny Chest","Champion Belt","Pen Nib","Cauldron","Lantern","Vajra","Bag of Marbles"],"potions_floor_usage":[16,16,24,24,31,33,41,47,50,55,55,55,55,55],"damage_taken":[{"damage":2,"enemies":"Jaw Worm","floor":1,"turns":4},{"damage":1,"enemies":"Cultist","floor":2,"turns":4},{"damage":12,"enemies":"Small Slimes","floor":3,"turns":4},{"damage":12,"enemies":"3 Louse","floor":7,"turns":6},{"damage":13,"enemies":"Exordium Thugs","floor":10,"turns":5},{"damage":7,"enemies":"Exordium Wildlife","floor":12,"turns":4},{"damage":6,"enemies":"2 Fungi Beasts","floor":14,"turns":4},{"damage":31,"enemies":"Hexaghost","floor":16,"turns":6},{"damage":0,"enemies":"Shell Parasite","floor":18,"turns":1},{"damage":1,"enemies":"3 Byrds","floor":20,"turns":4},{"damage":13,"enemies":"Centurion and Healer","floor":22,"turns":4},{"damage":40,"enemies":"Gremlin Leader","floor":24,"turns":4},{"damage":0,"enemies":"Snecko","floor":25,"turns":2},{"damage":0,"enemies":"Book of Stabbing","floor":28,"turns":4},{"damage":0,"enemies":"Sentry and Sphere","floor":30,"turns":4},{"damage":0,"enemies":"Snake Plant","floor":31,"turns":3},{"damage":33,"enemies":"Collector","floor":33,"turns":6},{"damage":1,"enemies":"Orb Walker","floor":35,"turns":2},{"damage":5,"enemies":"3 Darklings","floor":36,"turns":5},{"damage":0,"enemies":"Mind Bloom Boss Battle","floor":37,"turns":7},{"damage":15,"enemies":"Transient","floor":41,"turns":5},{"damage":0,"enemies":"Giant Head","floor":42,"turns":5},{"damage":12,"enemies":"Maw","floor":47,"turns":5},{"damage":23,"enemies":"3 Darklings","floor":48,"turns":6},{"damage":18,"enemies":"Awakened One","floor":50,"turns":8},{"damage":11,"enemies":"Shield and Spear","floor":54,"turns":5},{"damage":1,"enemies":"The Heart","floor":55,"turns":7}],"seed_played":"-7104122715346605014","potions_obtained":[{"floor":3,"key":"FairyPotion"},{"floor":10,"key":"SkillPotion"},{"floor":12,"key":"FearPotion"},{"floor":14,"key":"AttackPotion"},{"floor":18,"key":"BloodPotion"},{"floor":20,"key":"LiquidBronze"},{"floor":24,"key":"Block Potion"},{"floor":28,"key":"EntropicBrew"},{"floor":36,"key":"PowerPotion"},{"floor":42,"key":"Energy Potion"},{"floor":48,"key":"GamblersBrew"},{"floor":53,"key":"EntropicBrew"},{"floor":53,"key":"EntropicBrew"},{"floor":53,"key":"AttackPotion"}],"is_trial":false,"path_per_floor":["M","M","M","?","$","R","M","R","T","M","?","M","R","M","R","B",null,"M","?","M","?","M","R","E","M","T","R","E","R","M","M","R","B",null,"M","M","?","?","$","R","M","E","T","?","?","R","M","M","R","B",null,"R","$","E","B",null],"character_chosen":"IRONCLAD","items_purchased":["Spot Weakness","Membership Card","Tiny Chest","Rage","Warcry","Cauldron","Lantern","Vajra","Violence","Fire Breathing"],"campfire_rested":2,"item_purchase_floors":[5,39,39,39,39,53,53,53,53,53],"current_hp_per_floor":[76,80,74,74,74,74,68,68,68,61,61,60,60,60,60,35,69,75,75,80,56,49,49,31,37,37,61,67,67,73,79,79,52,73,78,79,80,80,80,80,71,77,77,77,77,77,71,54,78,66,77,77,77,72,77],"gold":160,"neow_bonus":"ONE_RARE_RELIC","is_prod":false,"is_daily":false,"chose_seed":false,"campfire_upgraded":9,"win_rate":0,"timestamp":1569817889,"path_taken":["M","M","M","?","?","R","M","R","T","M","?","M","R","M","R","BOSS","M","?","M","?","M","R","E","M","T","R","E","R","M","M","R","BOSS","M","M","?","?","$","R","M","E","T","?","?","R","?","M","R","BOSS","R","$","E","BOSS"],"build_version":"2019-09-27","purchased_purges":2,"victory":true,"max_hp_per_floor":[80,80,80,80,80,80,80,80,80,80,80,80,80,80,80,80,80,80,80,80,80,80,80,80,80,80,80,80,80,80,80,80,80,80,80,80,80,80,80,80,80,80,80,80,80,80,80,80,80,80,80,80,80,80,80],"card_choices":[{"not_picked":["Sword Boomerang","Perfected Strike"],"picked":"Searing Blow","floor":1},{"not_picked":["Corruption","Pommel Strike"],"picked":"Disarm","floor":2},{"not_picked":["Entrench","Combust"],"picked":"Burning Pact","floor":3},{"not_picked":["Anger","Flex"],"picked":"Shrug It Off","floor":7},{"not_picked":["Corruption","Pommel Strike"],"picked":"True Grit","floor":10},{"not_picked":["Clash","Shockwave"],"picked":"True Grit","floor":12},{"not_picked":["Shockwave","Cleave"],"picked":"Armaments","floor":14},{"not_picked":["Berserk","Juggernaut"],"picked":"Barricade","floor":16},{"not_picked":["Entrench","Wild Strike"],"picked":"Armaments","floor":18},{"not_picked":["Headbutt","Clothesline+1","Iron Wave"],"picked":"SKIP","floor":20},{"not_picked":["Clash+1","Sword Boomerang"],"picked":"Warcry+1","floor":22},{"not_picked":["Immolate","Havoc+1"],"picked":"Armaments","floor":24},{"not_picked":["Wild Strike+1","Sever Soul"],"picked":"Corruption","floor":25},{"not_picked":["Rage","Reckless Charge"],"picked":"Metallicize","floor":28},{"not_picked":["Clothesline+1","Warcry","Cleave"],"picked":"SKIP","floor":30},{"not_picked":["Inflame+1","Carnage"],"picked":"Armaments","floor":31},{"not_picked":["Exhume","Juggernaut"],"picked":"Impervious","floor":33},{"not_picked":["Clothesline+1","Sword Boomerang+1"],"picked":"Uppercut+1","floor":35},{"not_picked":["Sword Boomerang+1","Anger"],"picked":"Power Through+1","floor":36},{"not_picked":["Flex","Blood for Blood+1","Whirlwind+1"],"picked":"SKIP","floor":41},{"not_picked":["Seeing Red","Ghostly Armor"],"picked":"Clash+1","floor":42},{"not_picked":["Trip","Madness"],"picked":"Sadistic Nature","floor":44},{"not_picked":["Dropkick","Bloodletting+1"],"picked":"Battle Trance+1","floor":47},{"not_picked":["Havoc","Perfected Strike"],"picked":"Armaments+1","floor":48},{"not_picked":["Pommel Strike+1","Heavy Blade"],"picked":"Juggernaut","floor":54}],"player_experience":204216,"relics_obtained":[{"floor":24,"key":"Art of War"},{"floor":26,"key":"Whetstone"},{"floor":28,"key":"Bronze Scales"},{"floor":37,"key":"Gambling Chip"},{"floor":42,"key":"Champion Belt"},{"floor":43,"key":"Pen Nib"},{"floor":54,"key":"Bag of Marbles"}],"event_choices":[{"damage_healed":0,"gold_gain":0,"player_choice":"Upgraded","damage_taken":0,"max_hp_gain":0,"max_hp_loss":0,"event_name":"Upgrade Shrine","floor":4,"gold_loss":0,"cards_upgraded":["Searing Blow"]},{"damage_healed":0,"gold_gain":0,"player_choice":"Grow","damage_taken":0,"max_hp_gain":0,"max_hp_loss":0,"event_name":"Living Wall","floor":11,"gold_loss":0,"cards_upgraded":["Searing Blow"]},{"cards_removed":["Strike_R"],"damage_healed":0,"gold_gain":0,"player_choice":"Gave Gold","damage_taken":0,"max_hp_gain":0,"max_hp_loss":0,"event_name":"Beggar","floor":19,"gold_loss":75},{"damage_healed":0,"gold_gain":180,"player_choice":"GOLD GOLD ","damage_taken":24,"max_hp_gain":0,"max_hp_loss":0,"event_name":"Knowing Skull","floor":21,"potions_obtained":[],"gold_loss":0,"cards_obtained":[]},{"damage_healed":0,"gold_gain":0,"player_choice":"Fight","damage_taken":0,"max_hp_gain":0,"max_hp_loss":0,"event_name":"MindBloom","floor":37,"gold_loss":0},{"cards_removed":["Strike_R"],"damage_healed":0,"gold_gain":0,"player_choice":"Removed Attack","damage_taken":0,"max_hp_gain":0,"max_hp_loss":0,"event_name":"Falling","floor":38,"gold_loss":0},{"damage_healed":0,"gold_gain":0,"player_choice":"Memory 1","damage_taken":0,"max_hp_gain":0,"max_hp_loss":0,"event_name":"SensoryStone","floor":44,"gold_loss":0},{"cards_removed":["Strike_R"],"damage_healed":0,"gold_gain":0,"player_choice":"Purged","damage_taken":0,"max_hp_gain":0,"max_hp_loss":0,"event_name":"Purifier","floor":45,"gold_loss":0}],"is_beta":true,"boss_relics":[{"not_picked":["Fusion Hammer","Runic Cube"],"picked":"Snecko Eye"},{"not_picked":["Sozu","Astrolabe"],"picked":"Cursed Key"}],"items_purged_floors":[39,53],"is_endless":false,"potions_floor_spawned":[3,10,12,14,18,20,24,28,36,42,48],"ascension_level":9}