{"gold_per_floor":[110,167,180,16,91,91,122,122,122,122,136,166,200,224,236,321,333,363,375],"floor_reached":19,"playtime":555,"items_purged":[],"score":350,"play_id":"ab072d26-0349-4b05-91af-b0f8a42fe1f5","local_time":"20190927125907","is_ascension_mode":true,"campfire_choices":[{"data":"Uppercut","floor":6,"key":"SMITH"},{"data":"Inflame","floor":10,"key":"SMITH"},{"data":"Barricade","floor":15,"key":"SMITH"}],"neow_cost":"NONE","seed_source_timestamp":909793129764300,"circlet_count":0,"master_deck":["AscendersBane","Strike_R+1","Strike_R+1","Strike_R","Strike_R","Strike_R","Defend_R","Defend_R","Defend_R","Defend_R","Bash+1","Inflame+1","Feel No Pain","Feed","Uppercut+1","Juggernaut","Reckless Charge","Barricade+1","Feed","Flame Barrier"],"relics":["Burning Blood","Whetstone","Toy Ornithopter","MawBank","Fusion Hammer"],"potions_floor_usage":[14],"damage_taken":[{"damage":9,"enemies":"Jaw Worm","floor":1,"turns":4},{"damage":2,"enemies":"2 Louse","floor":3,"turns":4},{"damage":19,"enemies":"3 Sentries","floor":7,"turns":12},{"damage":0,"enemies":"Cultist","floor":11,"turns":4},{"damage":6,"enemies":"Gremlin Nob","floor":13,"turns":3},{"damage":6,"enemies":"Looter","floor":14,"turns":4},{"damage":76,"enemies":"The Guardian","floor":16,"turns":17},{"damage":45,"enemies":"Shell Parasite","floor":18,"turns":6},{"damage":29,"enemies":"Chosen","floor":19,"turns":3}],"seed_played":"-7768212371382117584","potions_obtained":[{"floor":3,"key":"Swift Potion"},{"floor":7,"key":"SpeedPotion"},{"floor":8,"key":"Block Potion"},{"floor":8,"key":"FearPotion"},{"floor":11,"key":"FairyPotion"},{"floor":14,"key":"Energy Potion"},{"floor":18,"key":"PowerPotion"}],"is_trial":false,"path_per_floor":["M","?","M","$","?","R","E","?","T","R","M","?","E","M","R","B",null,"M","M"],"character_chosen":"IRONCLAD","items_purchased":["Feed","Uppercut"],"campfire_rested":0,"item_purchase_floors":[4,4],"current_hp_per_floor":[65,65,69,69,58,58,48,48,48,48,54,54,54,59,59,13,62,23,0],"gold":375,"neow_bonus":"UPGRADE_CARD","is_prod":false,"is_daily":false,"chose_seed":false,"campfire_upgraded":3,"win_rate":0,"timestamp":1569614347,"path_taken":["M","?","M","$","?","R","E","?","T","R","?","?","E","M","R","BOSS","M","M"],"build_version":"2019-09-26","purchased_purges":0,"victory":false,"max_hp_per_floor":[75,75,75,75,75,75,78,78,78,78,78,78,78,78,78,78,78,78,78],"card_choices":[{"not_picked":["Pommel Strike","Armaments"],"picked":"Inflame","floor":1},{"not_picked":["Shrug It Off","Sentinel"],"picked":"Feel No Pain","floor":3},{"not_picked":["Thunderclap","Cleave"],"picked":"Juggernaut","floor":7},{"not_picked":["Clash","Pommel Strike"],"picked":"Reckless Charge","floor":11},{"not_picked":["Wild Strike","Havoc"],"picked":"Barricade","floor":13},{"not_picked":["Pommel Strike","Thunderclap","Searing Blow"],"picked":"SKIP","floor":14},{"not_picked":["Demon Form","Limit Break"],"picked":"Feed","floor":16},{"not_picked":["Warcry+1","Thunderclap+1"],"picked":"Flame Barrier","floor":18}],"player_experience":1062647,"relics_obtained":[{"floor":7,"key":"Whetstone"},{"floor":9,"key":"Toy Ornithopter"},{"floor":13,"key":"MawBank"}],"event_choices":[{"damage_healed":0,"gold_gain":57,"player_choice":"Gained Gold","damage_taken":0,"max_hp_gain":0,"max_hp_loss":0,"event_name":"Golden Wing","floor":2,"gold_loss":0},{"damage_healed":0,"gold_gain":75,"player_choice":"Gather Gold","damage_taken":11,"max_hp_gain":0,"max_hp_loss":0,"event_name":"World of Goop","floor":5,"gold_loss":0},{"damage_healed":0,"gold_gain":0,"player_choice":"Got Potions","damage_taken":0,"max_hp_gain":0,"max_hp_loss":0,"event_name":"Lab","floor":8,"gold_loss":0},{"damage_healed":0,"gold_gain":30,"player_choice":"Searched \u00271\u0027 times","damage_taken":0,"max_hp_gain":0,"max_hp_loss":0,"event_name":"Dead Adventurer","floor":12,"gold_loss":0}],"is_beta":true,"boss_relics":[{"not_picked":["Black Star","Coffee Dripper"],"picked":"Fusion Hammer"}],"items_purged_floors":[],"is_endless":false,"potions_floor_spawned":[3,7,11,14,18],"killed_by":"Chosen","ascension_level":20}