{"gold_per_floor":[110,16,36,50,50,76,76,94,119,134,169,179,18,29,29,124,124,135,155,155,155,168,168,168],"floor_reached":24,"playtime":2268,"items_purged":[],"score":235,"play_id":"573979fa-5ae9-4f08-847e-c0f42173d655","local_time":"20190712005441","is_ascension_mode":false,"campfire_choices":[{"data":"Rupture","floor":7,"key":"SMITH"},{"data":"Bash","floor":15,"key":"SMITH"},{"floor":23,"key":"RECALL"}],"neow_cost":"NONE","seed_source_timestamp":82786845360810,"circlet_count":0,"master_deck":["Defend_R","Defend_R","Defend_R","Defend_R","Bash+1","Rupture+1","Shrug It Off","Blood for Blood","Intimidate","Twin Strike","Pain","Bloodletting","Blood for Blood","Heavy Blade","Immolate","Berserk","Dropkick","Demon Form","Hemokinesis","Cleave","J.A.X.","Bite","Bite","Bite","Bite","Bite","Infernal Blade"],"relics":["Burning Blood","WarpedTongs","Bag of Marbles","Red Skull","Boot","Black Star"],"potions_floor_usage":[6,11,11,19,22],"damage_taken":[{"damage":6,"enemies":"Cultist","floor":1,"turns":3},{"damage":0,"enemies":"Small Slimes","floor":3,"turns":3},{"damage":4,"enemies":"2 Louse","floor":4,"turns":3},{"damage":24,"enemies":"3 Sentries","floor":6,"turns":7},{"damage":5,"enemies":"Looter","floor":8,"turns":3},{"damage":0,"enemies":"Exordium Wildlife","floor":10,"turns":2},{"damage":11,"enemies":"Gremlin Nob","floor":11,"turns":4},{"damage":7,"enemies":"3 Louse","floor":12,"turns":3},{"damage":2,"enemies":"Looter","floor":14,"turns":2},{"damage":54,"enemies":"Hexaghost","floor":16,"turns":6},{"damage":22,"enemies":"3 Byrds","floor":18,"turns":4},{"damage":42,"enemies":"Shell Parasite","floor":19,"turns":5},{"damage":19,"enemies":"Cultist and Chosen","floor":22,"turns":4},{"damage":56,"enemies":"Slavers","floor":24,"turns":3}],"seed_played":"3675238859400085715","potions_obtained":[{"floor":1,"key":"EssenceOfSteel"},{"floor":6,"key":"Fire Potion"},{"floor":10,"key":"Block Potion"},{"floor":14,"key":"Energy Potion"},{"floor":18,"key":"BloodPotion"},{"floor":19,"key":"SkillPotion"}],"is_trial":false,"path_per_floor":["M","$","M","M","?","E","R","M","T","M","E","M","$","M","R","B",null,"M","M","?","?","M","R","E"],"character_chosen":"IRONCLAD","items_purchased":["Shrug It Off","Blood for Blood","Berserk"],"campfire_rested":0,"item_purchase_floors":[2,2,13],"current_hp_per_floor":[88,88,88,88,88,70,70,71,71,77,72,71,71,75,75,27,88,72,58,58,58,49,49,0],"gold":168,"neow_bonus":"TEN_PERCENT_HP_BONUS","is_prod":false,"is_daily":false,"chose_seed":false,"campfire_upgraded":2,"win_rate":0,"timestamp":1562910881,"path_taken":["M","$","?","M","?","E","R","M","T","M","E","M","?","M","R","BOSS","M","M","?","?","?","R","E"],"build_version":"2019-07-05","purchased_purges":0,"victory":false,"max_hp_per_floor":[88,88,88,88,88,88,88,88,88,88,88,88,88,88,88,88,88,88,88,88,61,61,61,61],"card_choices":[{"not_picked":["Uppercut","Clothesline"],"picked":"Rupture","floor":1},{"not_picked":["Wild Strike","Anger"],"picked":"Intimidate","floor":3},{"not_picked":["Clothesline","True Grit"],"picked":"Twin Strike","floor":4},{"not_picked":["Wild Strike","Inflame"],"picked":"Bloodletting","floor":6},{"not_picked":["Cleave","Clash"],"picked":"Blood for Blood","floor":8},{"not_picked":["Sword Boomerang","Burning Pact","Power Through"],"picked":"SKIP","floor":10},{"not_picked":["Sword Boomerang","Twin Strike"],"picked":"Heavy Blade","floor":11},{"not_picked":["Rage","Clothesline"],"picked":"Immolate","floor":12},{"not_picked":["Warcry","Iron Wave"],"picked":"Dropkick","floor":14},{"not_picked":["Berserk","Brutality"],"picked":"Demon Form","floor":16},{"not_picked":["Spot Weakness","Sword Boomerang"],"picked":"Hemokinesis","floor":18},{"not_picked":["Armaments","Perfected Strike+1"],"picked":"Cleave","floor":19},{"not_picked":["True Grit","Pommel Strike+1"],"picked":"Infernal Blade","floor":22}],"player_experience":115738,"relics_obtained":[{"floor":6,"key":"Bag of Marbles"},{"floor":9,"key":"Red Skull"},{"floor":11,"key":"Boot"}],"event_choices":[{"damage_healed":0,"gold_gain":0,"player_choice":"Rummage","damage_taken":0,"relics_obtained":["WarpedTongs"],"max_hp_gain":0,"max_hp_loss":0,"event_name":"Accursed Blacksmith","floor":5,"gold_loss":0,"cards_obtained":["Pain"]},{"damage_healed":0,"gold_gain":0,"player_choice":"Obtain J.A.X.","damage_taken":0,"max_hp_gain":0,"max_hp_loss":0,"event_name":"Drug Dealer","floor":20,"gold_loss":0,"cards_obtained":["J.A.X."]},{"damage_healed":0,"gold_gain":0,"player_choice":"Became a vampire","damage_taken":0,"max_hp_gain":0,"max_hp_loss":27,"event_name":"Vampires","floor":21,"gold_loss":0,"cards_obtained":["Bite","Bite","Bite","Bite","Bite"]}],"is_beta":false,"boss_relics":[{"not_picked":["Velvet Choker","White Beast Statue"],"picked":"Black Star"}],"items_purged_floors":[],"is_endless":false,"potions_floor_spawned":[1,6,10,14,18,19],"killed_by":"Slavers","ascension_level":0}