{"gold_per_floor":[361,42,52,52,72,72,89,89,89,89,89,120,136,155,155,228,228,184,184,5,18,18,18,46,46,117,135,135,167,167,167,167,243,243,260,260,274,89,189,221,231,231],"floor_reached":42,"playtime":2330,"items_purged":["Pain","Strike_R"],"score":1003,"play_id":"cedc8d4f-81c5-492f-9f57-2f2eeb0c2814","local_time":"20190418224841","is_ascension_mode":true,"campfire_choices":[{"data":"Inflame","floor":6.0,"key":"SMITH"},{"data":"Uppercut","floor":8.0,"key":"SMITH"},{"data":"Whirlwind","floor":11.0,"key":"SMITH"},{"data":"Inflame","floor":15.0,"key":"SMITH"},{"floor":23.0,"key":"REST"},{"floor":25.0,"key":"REST"},{"floor":28.0,"key":"REST"},{"data":"Corruption","floor":30,"key":"SMITH"},{"floor":32,"key":"REST"}],"neow_cost":"PERCENT_DAMAGE","seed_source_timestamp":100553133572152,"circlet_count":0,"master_deck":["AscendersBane","Strike_R","Strike_R","Strike_R","Defend_R","Defend_R","Defend_R","Defend_R","Bash","Shrug It Off","Inflame+1","Heavy Blade","Whirlwind+1","Uppercut+1","Shrug It Off","Inflame+1","Armaments","Limit Break","True Grit","Spot Weakness","Disarm","Shrug It Off","Corruption+1","Spot Weakness","Shockwave","Fiend Fire","Demon Form","Entrench","Purity","Blind","Shrug It Off","Body Slam","Feel No Pain","Entrench"],"special_seed":0,"relics":["Burning Blood","Prayer Wheel","Calipers","Nunchaku","Runic Pyramid","WarpedTongs","Lantern","Bottled Lightning","Question Card","Runic Dome","Peace Pipe","Singing Bowl"],"potions_floor_usage":[29,29,42,42,42],"damage_taken":[{"damage":7.0,"enemies":"Cultist","floor":1.0,"turns":4.0},{"damage":5.0,"enemies":"Small Slimes","floor":3.0,"turns":4.0},{"damage":0.0,"enemies":"Jaw Worm","floor":5.0,"turns":3.0},{"damage":18.0,"enemies":"Exordium Thugs","floor":7.0,"turns":6.0},{"damage":7.0,"enemies":"Lagavulin","floor":12.0,"turns":7.0},{"damage":2.0,"enemies":"2 Fungi Beasts","floor":13.0,"turns":4.0},{"damage":0.0,"enemies":"3 Louse","floor":14.0,"turns":1.0},{"damage":22.0,"enemies":"The Guardian","floor":16.0,"turns":11.0},{"damage":37.0,"enemies":"2 Thieves","floor":18.0,"turns":5.0},{"damage":10.0,"enemies":"Shell Parasite","floor":21.0,"turns":4.0},{"damage":48.0,"enemies":"Slavers","floor":24.0,"turns":4.0},{"damage":32.0,"enemies":"Cultist and Chosen","floor":27.0,"turns":5.0},{"damage":16,"enemies":"Gremlin Leader","floor":29,"turns":4},{"damage":22,"enemies":"Automaton","floor":33,"turns":7},{"damage":20,"enemies":"Orb Walker","floor":35,"turns":3},{"damage":11,"enemies":"3 Shapes","floor":37,"turns":8},{"damage":0,"enemies":"Mind Bloom Boss Battle","floor":39,"turns":6},{"damage":20,"enemies":"Giant Head","floor":40,"turns":6},{"damage":26,"enemies":"Transient","floor":41,"turns":6},{"damage":24,"enemies":"Reptomancer","floor":42,"turns":2}],"seed_played":"-925749425401967531","potions_obtained":[{"floor":7.0,"key":"SpeedPotion"},{"floor":12.0,"key":"LiquidBronze"},{"floor":24.0,"key":"Poison Potion"},{"floor":33,"key":"Poison Potion"},{"floor":37,"key":"PowerPotion"},{"floor":41,"key":"EntropicBrew"}],"is_trial":false,"path_per_floor":["M","$","M","$","M","R","M","R","T","?","R","E","M","M","R","B",null,"M","?","$","M","$","R","E","R","T","M","R","E","R","?","R","B",null,"M","?","M","$","?","E","M","E"],"character_chosen":"IRONCLAD","items_purchased":["Prayer Wheel","Disarm","Shrug It Off","Feel No Pain"],"campfire_rested":4,"item_purchase_floors":[2,20,20,38],"current_hp_per_floor":[49,49,50,50,56,56,44,44,44,44,44,43,47,53,53,37,66,35,35,35,31,31,53,11,33,33,7,29,19,19,19,41,25,63,49,44,39,39,45,33,17,0],"gold":231,"neow_bonus":"TWO_FIFTY_GOLD","is_prod":false,"is_daily":false,"chose_seed":false,"campfire_upgraded":5,"win_rate":0,"timestamp":1555642121,"path_taken":["M","$","M","?","M","R","M","R","T","?","R","E","M","M","R","BOSS","M","?","$","M","?","R","E","R","T","M","R","E","R","?","R","BOSS","M","?","M","$","?","E","M","E"],"build_version":"2019-01-23","purchased_purges":2,"victory":false,"max_hp_per_floor":[75,75,75,75,75,75,75,75,75,75,75,75,75,75,75,75,75,75,75,75,75,75,75,75,75,75,75,75,75,75,75,75,75,75,75,75,75,75,75,77,81,81],"card_choices":[{"not_picked":["Twin Strike","Heavy Blade"],"picked":"Shrug It Off","floor":1.0},{"not_picked":["Metallicize","Pommel Strike"],"picked":"Inflame","floor":3.0},{"not_picked":["Wild Strike","Intimidate"],"picked":"Heavy Blade","floor":3.0},{"not_picked":["Power Through","Reckless Charge","Intimidate"],"picked":"SKIP","floor":5.0},{"not_picked":["Ghostly Armor","Thunderclap","Intimidate"],"picked":"SKIP","floor":5.0},{"not_picked":["Havoc","Hemokinesis"],"picked":"Whirlwind","floor":7.0},{"not_picked":["Juggernaut","Clash"],"picked":"Uppercut","floor":7.0},{"not_picked":["Evolve","Sever Soul","Dual Wield"],"picked":"SKIP","floor":12.0},{"not_picked":["Heavy Blade","Wild Strike"],"picked":"Shrug It Off","floor":13.0},{"not_picked":["Sentinel","Wild Strike","Cleave"],"picked":"SKIP","floor":13.0},{"not_picked":["Flex","Perfected Strike"],"picked":"Inflame","floor":14.0},{"not_picked":["Anger","Iron Wave"],"picked":"Armaments","floor":14.0},{"not_picked":["Double Tap","Juggernaut"],"picked":"Limit Break","floor":16.0},{"not_picked":["Armaments","Evolve"],"picked":"True Grit","floor":18.0},{"not_picked":["Clash","Carnage"],"picked":"Spot Weakness","floor":18.0},{"not_picked":["Armaments","Shrug It Off"],"picked":"Corruption","floor":21.0},{"not_picked":["Clothesline","Inflame"],"picked":"Spot Weakness","floor":21.0},{"not_picked":["Thunderclap","Headbutt"],"picked":"Shockwave","floor":24.0},{"not_picked":["Rupture","Headbutt","Warcry"],"picked":"SKIP","floor":27.0},{"not_picked":["True Grit","Clothesline","Headbutt"],"picked":"SKIP","floor":27.0},{"not_picked":["Perfected Strike","Carnage"],"picked":"Fiend Fire","floor":29},{"not_picked":["Exhume","Fiend Fire","Feed"],"picked":"Demon Form","floor":33},{"not_picked":["Clash+1","Shrug It Off","Pommel Strike"],"picked":"Entrench","floor":35},{"not_picked":["Headbutt","Dual Wield","Fire Breathing","Heavy Blade"],"picked":"SKIP","floor":35},{"not_picked":["Good Instincts","Enlightenment","Magnetism"],"picked":"Purity","floor":36},{"not_picked":["Madness","Jack Of All Trades","HandOfGreed"],"picked":"Blind","floor":36},{"not_picked":["Wild Strike","Armaments","Clash"],"picked":"Shrug It Off","floor":37},{"not_picked":["Heavy Blade","Dual Wield","Infernal Blade"],"picked":"Body Slam","floor":37},{"not_picked":["Combust","Rampage","Flame Barrier"],"picked":"Entrench","floor":39},{"not_picked":["Headbutt","Flex","Pommel Strike","Intimidate"],"picked":"Singing Bowl","floor":40},{"not_picked":["Anger","True Grit","Headbutt+1","Infernal Blade+1"],"picked":"Singing Bowl","floor":41},{"not_picked":["Twin Strike","Rage","Heavy Blade","Armaments"],"picked":"Singing Bowl","floor":41}],"player_experience":728680,"relics_obtained":[{"floor":9.0,"key":"Calipers"},{"floor":12.0,"key":"Nunchaku"},{"floor":24.0,"key":"Lantern"},{"floor":26.0,"key":"Bottled Lightning"},{"floor":29,"key":"Question Card"},{"floor":39,"key":"Peace Pipe"},{"floor":40,"key":"Singing Bowl"}],"event_choices":[{"cards_removed":["Strike_R"],"damage_healed":0.0,"max_hp_gain":0.0,"max_hp_loss":0.0,"gold_gain":0.0,"event_name":"Living Wall","player_choice":"Forget","floor":10.0,"gold_loss":0.0,"damage_taken":0.0},{"damage_healed":0.0,"max_hp_gain":0.0,"max_hp_loss":0.0,"gold_gain":0.0,"event_name":"Accursed Blacksmith","player_choice":"Rummage","floor":19.0,"gold_loss":0.0,"damage_taken":0.0,"relics_obtained":["WarpedTongs"],"cards_obtained":["Pain"]},{"damage_healed":0,"gold_gain":0,"player_choice":"Ignored","damage_taken":0,"max_hp_gain":0,"max_hp_loss":0,"event_name":"The Mausoleum","floor":31,"gold_loss":0},{"damage_healed":0,"gold_gain":0,"player_choice":"Memory 2","damage_taken":5,"max_hp_gain":0,"max_hp_loss":0,"event_name":"SensoryStone","floor":36,"gold_loss":0},{"damage_healed":0,"gold_gain":0,"player_choice":"Fight","damage_taken":0,"max_hp_gain":0,"max_hp_loss":0,"event_name":"MindBloom","floor":39,"gold_loss":0}],"is_beta":false,"boss_relics":[{"not_picked":["Pandora\u0027s Box","Cursed Key"],"picked":"Runic Pyramid"},{"not_picked":["Orrery","Calling Bell"],"picked":"Runic Dome"}],"items_purged_floors":[20,38],"is_endless":false,"potions_floor_spawned":[7,12,13,24,33,37,39,41],"killed_by":"Reptomancer","ascension_level":20}