{"gold_per_floor":[110,160,175,23,23,23,54,66,66,66,80,5,15,25,25,103,103,118,118,64,75,90,90,117,117,194,211,211,12,12,12],"floor_reached":31,"playtime":1170,"items_purged":["Strike_B","Strike_B"],"score":510,"play_id":"343ff36e-3aa9-48e8-98cd-cfbc0996327d","local_time":"20190415185839","is_ascension_mode":true,"campfire_choices":[{"data":"Strike_B","floor":6,"key":"PURGE"},{"data":"Strike_B","floor":10,"key":"PURGE"},{"data":"Zap","floor":15,"key":"SMITH"},{"floor":23,"key":"REST"},{"floor":25,"key":"REST"},{"floor":30,"key":"REST"}],"neow_cost":"TEN_PERCENT_HP_LOSS","seed_source_timestamp":263316059554726,"circlet_count":0,"master_deck":["AscendersBane","Defend_B","Defend_B","Defend_B","Defend_B","Zap+1","Dualcast","Go for the Eyes","Cold Snap","Capacitor","Doom and Gloom","Sunder","Compile Driver","Genetic Algorithm","Genetic Algorithm","Creative AI+1","Coolheaded","Reinforced Body","Self Repair+1","Loop+1"],"relics":["Cracked Core","Peace Pipe","Cables","Frozen Egg 2","Busted Crown","Anchor","Matryoshka","PreservedInsect","Pantograph"],"potions_floor_usage":[7,16,16,24,31],"damage_taken":[{"damage":4,"enemies":"Jaw Worm","floor":1,"turns":4},{"damage":2,"enemies":"Cultist","floor":3,"turns":4},{"damage":17,"enemies":"Lagavulin","floor":7,"turns":5},{"damage":0,"enemies":"Small Slimes","floor":8,"turns":2},{"damage":7,"enemies":"Exordium Wildlife","floor":11,"turns":2},{"damage":4,"enemies":"Looter","floor":13,"turns":3},{"damage":9,"enemies":"2 Fungi Beasts","floor":14,"turns":3},{"damage":17,"enemies":"The Guardian","floor":16,"turns":11},{"damage":14,"enemies":"3 Byrds","floor":18,"turns":5},{"damage":15,"enemies":"Chosen","floor":21,"turns":5},{"damage":12,"enemies":"Snake Plant","floor":22,"turns":5},{"damage":28,"enemies":"Gremlin Leader","floor":24,"turns":8},{"damage":23,"enemies":"Snecko","floor":27,"turns":5},{"damage":24,"enemies":"Slavers","floor":31,"turns":2}],"seed_played":"7286019101555799823","potions_obtained":[{"floor":3,"key":"EssenceOfSteel"},{"floor":8,"key":"AttackPotion"},{"floor":11,"key":"Weak Potion"},{"floor":16,"key":"Explosive Potion"},{"floor":21,"key":"Energy Potion"},{"floor":27,"key":"Weak Potion"}],"is_trial":false,"path_per_floor":["M","?","M","$","?","R","E","M","T","R","M","$","M","M","R","B",null,"M","?","$","M","M","R","E","R","T","M","?","$","R","E"],"character_chosen":"DEFECT","items_purchased":["Capacitor","Doom and Gloom","Coolheaded","Loop+1","SpeedPotion"],"campfire_rested":3,"item_purchase_floors":[4,4,20,29,29],"current_hp_per_floor":[60,54,52,52,57,57,40,40,40,40,33,33,29,20,20,3,53,39,39,39,24,12,32,4,24,24,1,1,1,21,0],"gold":12,"neow_bonus":"ONE_RARE_RELIC","is_prod":false,"is_daily":false,"chose_seed":false,"campfire_upgraded":1,"win_rate":0,"timestamp":1555369119,"path_taken":["M","?","?","$","?","R","E","M","T","R","M","$","M","M","R","BOSS","M","?","$","M","?","R","E","R","T","M","?","$","R","E"],"build_version":"2019-01-23","purchased_purges":2,"victory":false,"max_hp_per_floor":[64,64,64,64,69,69,69,69,69,69,69,69,69,69,69,69,69,69,69,69,69,69,69,69,69,69,69,69,69,69,69],"card_choices":[{"not_picked":["Steam","Rebound"],"picked":"Go for the Eyes","floor":1},{"not_picked":["Beam Cell","Capacitor"],"picked":"Cold Snap","floor":3},{"not_picked":["Rip and Tear","Scrape"],"picked":"Sunder","floor":7},{"not_picked":["Amplify","Redo"],"picked":"Compile Driver","floor":8},{"not_picked":["Cold Snap","BootSequence"],"picked":"Genetic Algorithm","floor":11},{"not_picked":["Redo","Ball Lightning"],"picked":"Genetic Algorithm","floor":13},{"not_picked":["Redo","Reprogram","Doom and Gloom"],"picked":"SKIP","floor":14},{"not_picked":["Redo","Reprogram","Doom and Gloom"],"picked":"SKIP","floor":14},{"not_picked":["Fission","All For One"],"picked":"Creative AI+1","floor":16},{"not_picked":["Ball Lightning"],"picked":"SKIP","floor":18},{"not_picked":["Blizzard"],"picked":"SKIP","floor":21},{"not_picked":[],"picked":"Reinforced Body","floor":22},{"not_picked":[],"picked":"Self Repair+1","floor":24},{"not_picked":["Fusion"],"picked":"SKIP","floor":27}],"player_experience":698762,"relics_obtained":[{"floor":7,"key":"Cables"},{"floor":9,"key":"Frozen Egg 2"},{"floor":24,"key":"Matryoshka"},{"floor":26,"key":"PreservedInsect"},{"floor":26,"key":"Pantograph"}],"event_choices":[{"damage_healed":0,"gold_gain":50,"player_choice":"Touch","damage_taken":6,"max_hp_gain":0,"max_hp_loss":0,"event_name":"FaceTrader","floor":2,"gold_loss":0},{"damage_healed":0,"gold_gain":0,"player_choice":"Donut","damage_taken":0,"max_hp_gain":5,"max_hp_loss":0,"event_name":"Big Fish","floor":5,"gold_loss":0},{"damage_healed":0,"gold_gain":0,"player_choice":"Gave Potion","damage_taken":0,"relics_obtained":["Anchor"],"max_hp_gain":0,"max_hp_loss":0,"event_name":"WeMeetAgain","floor":19,"gold_loss":0},{"damage_healed":0,"gold_gain":0,"player_choice":"Ignored","damage_taken":0,"max_hp_gain":0,"max_hp_loss":0,"event_name":"Vampires","floor":28,"gold_loss":0}],"is_beta":false,"boss_relics":[{"not_picked":["Lizard Tail","Coffee Dripper"],"picked":"Busted Crown"}],"items_purged_floors":[12,29],"is_endless":false,"potions_floor_spawned":[3,8,11,16,21,27],"killed_by":"Slavers","ascension_level":20}