{"gold_per_floor":[113,130,17,17,28,53,53,67,67,86,103,178,197,207,207,302,302,319,302,302,302],"floor_reached":21,"playtime":1435,"items_purged":["Strike_G"],"score":241,"play_id":"ffe4a68e-06dc-4d90-a43b-87cabeb05e37","local_time":"20190928063019","is_ascension_mode":true,"campfire_choices":[{"floor":7,"key":"REST"},{"floor":15,"key":"REST"}],"neow_cost":"NONE","seed_source_timestamp":1351517951546100,"circlet_count":0,"master_deck":["Strike_G","Strike_G","Strike_G","Strike_G","Defend_G","Defend_G","Defend_G","Defend_G","Defend_G","Survivor","Neutralize","Skewer","Crippling Poison","Dash","Deflect","Footwork","Backstab","Riddle With Holes","Tools of the Trade","Finisher+1","Sucker Punch","RitualDagger"],"relics":["Ring of the Snake","Regal Pillow","Pantograph","White Beast Statue"],"potions_floor_usage":[6,11,13,16,19,21],"damage_taken":[{"damage":7,"enemies":"Small Slimes","floor":1,"turns":5},{"damage":0,"enemies":"2 Louse","floor":2,"turns":2},{"damage":0,"enemies":"Jaw Worm","floor":5,"turns":3},{"damage":44,"enemies":"3 Sentries","floor":6,"turns":13},{"damage":2,"enemies":"Blue Slaver","floor":8,"turns":4},{"damage":0,"enemies":"Red Slaver","floor":10,"turns":3},{"damage":0,"enemies":"Exordium Thugs","floor":11,"turns":4},{"damage":0,"enemies":"2 Fungi Beasts","floor":13,"turns":2},{"damage":1,"enemies":"Looter","floor":14,"turns":3},{"damage":29,"enemies":"Slime Boss","floor":16,"turns":11},{"damage":7,"enemies":"Shell Parasite","floor":18,"turns":13},{"damage":22,"enemies":"2 Thieves","floor":19,"turns":4},{"damage":34,"enemies":"Centurion and Healer","floor":21,"turns":14}],"seed_played":"8728457462104335656","potions_obtained":[{"floor":5,"key":"Poison Potion"},{"floor":8,"key":"Strength Potion"},{"floor":10,"key":"Block Potion"},{"floor":11,"key":"Energy Potion"},{"floor":18,"key":"Weak Potion"},{"floor":19,"key":"EssenceOfSteel"}],"is_trial":false,"path_per_floor":["M","M","$","?","M","E","R","M","T","M","M","?","M","M","R","B",null,"M","M","?","M"],"character_chosen":"THE_SILENT","items_purchased":["Dash"],"campfire_rested":2,"item_purchase_floors":[3],"current_hp_per_floor":[56,56,56,56,56,12,48,46,46,46,46,35,35,34,70,41,63,56,34,28,0],"gold":302,"neow_bonus":"RANDOM_COMMON_RELIC","is_prod":false,"is_daily":false,"chose_seed":false,"campfire_upgraded":0,"win_rate":0,"timestamp":1569666619,"path_taken":["M","M","$","?","M","E","R","M","T","M","M","?","?","M","R","BOSS","M","M","?","M"],"build_version":"2019-07-17","purchased_purges":1,"victory":false,"max_hp_per_floor":[70,70,70,70,70,70,70,70,70,70,70,70,70,70,70,70,70,70,70,70,70],"card_choices":[{"not_picked":["Deflect","Catalyst"],"picked":"Skewer","floor":1},{"not_picked":["Slice","Acrobatics"],"picked":"Crippling Poison","floor":2},{"not_picked":["Slice","Dagger Throw","Skewer"],"picked":"SKIP","floor":5},{"not_picked":["Dagger Spray","Setup"],"picked":"Deflect","floor":6},{"not_picked":["Dash","Slice"],"picked":"Footwork","floor":8},{"not_picked":["Terror","Die Die Die"],"picked":"Backstab","floor":10},{"not_picked":["Deadly Poison","PiercingWail"],"picked":"Riddle With Holes","floor":11},{"not_picked":["Accuracy","Outmaneuver","Blade Dance"],"picked":"SKIP","floor":13},{"not_picked":["Flechettes","Poisoned Stab","Eviscerate"],"picked":"SKIP","floor":14},{"not_picked":["Grand Finale","Unload"],"picked":"Tools of the Trade","floor":16},{"not_picked":["Slice","Sucker Punch"],"picked":"Finisher+1","floor":18},{"not_picked":["Eviscerate+1","Distraction"],"picked":"Sucker Punch","floor":19}],"player_experience":151467,"relics_obtained":[{"floor":6,"key":"Pantograph"}],"event_choices":[{"damage_healed":0,"gold_gain":0,"player_choice":"Ignored","damage_taken":0,"max_hp_gain":0,"max_hp_loss":0,"event_name":"Shining Light","floor":4,"gold_loss":0},{"damage_healed":0,"gold_gain":75,"player_choice":"Gather Gold","damage_taken":11,"max_hp_gain":0,"max_hp_loss":0,"event_name":"World of Goop","floor":12,"gold_loss":0},{"damage_healed":0,"gold_gain":0,"player_choice":"Joined the Cult","damage_taken":6,"max_hp_gain":0,"max_hp_loss":0,"event_name":"Nest","floor":20,"gold_loss":0,"cards_obtained":["RitualDagger"]}],"is_beta":false,"boss_relics":[{"not_picked":["Snecko Eye","Philosopher\u0027s Stone"],"picked":"White Beast Statue"}],"items_purged_floors":[3],"is_endless":false,"potions_floor_spawned":[5,8,10,11,18,19],"killed_by":"Centurion and Healer","ascension_level":6}