{"gold_per_floor":[110,90,105,105,105,131,131,196,221,221,237,162,176,194,194,299,299,314,314,91,190,207,207,242,242,242,275,275,293,312,133,133,234,234,250,260,260,260,188,220,220,254,322,337,337,66,166,181,181,181],"floor_reached":51,"playtime":29118,"items_purged":["Strike_G","Defend_G","Skewer"],"score":1187,"play_id":"423bcc6b-cdf9-46c8-89a6-a9c9814c1f98","local_time":"20181221224222","is_ascension_mode":true,"campfire_choices":[{"floor":7.0,"key":"REST"},{"floor":10.0,"key":"REST"},{"data":"Glass Knife","floor":15.0,"key":"SMITH"},{"floor":23,"key":"REST"},{"floor":25,"key":"REST"},{"floor":32,"key":"REST"},{"floor":41,"key":"REST"},{"floor":45,"key":"REST"},{"floor":49,"key":"REST"}],"neow_cost":"NONE","seed_source_timestamp":0,"circlet_count":0,"master_deck":["AscendersBane","Defend_G","Defend_G+1","Defend_G","Survivor","Neutralize","Footwork","Dash","Backflip","Infinite Blades","Glass Knife+1","Blur","After Image","Noxious Fumes","Footwork","Backflip","Cloak And Dagger+1","Terror","Bite","Bite","Bite","Bite","Bite","Accuracy+1","Adrenaline","Calculated Gamble","Caltrops+1","Footwork+1","Caltrops+1","Skewer+1","Accuracy+1","Die Die Die","Cloak And Dagger"],"special_seed":0,"relics":["Ring of the Snake","Vajra","Bag of Marbles","Tiny Chest","Ancient Tea Set","Fusion Hammer","Oddly Smooth Stone","Frozen Egg 2","Dead Branch","Dodecahedron","Sozu","Happy Flower","Juzu Bracelet","Gremlin Horn"],"potions_floor_usage":[19,27,30,44,50],"damage_taken":[{"damage":3.0,"enemies":"Jaw Worm","floor":1.0,"turns":7.0},{"damage":3.0,"enemies":"Cultist","floor":3.0,"turns":6.0},{"damage":14.0,"enemies":"Lagavulin","floor":6.0,"turns":10.0},{"damage":8.0,"enemies":"Gremlin Nob","floor":8.0,"turns":5.0},{"damage":0.0,"enemies":"2 Louse","floor":11.0,"turns":1.0},{"damage":2.0,"enemies":"2 Fungi Beasts","floor":13.0,"turns":3.0},{"damage":3.0,"enemies":"Exordium Thugs","floor":14.0,"turns":5.0},{"damage":31.0,"enemies":"Hexaghost","floor":16.0,"turns":15.0},{"damage":1.0,"enemies":"Shell Parasite","floor":18.0,"turns":4.0},{"damage":16,"enemies":"3 Byrds","floor":22,"turns":6},{"damage":15,"enemies":"Slavers","floor":24,"turns":7},{"damage":0,"enemies":"Gremlin Leader","floor":27,"turns":7},{"damage":2,"enemies":"Snake Plant","floor":29,"turns":3},{"damage":14,"enemies":"Shelled Parasite and Fungi","floor":30,"turns":5},{"damage":22,"enemies":"Automaton","floor":33,"turns":8},{"damage":8,"enemies":"3 Shapes","floor":35,"turns":4},{"damage":0,"enemies":"Orb Walker","floor":36,"turns":3},{"damage":4,"enemies":"Giant Head","floor":40,"turns":7},{"damage":18,"enemies":"Reptomancer","floor":42,"turns":6},{"damage":15,"enemies":"Transient","floor":44,"turns":5},{"damage":0,"enemies":"Spire Growth","floor":48,"turns":5},{"damage":41,"enemies":"Time Eater","floor":50,"turns":8}],"seed_played":"7595937734667955655","potions_obtained":[{"floor":2.0,"key":"FearPotion"},{"floor":6.0,"key":"Weak Potion"},{"floor":8.0,"key":"Fire Potion"},{"floor":11.0,"key":"Strength Potion"},{"floor":19,"key":"Fruit Juice"},{"floor":19,"key":"Energy Potion"},{"floor":29,"key":"EssenceOfSteel"},{"floor":33,"key":"GamblersBrew"}],"is_trial":false,"path_per_floor":["M","?","M","?","?","E","R","E","T","R","M","$","M","M","R","B",null,"M","M","?","$","?","M","R","E","R","T","E","?","M","M","$","R","B",null,"M","M","?","?","$","E","R","E","T","M","R","$","?","M","R","B",null],"character_chosen":"THE_SILENT","items_purchased":["Oddly Smooth Stone","Footwork","Accuracy+1","Footwork+1","Accuracy+1","Die Die Die"],"campfire_rested":8,"item_purchase_floors":[20,20,31,39,46,46],"current_hp_per_floor":[67,67,64,46,31,17,40,32,32,55,55,55,53,50,50,19,63,62,67,67,67,51,75,60,82,82,82,57,57,51,51,57,43,54,54,57,57,57,57,57,57,53,53,44,57,57,57,57,57,18],"gold":181,"neow_bonus":"TEN_PERCENT_HP_BONUS","is_prod":false,"is_daily":false,"chose_seed":false,"campfire_upgraded":1,"win_rate":0,"timestamp":1545453742,"path_taken":["M","?","?","?","?","E","R","E","T","R","M","$","M","M","R","BOSS","M","?","?","?","M","R","E","R","T","E","?","?","?","$","R","BOSS","M","M","?","?","$","E","R","E","T","M","R","$","?","M","R","BOSS"],"build_version":"2018-12-20","purchased_purges":3,"victory":true,"max_hp_per_floor":[77,77,77,77,77,77,77,77,77,77,77,77,77,77,77,77,77,77,82,82,82,82,82,82,82,82,82,57,57,57,57,57,57,57,57,57,57,57,57,57,57,57,57,57,57,57,57,57,57,57],"card_choices":[{"not_picked":["Acrobatics","Slice"],"picked":"Footwork","floor":1.0},{"not_picked":["Acrobatics","Riddle With Holes","PiercingWail"],"picked":"SKIP","floor":3.0},{"not_picked":["Endless Agony","Underhanded Strike"],"picked":"Dash","floor":6.0},{"not_picked":["Deadly Poison","Deflect"],"picked":"Backflip","floor":8.0},{"not_picked":["Underhanded Strike","Outmaneuver"],"picked":"Infinite Blades","floor":11.0},{"not_picked":["Prepared","Escape Plan"],"picked":"Glass Knife","floor":13.0},{"not_picked":["Poisoned Stab","Finisher"],"picked":"Blur","floor":14.0},{"not_picked":["Burst","Adrenaline"],"picked":"After Image","floor":16.0},{"not_picked":["Accuracy","Expertise"],"picked":"Noxious Fumes","floor":18},{"not_picked":["Predator","Deadly Poison"],"picked":"Backflip","floor":22},{"not_picked":["Riddle With Holes","Prepared"],"picked":"Cloak And Dagger+1","floor":24},{"not_picked":["Outmaneuver","Doppelganger"],"picked":"Terror","floor":27},{"not_picked":["Blade Dance","Deadly Poison","Dagger Throw"],"picked":"SKIP","floor":29},{"not_picked":["Outmaneuver","Setup+1","Underhanded Strike"],"picked":"SKIP","floor":30},{"not_picked":["Doppelganger","Glass Knife"],"picked":"Adrenaline","floor":33},{"not_picked":["Tactician","Flechettes"],"picked":"Calculated Gamble","floor":35},{"not_picked":["Dodge and Roll","Finisher"],"picked":"Caltrops+1","floor":36},{"not_picked":["Dagger Throw","Quick Slash+1"],"picked":"Skewer","floor":40},{"not_picked":["Underhanded Strike","Calculated Gamble"],"picked":"Caltrops+1","floor":42},{"not_picked":["Choke+1","Blade Dance+1"],"picked":"Skewer+1","floor":44},{"not_picked":["Bane","Slice"],"picked":"Cloak And Dagger","floor":48}],"player_experience":883525,"relics_obtained":[{"floor":6.0,"key":"Bag of Marbles"},{"floor":8.0,"key":"Tiny Chest"},{"floor":9.0,"key":"Ancient Tea Set"},{"floor":24,"key":"Frozen Egg 2"},{"floor":26,"key":"Dead Branch"},{"floor":27,"key":"Dodecahedron"},{"floor":40,"key":"Happy Flower"},{"floor":42,"key":"Juzu Bracelet"},{"floor":43,"key":"Gremlin Horn"}],"event_choices":[{"damage_healed":0.0,"max_hp_gain":0.0,"max_hp_loss":0.0,"gold_gain":0.0,"event_name":"The Woman in Blue","player_choice":"Bought 1 Potion","floor":2.0,"gold_loss":0.0,"damage_taken":0.0},{"damage_healed":0.0,"max_hp_gain":0.0,"max_hp_loss":0.0,"gold_gain":0.0,"event_name":"Scrap Ooze","player_choice":"Success","floor":4.0,"gold_loss":0.0,"damage_taken":18.0,"relics_obtained":["Vajra"]},{"damage_healed":0.0,"max_hp_gain":0.0,"max_hp_loss":0.0,"gold_gain":0.0,"event_name":"Shining Light","player_choice":"Entered Light","floor":5.0,"gold_loss":0.0,"damage_taken":15.0,"cards_upgraded":["Strike_G","Defend_G"]},{"damage_healed":0,"gold_gain":0,"player_choice":"Got Potions","damage_taken":0,"max_hp_gain":0,"max_hp_loss":0,"event_name":"Lab","floor":19,"gold_loss":0},{"damage_healed":0,"gold_gain":99,"player_choice":"Stole From Cult","damage_taken":0,"max_hp_gain":0,"max_hp_loss":0,"event_name":"Nest","floor":21,"gold_loss":0},{"damage_healed":0,"gold_gain":0,"player_choice":"Became a vampire","damage_taken":0,"max_hp_gain":0,"max_hp_loss":25,"event_name":"Vampires","floor":28,"gold_loss":0,"cards_obtained":["Bite","Bite","Bite","Bite","Bite"]},{"damage_healed":0,"gold_gain":0,"player_choice":"Ignored","damage_taken":0,"max_hp_gain":0,"max_hp_loss":0,"event_name":"Tomb of Lord Red Mask","floor":37,"gold_loss":0},{"cards_removed":["Defend_G"],"damage_healed":0,"gold_gain":0,"player_choice":"Removed Skill","damage_taken":0,"max_hp_gain":0,"max_hp_loss":0,"event_name":"Falling","floor":38,"gold_loss":0},{"damage_healed":0,"gold_gain":100,"player_choice":"Pray","damage_taken":0,"max_hp_gain":0,"max_hp_loss":0,"event_name":"Golden Shrine","floor":47,"gold_loss":0}],"is_beta":false,"boss_relics":[{"not_picked":["Runic Pyramid","Philosopher\u0027s Stone"],"picked":"Fusion Hammer"},{"not_picked":["Black Star","Astrolabe"],"picked":"Sozu"}],"items_purged_floors":[12,31,46],"is_endless":false,"potions_floor_spawned":[6,8,11,13,29,33,35,44],"ascension_level":12}