{"gold_per_floor":[114,14,74,74,74,100,100,128,147,147,72,72,99,99,99,161,161,172,116,116,124,140,140,154,154],"floor_reached":25,"playtime":607,"items_purged":["Strike_R"],"score":702,"play_id":"406df7f8-d86a-4be8-822b-786a71bf6dca","local_time":"20190806114559","is_ascension_mode":true,"campfire_choices":[{"data":"Bash","floor":7.0,"key":"SMITH"},{"data":"Disarm","floor":12.0,"key":"SMITH"},{"data":"Uppercut","floor":15.0,"key":"SMITH"},{"data":"True Grit","floor":23,"key":"SMITH"}],"neow_cost":"NONE","seed_source_timestamp":55712537077486,"circlet_count":0,"master_deck":["AscendersBane","Strike_R","Defend_R","Defend_R","Defend_R","Bash+1","Disarm+1","Uppercut+1","Feed","Rage+1","Evolve+1","Feed+1","True Grit+1","Shrug It Off","Clothesline+1"],"special_seed":0,"relics":["Burning Blood","NeowsBlessing","Charon\u0027s Ashes","Art of War","Anchor","Bag of Preparation","Astrolabe"],"potions_floor_usage":[22,22],"damage_taken":[{"damage":0.0,"enemies":"Cultist","floor":1.0,"turns":1.0},{"damage":0.0,"enemies":"3 Sentries","floor":6.0,"turns":2.0},{"damage":0.0,"enemies":"Gremlin Nob","floor":8.0,"turns":1.0},{"damage":48.0,"enemies":"Lagavulin","floor":13.0,"turns":8.0},{"damage":0.0,"enemies":"The Guardian","floor":16.0,"turns":16.0},{"damage":15.0,"enemies":"Shell Parasite","floor":18.0,"turns":8.0},{"damage":0.0,"enemies":"Chosen","floor":21.0,"turns":5.0},{"damage":4,"enemies":"Centurion and Healer","floor":22,"turns":7},{"damage":55,"enemies":"3 Cultists","floor":24,"turns":7},{"damage":0,"enemies":"Slavers","floor":25,"turns":1}],"seed_played":"-6441105719152193337","potions_obtained":[{"floor":1.0,"key":"EssenceOfSteel"},{"floor":6.0,"key":"SkillPotion"},{"floor":18.0,"key":"Ancient Potion"},{"floor":21.0,"key":"SteroidPotion"}],"is_trial":false,"path_per_floor":["M","$","?","$","?","E","R","E","T","?","?","R","E","$","R","B",null,"M","$","?","M","M","R","M","E"],"character_chosen":"IRONCLAD","items_purchased":["Shrug It Off"],"campfire_rested":0,"item_purchase_floors":[19],"current_hp_per_floor":[73,73,62,62,66,71,71,76,76,76,76,76,33,33,33,38,64,57,57,45,53,59,59,14,14],"gold":154,"neow_bonus":"THREE_ENEMY_KILL","is_prod":false,"is_daily":false,"chose_seed":false,"campfire_upgraded":4,"win_rate":0,"timestamp":1565066759,"path_taken":["M","$","?","$","?","E","R","E","T","?","?","R","E","?","R","BOSS","M","$","?","M","M","R","?","E"],"build_version":"2019-07-18","purchased_purges":1,"victory":false,"max_hp_per_floor":[75,75,75,75,80,80,80,80,80,80,80,80,80,80,80,80,80,84,84,84,88,95,95,102,102],"card_choices":[{"not_picked":["Iron Wave","Metallicize"],"picked":"Disarm","floor":1.0},{"not_picked":["Heavy Blade","Sword Boomerang","Flex"],"picked":"SKIP","floor":6.0},{"not_picked":["Heavy Blade","Twin Strike","Corruption"],"picked":"SKIP","floor":8.0},{"not_picked":["Sword Boomerang","Body Slam"],"picked":"Uppercut","floor":13.0},{"not_picked":["Immolate","Double Tap"],"picked":"Feed","floor":16.0},{"not_picked":["Feel No Pain","Pummel"],"picked":"True Grit","floor":18.0},{"not_picked":["Wild Strike","Infernal Blade","Blood for Blood"],"picked":"SKIP","floor":21.0},{"not_picked":["Twin Strike","Entrench"],"picked":"Clothesline+1","floor":22},{"not_picked":["Pommel Strike","Flex","Anger+1"],"picked":"SKIP","floor":24}],"player_experience":1050469,"relics_obtained":[{"floor":6.0,"key":"Charon\u0027s Ashes"},{"floor":8.0,"key":"Art of War"},{"floor":9.0,"key":"Anchor"},{"floor":13.0,"key":"Bag of Preparation"}],"event_choices":[{"damage_healed":0.0,"max_hp_gain":0.0,"max_hp_loss":0.0,"gold_gain":75.0,"event_name":"World of Goop","player_choice":"Gather Gold","floor":3.0,"gold_loss":0.0,"damage_taken":11.0},{"damage_healed":0.0,"max_hp_gain":5.0,"max_hp_loss":0.0,"gold_gain":0.0,"event_name":"Big Fish","player_choice":"Donut","floor":5.0,"gold_loss":0.0,"damage_taken":0.0},{"damage_healed":0.0,"max_hp_gain":0.0,"max_hp_loss":0.0,"gold_gain":0.0,"event_name":"Liars Game","player_choice":"Ignored","floor":10.0,"gold_loss":0.0,"damage_taken":0.0},{"cards_removed":["Defend_R"],"damage_healed":0.0,"max_hp_gain":0.0,"max_hp_loss":0.0,"gold_gain":0.0,"event_name":"The Cleric","player_choice":"Card Removal","floor":11.0,"gold_loss":75.0,"damage_taken":0.0},{"damage_healed":0.0,"max_hp_gain":0.0,"max_hp_loss":0.0,"gold_gain":0.0,"event_name":"Wheel of Change","player_choice":"Damaged","floor":20.0,"gold_loss":0.0,"damage_taken":12.0}],"is_beta":true,"boss_relics":[{"not_picked":["Coffee Dripper","Black Blood"],"picked":"Astrolabe"}],"items_purged_floors":[2],"is_endless":false,"potions_floor_spawned":[1,6,13,18,21],"killed_by":"Slavers","ascension_level":23}