{"gold_per_floor":[109,109,121,121,135,135,175,31,101,119,119,119,144,178,178,308,308,331,352,163,188,211,242,242,263,263,344,344,365,403,503,503,632,632,656,669,544,569,147,147,147,190,190,190,190],"floor_reached":45,"playtime":6693,"items_purged":["Strike_B","Defend_B","Defend_B"],"score":679,"play_id":"dfb94795-762e-4d12-8a0b-c04819b5099a","local_time":"20180904232300","is_ascension_mode":true,"campfire_choices":[{"data":"Zap","floor":6.0,"key":"SMITH"},{"floor":15.0,"key":"REST"},{"data":"Electrodynamics","floor":24,"key":"SMITH"},{"data":"Reinforced Body","floor":28,"key":"SMITH"},{"data":"Creative AI","floor":32,"key":"SMITH"},{"data":"Defragment","floor":41,"key":"SMITH"},{"floor":44,"key":"REST"}],"neow_cost":"NONE","seed_source_timestamp":0,"circlet_count":0,"master_deck":["Zap+1","Dualcast+1","Hologram","Conserve Battery","Conserve Battery","Creative AI+1","FTL","Tempest","Coolheaded","Electrodynamics+1","Barrage+1","Fusion+1","Auto Shields+1","BootSequence","Reinforced Body+1","Ball Lightning","FTL","FTL","Tempest","Reboot","Thunder Strike","Ball Lightning+1","Double Energy+1","Tempest","Defragment+1","Conserve Battery","Leap+1","Injury"],"special_seed":0,"relics":["Runic Pyramid","Golden Idol","Bag of Preparation","Letter Opener","Blue Candle","Astrolabe","Ice Cream","Question Card","Gremlin Horn","Orichalcum","Cursed Key","Incense Burner","Shovel","Matryoshka"],"potions_floor_usage":[33,33,40,40,44],"damage_taken":[{"damage":2.0,"enemies":"2 Louse","floor":1.0,"turns":2.0},{"damage":4.0,"enemies":"Cultist","floor":3.0,"turns":4.0},{"damage":2.0,"enemies":"Jaw Worm","floor":5.0,"turns":4.0},{"damage":35.0,"enemies":"Gremlin Nob","floor":7.0,"turns":5.0},{"damage":0.0,"enemies":"Large Slime","floor":10.0,"turns":4.0},{"damage":0.0,"enemies":"Red Slaver","floor":13.0,"turns":2.0},{"damage":3.0,"enemies":"3 Sentries","floor":14.0,"turns":5.0},{"damage":15.0,"enemies":"Hexaghost","floor":16.0,"turns":8.0},{"damage":0,"enemies":"Chosen","floor":18,"turns":4},{"damage":0,"enemies":"2 Thieves","floor":19,"turns":2},{"damage":10,"enemies":"Snecko","floor":21,"turns":4},{"damage":0,"enemies":"Shelled Parasite and Fungi","floor":22,"turns":5},{"damage":4,"enemies":"Book of Stabbing","floor":23,"turns":5},{"damage":0,"enemies":"Centurion and Healer","floor":25,"turns":5},{"damage":2,"enemies":"Snake Plant","floor":29,"turns":4},{"damage":7,"enemies":"Gremlin Leader","floor":30,"turns":5},{"damage":9,"enemies":"Collector","floor":33,"turns":9},{"damage":0,"enemies":"3 Shapes","floor":35,"turns":2},{"damage":5,"enemies":"3 Darklings","floor":36,"turns":3},{"damage":0,"enemies":"Reptomancer","floor":38,"turns":3},{"damage":16,"enemies":"2 Orb Walkers","floor":40,"turns":4},{"damage":26,"enemies":"Giant Head","floor":42,"turns":6},{"damage":49,"enemies":"Nemesis","floor":45,"turns":4}],"seed_played":"1791706856005380075","potions_obtained":[{"floor":7.0,"key":"FocusPotion"},{"floor":14.0,"key":"SteroidPotion"},{"floor":16.0,"key":"FearPotion"},{"floor":22,"key":"Ancient Potion"},{"floor":23,"key":"SmokeBomb"},{"floor":30,"key":"EssenceOfSteel"},{"floor":33,"key":"SneckoOil"},{"floor":35,"key":"SkillPotion"},{"floor":42,"key":"Fruit Juice"}],"is_trial":false,"path_per_floor":["M","?","M","?","M","R","E","$","T","M","?","?","M","E","R","B",null,"M","M","$","M","M","E","R","M","T","T","R","M","E","?","R","B",null,"M","M","$","M","$","E","R","E","T","R"],"character_chosen":"DEFECT","items_purchased":["FTL","Reinforced Body","Ball Lightning","Defragment","Incense Burner","Conserve Battery"],"campfire_rested":2,"item_purchase_floors":[8,20,20,39,39,39],"current_hp_per_floor":[73,73,69,69,67,67,32,32,32,32,32,32,32,29,49,34,60,60,60,60,50,50,46,46,46,46,46,46,44,37,37,37,28,59,59,54,54,54,54,38,38,12,12,37,0],"gold":190,"neow_bonus":"BOSS_RELIC","is_prod":false,"is_daily":false,"chose_seed":false,"campfire_upgraded":5,"win_rate":0,"timestamp":1536121380,"path_taken":["M","?","M","?","M","R","E","$","T","?","?","?","M","E","R","BOSS","M","?","$","M","M","E","R","M","T","?","R","M","E","?","R","BOSS","M","M","$","M","$","E","R","E","T","R","E"],"build_version":"2018-08-30","purchased_purges":3,"victory":false,"max_hp_per_floor":[75,75,75,69,69,69,69,69,69,69,69,69,69,69,69,69,69,69,69,69,69,69,69,69,69,69,69,69,69,69,69,69,69,69,69,69,69,69,69,69,69,69,69,74,74],"card_choices":[{"not_picked":["Barrage","Sweeping Beam"],"picked":"Hologram","floor":1.0},{"not_picked":["Hologram","Compile Driver","Rebound"],"picked":"SKIP","floor":3.0},{"not_picked":["Go for the Eyes","Skim"],"picked":"Conserve Battery","floor":5.0},{"not_picked":["Steam","Barrage"],"picked":"Creative AI","floor":7.0},{"not_picked":["Hello World","Fusion"],"picked":"Tempest","floor":10.0},{"not_picked":["Compile Driver","White Noise"],"picked":"Coolheaded","floor":13.0},{"not_picked":["Steam","Blizzard","Skim"],"picked":"SKIP","floor":14.0},{"not_picked":["Meteor Strike","Echo Form"],"picked":"Electrodynamics","floor":16.0},{"not_picked":["Steam","Redo","Gash"],"picked":"SKIP","floor":18},{"not_picked":["Steam Power","Hyperbeam"],"picked":"BootSequence","floor":19},{"not_picked":["Streamline","Ball Lightning"],"picked":"FTL","floor":21},{"not_picked":["Auto Shields","Beam Cell","Go for the Eyes"],"picked":"SKIP","floor":22},{"not_picked":["Scrape+1","Reprogram","Rip and Tear"],"picked":"SKIP","floor":23},{"not_picked":["Turbo","Cold Snap+1"],"picked":"FTL","floor":25},{"not_picked":["Turbo","Static Discharge","Go for the Eyes"],"picked":"Tempest","floor":29},{"not_picked":["Turbo","Force Field","Sweeping Beam"],"picked":"Reboot","floor":30},{"not_picked":["Core Surge","Biased Cognition","Reboot"],"picked":"Thunder Strike","floor":33},{"not_picked":["Redo","Streamline","Stack"],"picked":"Ball Lightning+1","floor":35},{"not_picked":["BootSequence+1","Barrage","Chaos+1"],"picked":"Double Energy+1","floor":36},{"not_picked":["Go for the Eyes","Hello World+1","Rebound+1"],"picked":"Tempest","floor":38},{"not_picked":["Doom and Gloom","Rainbow","Cold Snap"],"picked":"Leap+1","floor":42}],"player_experience":413135,"relics_obtained":[{"floor":7.0,"key":"Bag of Preparation"},{"floor":9.0,"key":"Letter Opener"},{"floor":14.0,"key":"Blue Candle"},{"floor":23,"key":"Ice Cream"},{"floor":26,"key":"Question Card"},{"floor":27,"key":"Gremlin Horn"},{"floor":30,"key":"Orichalcum"},{"floor":42,"key":"Shovel"},{"floor":43,"key":"Matryoshka"}],"event_choices":[{"event_name":"Transmorgrifier","player_choice":"Transform","floor":2.0,"damage_taken":0.0},{"event_name":"Golden Idol","player_choice":"Lose Max HP","floor":4.0,"damage_taken":0.0},{"event_name":"Purifier","player_choice":"One Purge","floor":11.0,"damage_taken":0.0},{"event_name":"Upgrade Shrine","player_choice":"Upgraded","floor":12.0,"damage_taken":0.0},{"event_name":"Golden Shrine","player_choice":"Pray","floor":31,"damage_taken":0}],"is_beta":false,"boss_relics":[{"not_picked":["Eternal Feather","Tiny House"],"picked":"Astrolabe"},{"not_picked":["White Beast Statue","Lizard Tail"],"picked":"Cursed Key"}],"items_purged_floors":[8,20,37],"is_endless":false,"potions_floor_spawned":[7,14,16,22,23,30,33,35,42],"killed_by":"Nemesis","ascension_level":5}