{"gold_per_floor":[119,194,11,11,11,41,41,67,67,67,84,34,49,75,75,75],"floor_reached":16,"playtime":1719,"items_purged":["Defend_B","Strike_B"],"score":139,"play_id":"cfcecf8c-bac6-432a-813b-9776e95f4c56","local_time":"20180831235500","is_ascension_mode":true,"campfire_choices":[{"floor":10,"key":"REST"},{"floor":15,"key":"REST"}],"neow_cost":"","seed_source_timestamp":1473256509405743,"circlet_count":0,"master_deck":["Strike_B","Strike_B","Defend_B","Defend_B","Defend_B","Zap+1","Dualcast","Sunder","Loop","Genetic Algorithm","Coolheaded","Go for the Eyes","Reinforced Body","Coolheaded"],"relics":["Cracked Core","Smiling Mask","Boot","Shuriken","Art of War"],"potions_floor_usage":[14,16],"damage_taken":[{"damage":2,"enemies":"Jaw Worm","floor":1,"turns":3},{"damage":35,"enemies":"3 Sentries","floor":6,"turns":6},{"damage":24,"enemies":"Lagavulin","floor":8,"turns":6},{"damage":0,"enemies":"Small Slimes","floor":11,"turns":3},{"damage":0,"enemies":"2 Louse","floor":13,"turns":1},{"damage":24,"enemies":"3 Sentries","floor":14,"turns":9},{"damage":30,"enemies":"Hexaghost","floor":16,"turns":14}],"seed_played":"-3181953888097107234","potions_obtained":[{"floor":11,"key":"Poison Potion"},{"floor":14,"key":"Explosive Potion"}],"is_trial":false,"path_per_floor":["M","?","$","?","$","E","?","E","T","R","M","$","M","E","R"],"character_chosen":"DEFECT","items_purchased":["Sunder","Loop"],"campfire_rested":2,"item_purchase_floors":[3,3],"current_hp_per_floor":[73,62,62,62,62,27,27,3,3,25,25,25,25,1,23,0],"gold":75,"neow_bonus":"","is_prod":false,"is_daily":false,"chose_seed":false,"campfire_upgraded":0,"win_rate":0,"timestamp":1535777700,"path_taken":["M","?","$","?","?","E","?","E","T","R","M","$","?","E","R","BOSS"],"build_version":"2018-08-30","purchased_purges":2,"victory":false,"max_hp_per_floor":[75,75,75,75,75,75,75,75,75,75,75,75,75,75,75,75],"card_choices":[{"not_picked":["Rebound","Compile Driver","Turbo"],"picked":"SKIP","floor":1},{"not_picked":["Static Discharge","Redo"],"picked":"Genetic Algorithm","floor":6},{"not_picked":["Compile Driver","Beam Cell"],"picked":"Coolheaded","floor":8},{"not_picked":["Hologram","Beam Cell"],"picked":"Go for the Eyes","floor":11},{"not_picked":["Rip and Tear","Force Field"],"picked":"Reinforced Body","floor":13},{"not_picked":["Streamline","Sweeping Beam"],"picked":"Coolheaded","floor":14}],"player_experience":375091,"relics_obtained":[{"floor":6,"key":"Smiling Mask"},{"floor":8,"key":"Boot"},{"floor":9,"key":"Shuriken"},{"floor":14,"key":"Art of War"}],"event_choices":[{"event_name":"World of Goop","player_choice":"Gather Gold","floor":2,"damage_taken":0},{"event_name":"Bonfire Elementals","player_choice":"BASIC","floor":4,"damage_taken":0},{"event_name":"Upgrade Shrine","player_choice":"Upgraded","floor":7,"damage_taken":0}],"is_beta":false,"boss_relics":[],"items_purged_floors":[3,12],"is_endless":false,"potions_floor_spawned":[11,14],"killed_by":"Hexaghost","ascension_level":4}