{"gold_per_floor":[10,10,10,10,27,27,27,27,27,27,61,61,73,98,98,98],"floor_reached":16,"playtime":301,"items_purged":[],"score":212,"play_id":"b18c164c-9a70-452b-81e0-3dd1ef308326","local_time":"20190907180810","is_ascension_mode":true,"campfire_choices":[{"data":"Flex","floor":6,"key":"SMITH"},{"data":"Bash","floor":8,"key":"SMITH"},{"data":"Reaper","floor":10,"key":"SMITH"},{"data":"Battle Trance","floor":15,"key":"SMITH"}],"neow_cost":"NO_GOLD","seed_source_timestamp":108296822797107,"circlet_count":0,"master_deck":["AscendersBane","Strike_R+1","Strike_R+1","Defend_R+1","Defend_R","Defend_R+1","Bash+1","Reaper+1","Battle Trance+1","Flex+1","Reaper"],"relics":["Burning Blood","War Paint","Meat on the Bone","Paper Frog","Peace Pipe"],"potions_floor_usage":[14,14],"damage_taken":[{"damage":6,"enemies":"Cultist","floor":1,"turns":3},{"damage":12,"enemies":"Jaw Worm","floor":5,"turns":4},{"damage":8,"enemies":"Gremlin Nob","floor":11,"turns":3},{"damage":0,"enemies":"Small Slimes","floor":13,"turns":2},{"damage":35,"enemies":"3 Sentries","floor":14,"turns":6},{"damage":66,"enemies":"Slime Boss","floor":16,"turns":9}],"seed_played":"-7904102545269017277","potions_obtained":[{"floor":11,"key":"Fire Potion"},{"floor":13,"key":"Poison Potion"}],"is_trial":false,"path_per_floor":["M","?","$","?","M","R","?","R","T","R","E","?","M","E","R","B"],"character_chosen":"IRONCLAD","items_purchased":[],"campfire_rested":0,"item_purchase_floors":[],"current_hp_per_floor":[68,68,68,57,57,57,34,34,34,34,44,37,57,46,46,13],"gold":98,"neow_bonus":"TRANSFORM_TWO_CARDS","is_prod":false,"is_daily":false,"chose_seed":false,"campfire_upgraded":4,"win_rate":0,"timestamp":1567854490,"path_taken":["M","?","$","?","M","R","?","R","T","R","E","?","?","E","R","BOSS"],"build_version":"2019-07-17","purchased_purges":0,"victory":false,"max_hp_per_floor":[75,75,75,75,75,75,75,75,75,75,75,75,75,75,75,75],"card_choices":[{"not_picked":["Pommel Strike","Warcry","Fire Breathing"],"picked":"SKIP","floor":1},{"not_picked":["Burning Pact","Body Slam"],"picked":"Flex","floor":5},{"not_picked":["Pummel","Carnage","Havoc"],"picked":"SKIP","floor":11},{"not_picked":["Body Slam","Heavy Blade","Infernal Blade"],"picked":"SKIP","floor":13},{"not_picked":["Cleave","Iron Wave"],"picked":"Reaper","floor":14}],"player_experience":1156523,"relics_obtained":[{"floor":9,"key":"Meat on the Bone"},{"floor":11,"key":"Paper Frog"},{"floor":14,"key":"Peace Pipe"}],"event_choices":[{"cards_removed":["Strike_R"],"damage_healed":0,"gold_gain":0,"player_choice":"Forget","damage_taken":0,"max_hp_gain":0,"max_hp_loss":0,"event_name":"Living Wall","floor":2,"gold_loss":0},{"damage_healed":0,"gold_gain":0,"player_choice":"Success","damage_taken":11,"relics_obtained":["War Paint"],"max_hp_gain":0,"max_hp_loss":0,"event_name":"Scrap Ooze","floor":4,"gold_loss":0},{"damage_healed":0,"gold_gain":0,"player_choice":"Entered Light","damage_taken":23,"max_hp_gain":0,"max_hp_loss":0,"event_name":"Shining Light","floor":7,"gold_loss":0,"cards_upgraded":["Strike_R","Strike_R"]},{"cards_removed":["Strike_R"],"damage_healed":0,"gold_gain":0,"player_choice":"Card Removal","damage_taken":7,"max_hp_gain":0,"max_hp_loss":0,"event_name":"Golden Wing","floor":12,"gold_loss":0}],"is_beta":false,"boss_relics":[],"items_purged_floors":[],"is_endless":false,"potions_floor_spawned":[11,13],"killed_by":"Slime Boss","ascension_level":20}