{"gold_per_floor":[113,177,188,8,8,8,23,23,23,23,23,0,40,55,55,180,180,160,185,208,208,208,208,247,261,261,161,179,179,194,209,209,335,335,359,359,384,443,119,119,138,138,138,138,138,138,39,64,64,64],"floor_reached":51,"playtime":10832,"items_purged":["Strike_G","Strike_G"],"score":985,"play_id":"246caf35-2b94-4269-a422-047a54525e18","local_time":"20181014181310","is_ascension_mode":true,"campfire_choices":[{"data":"Neutralize","floor":6,"key":"SMITH"},{"data":"Footwork","floor":10,"key":"SMITH"},{"data":"Cloak And Dagger","floor":15,"key":"SMITH"},{"floor":23,"key":"REST"},{"floor":32,"key":"REST"},{"floor":40,"key":"REST"},{"floor":42,"key":"REST"},{"data":"Accuracy","floor":44,"key":"SMITH"},{"data":"Dash","floor":46,"key":"SMITH"},{"floor":49,"key":"REST"}],"neow_cost":"","seed_source_timestamp":188433639703221,"circlet_count":0,"master_deck":["Defend_G","Defend_G","Defend_G","Defend_G","Defend_G","Strike_G","Strike_G","Strike_G","Survivor","Neutralize+1","AscendersBane","Backstab","Cloak And Dagger+1","Infinite Blades","Footwork+1","Venomology","Die Die Die","All Out Attack+1","Leg Sweep+1","Neutralize","Calculated Gamble+1","Deflect+1","Quick Slash+1","Dash+1","Cloak And Dagger+1","After Image","Slice+1","Blur+1","Cloak And Dagger+1","Accuracy+1","Backflip+1","Trip","Blade Dance+1"],"relics":["Ring of the Serpent","Centennial Puzzle","Singing Bowl","Golden Idol","Potion Belt","Ice Cream","Ornamental Fan","Orichalcum","Runic Pyramid","FossilizedHelix","Kunai","Turnip","War Paint"],"potions_floor_usage":[13,13,16,20,20,24,24,24,25,25,28,28,28,33,33,33,33,38,38,41,50,50,50],"damage_taken":[{"damage":5,"enemies":"Jaw Worm","floor":1,"turns":5},{"damage":0,"enemies":"Small Slimes","floor":3,"turns":2},{"damage":0,"enemies":"Cultist","floor":7,"turns":4},{"damage":0,"enemies":"Looter","floor":12,"turns":5},{"damage":0,"enemies":"Gremlin Nob","floor":13,"turns":4},{"damage":0,"enemies":"2 Fungi Beasts","floor":14,"turns":5},{"damage":3,"enemies":"The Guardian","floor":16,"turns":16},{"damage":21,"enemies":"2 Thieves","floor":18,"turns":5},{"damage":9,"enemies":"Spheric Guardian","floor":19,"turns":4},{"damage":16,"enemies":"Shelled Parasite and Fungi","floor":20,"turns":8},{"damage":19,"enemies":"Gremlin Leader","floor":24,"turns":8},{"damage":0,"enemies":"Snecko","floor":25,"turns":9},{"damage":7,"enemies":"Snake Plant","floor":28,"turns":5},{"damage":6,"enemies":"Centurion and Healer","floor":30,"turns":9},{"damage":0,"enemies":"3 Cultists","floor":31,"turns":5},{"damage":39,"enemies":"Collector","floor":33,"turns":21},{"damage":29,"enemies":"3 Darklings","floor":35,"turns":5},{"damage":1,"enemies":"Orb Walker","floor":37,"turns":4},{"damage":19,"enemies":"Mysterious Sphere","floor":38,"turns":13},{"damage":0,"enemies":"Spire Growth","floor":41,"turns":7},{"damage":0,"enemies":"Sphere and 2 Shapes","floor":48,"turns":6},{"damage":25,"enemies":"Awakened One","floor":50,"turns":27}],"seed_played":"8360062226753911972","potions_obtained":[{"floor":1,"key":"EssenceOfSteel"},{"floor":7,"key":"Strength Potion"},{"floor":14,"key":"Ancient Potion"},{"floor":19,"key":"Strength Potion"},{"floor":20,"key":"LiquidBronze"},{"floor":24,"key":"SpeedPotion"},{"floor":25,"key":"Poison Potion"},{"floor":33,"key":"Poison Potion"},{"floor":41,"key":"Energy Potion"}],"is_trial":false,"path_per_floor":["M","?","M","$","?","R","M","?","T","R","?","M","E","M","R","B",null,"M","M","M","?","T","R","E","M","T","$","M","?","M","M","R","B",null,"M","?","M","?","$","R","M","R","T","R","?","R","$","M","R","B"],"character_chosen":"THE_SILENT","items_purchased":["Cloak And Dagger","Infinite Blades","Kunai","Accuracy","Trip"],"campfire_rested":5,"item_purchase_floors":[4,4,39,39,47],"current_hp_per_floor":[58,58,58,58,51,51,51,51,51,51,51,53,55,55,55,52,65,44,35,21,21,21,42,23,23,23,23,16,39,33,35,56,17,59,30,30,29,10,10,31,31,52,52,52,52,52,52,52,73,48],"gold":64,"neow_bonus":"","is_prod":false,"is_daily":false,"chose_seed":false,"campfire_upgraded":5,"win_rate":0,"timestamp":1539558790,"path_taken":["M","?","M","$","?","R","M","?","T","R","?","?","E","?","R","BOSS","M","M","M","?","?","R","E","M","T","$","M","?","?","M","R","BOSS","M","?","M","?","$","R","?","R","T","R","?","R","?","M","R","BOSS"],"build_version":"2018-10-11","purchased_purges":2,"victory":true,"max_hp_per_floor":[70,70,70,70,70,70,70,70,70,70,65,67,69,69,69,69,69,69,69,71,71,71,71,71,71,71,71,71,71,71,73,73,73,73,73,73,73,73,73,73,73,73,73,73,73,73,73,73,73,73],"card_choices":[{"not_picked":["Calculated Gamble","Bane"],"picked":"Backstab","floor":1},{"not_picked":["Choke","Deadly Poison"],"picked":"Dodge and Roll","floor":3},{"not_picked":["Flying Knee","Deflect"],"picked":"Footwork","floor":7},{"not_picked":["Tactician","Choke","Bane"],"picked":"Singing Bowl","floor":12},{"not_picked":["Endless Agony","Outmaneuver","Dagger Spray"],"picked":"Singing Bowl","floor":13},{"not_picked":["Accuracy","Caltrops"],"picked":"Venomology","floor":14},{"not_picked":["Wraith Form v2","Unload"],"picked":"Die Die Die","floor":16},{"not_picked":["PiercingWail","Sucker Punch"],"picked":"All Out Attack+1","floor":18},{"not_picked":["Terror","Underhanded Strike+1"],"picked":"Leg Sweep","floor":19},{"not_picked":["Dodge and Roll","Crippling Poison","Outmaneuver+1"],"picked":"Singing Bowl","floor":20},{"not_picked":["Catalyst","Sucker Punch"],"picked":"Deflect+1","floor":24},{"not_picked":["Heel Hook","Bullet Time"],"picked":"Quick Slash+1","floor":25},{"not_picked":["Outmaneuver","Blade Dance"],"picked":"Dash","floor":28},{"not_picked":["Outmaneuver+1","Dodge and Roll"],"picked":"Cloak And Dagger+1","floor":30},{"not_picked":["Finisher","Flying Knee","Crippling Poison"],"picked":"Singing Bowl","floor":31},{"not_picked":["Venomology","Tools of the Trade"],"picked":"After Image","floor":33},{"not_picked":["Bouncing Flask","Deadly Poison"],"picked":"Slice+1","floor":35},{"not_picked":["Endless Agony","Poisoned Stab+1"],"picked":"Blur+1","floor":37},{"not_picked":["Outmaneuver+1","Dagger Spray"],"picked":"Cloak And Dagger+1","floor":38},{"not_picked":["Dodge and Roll","Bouncing Flask+1"],"picked":"Backflip+1","floor":41},{"not_picked":["Dagger Throw+1","Cloak And Dagger"],"picked":"Blade Dance+1","floor":48}],"player_experience":782476,"relics_obtained":[{"floor":9,"key":"Singing Bowl"},{"floor":13,"key":"Potion Belt"},{"floor":22,"key":"Ice Cream"},{"floor":24,"key":"Ornamental Fan"},{"floor":26,"key":"Orichalcum"},{"floor":38,"key":"FossilizedHelix"},{"floor":43,"key":"Turnip"}],"event_choices":[{"event_name":"Golden Wing","player_choice":"Gained Gold","floor":2,"damage_taken":0},{"event_name":"Scrap Ooze","player_choice":"success","floor":5,"damage_taken":7},{"event_name":"The Cleric","player_choice":"Leave","floor":8,"damage_taken":0},{"event_name":"Golden Idol","player_choice":"Lose Max HP","floor":11,"damage_taken":0},{"event_name":"Match and Keep!","player_choice":"2 cards matched","floor":21,"damage_taken":0},{"event_name":"The Library","player_choice":"Heal","floor":29,"damage_taken":0},{"event_name":"Falling","player_choice":"Removed Skill","floor":36,"damage_taken":0},{"event_name":"Mysterious Sphere","player_choice":"Fight","floor":38,"damage_taken":0},{"event_name":"WeMeetAgain","player_choice":"Potion","floor":45,"damage_taken":0}],"is_beta":false,"boss_relics":[{"not_picked":["Empty Cage","Philosopher\u0027s Stone"],"picked":"Ring of the Serpent"},{"not_picked":["White Beast Statue","Lizard Tail"],"picked":"Runic Pyramid"}],"items_purged_floors":[4,27],"is_endless":false,"potions_floor_spawned":[1,7,14,19,20,24,25,33,41],"ascension_level":10}