{"gold_per_floor":[108,25,41,5,65,91,16,16,59,67,67,87,101,101,101,101],"floor_reached":16,"playtime":287,"items_purged":[],"score":299,"play_id":"7905079c-90b9-44eb-afd4-2d6959121db1","local_time":"20190811175038","is_ascension_mode":true,"campfire_choices":[{"data":"Bash","floor":8,"key":"SMITH"},{"data":"Clothesline","floor":11,"key":"SMITH"},{"data":"Inflame","floor":15,"key":"SMITH"}],"neow_cost":"NONE","seed_source_timestamp":102721824827259,"circlet_count":0,"master_deck":["Strike_R","Strike_R","Strike_R","Strike_R","Defend_R","Defend_R","Defend_R","Defend_R","Bash+1","AscMod:ascendersbane","Offering","Shrug It Off","Inflame+1","Clothesline+1"],"relics":["Burning Blood","NeowsBlessing","The Courier","Blood Vial","Paper Frog","Strawberry"],"potions_floor_usage":[16],"damage_taken":[{"damage":0,"enemies":"2 Louse","floor":1,"turns":1},{"damage":0,"enemies":"Small Slimes","floor":3,"turns":1},{"damage":0,"enemies":"Gremlin Nob","floor":6,"turns":1},{"damage":1,"enemies":"Cultist","floor":10,"turns":3},{"damage":18,"enemies":"Lagavulin","floor":12,"turns":7},{"damage":2,"enemies":"2 Fungi Beasts","floor":13,"turns":4},{"damage":48,"enemies":"The Guardian","floor":16,"turns":13}],"seed_played":"-4137152421454140747","potions_obtained":[{"floor":3,"key":"GamblersBrew"},{"floor":10,"key":"Ancient Potion"}],"is_trial":false,"path_per_floor":["M","$","M","$","?","E","?","R","T","M","R","E","M","?","R","B"],"character_chosen":"IRONCLAD","items_purchased":["Offering","Inflame"],"campfire_rested":0,"item_purchase_floors":[2,4],"current_hp_per_floor":[73,73,75,75,64,69,69,69,69,75,75,62,67,73,73,27],"gold":101,"neow_bonus":"THREE_ENEMY_KILL","is_prod":false,"is_daily":false,"chose_seed":false,"campfire_upgraded":3,"win_rate":0,"timestamp":1565520638,"path_taken":["M","$","M","$","?","E","?","R","T","M","R","E","M","?","R","BOSS"],"build_version":"2019-07-18","purchased_purges":0,"victory":false,"max_hp_per_floor":[75,75,75,75,75,75,75,75,75,75,75,75,75,82,82,82],"card_choices":[{"not_picked":["Flex","Cleave","Reckless Charge"],"picked":"SKIP","floor":1},{"not_picked":["Rage","Cleave"],"picked":"Shrug It Off","floor":3},{"not_picked":["Rage","True Grit"],"picked":"Clothesline","floor":6},{"not_picked":["Perfected Strike","Pommel Strike","Havoc"],"picked":"SKIP","floor":10},{"not_picked":["Ghostly Armor","Entrench","Seeing Red"],"picked":"SKIP","floor":12},{"not_picked":["Warcry","Headbutt","Brutality"],"picked":"SKIP","floor":13}],"player_experience":1060412,"relics_obtained":[{"floor":6,"key":"The Courier"},{"floor":9,"key":"Blood Vial"},{"floor":12,"key":"Paper Frog"},{"floor":14,"key":"Strawberry"}],"event_choices":[{"damage_healed":0,"gold_gain":75,"player_choice":"Gather Gold","damage_taken":11,"max_hp_gain":0,"max_hp_loss":0,"event_name":"World of Goop","floor":5,"gold_loss":0},{"cards_removed":["Strike_R"],"damage_healed":0,"gold_gain":0,"player_choice":"Card Removal","damage_taken":0,"max_hp_gain":0,"max_hp_loss":0,"event_name":"The Cleric","floor":7,"gold_loss":75},{"damage_healed":0,"gold_gain":0,"player_choice":"Relic","damage_taken":0,"max_hp_gain":0,"max_hp_loss":0,"event_name":"Wheel of Change","floor":14,"gold_loss":0}],"is_beta":true,"boss_relics":[],"items_purged_floors":[],"is_endless":false,"potions_floor_spawned":[3,10],"killed_by":"The Guardian","ascension_level":25}