{"gold_per_floor":[114,129,54,69,95,95,128,158,183,69,97,97,132,90,90,162,162,173,173,191,91,91,91,124,124,124,153,203,109,139,139,139,214,264,283,71,71],"floor_reached":37,"playtime":8974,"items_purged":["Strike_G","Strike_G","Strike_G"],"score":855,"play_id":"32f51670-5035-42f8-8252-29185876e96a","local_time":"20190722170244","is_ascension_mode":true,"campfire_choices":[{"data":"Neutralize","floor":6,"key":"SMITH"},{"floor":12,"key":"REST"},{"data":"Deadly Poison","floor":15,"key":"SMITH"},{"floor":23,"key":"REST"},{"floor":25,"key":"REST"},{"floor":32,"key":"REST"}],"neow_cost":"NONE","seed_source_timestamp":744186191032943,"circlet_count":0,"master_deck":["AscendersBane","Strike_G+1","Defend_G","Defend_G","Defend_G","Defend_G","Defend_G","Survivor","Neutralize+1","Dash+1","Calculated Gamble","Leg Sweep","Sucker Punch+1","Infinite Blades","Deadly Poison+1","Catalyst","Well Laid Plans","Corpse Explosion+1","Noxious Fumes","Well Laid Plans","Writhe","PiercingWail","Well Laid Plans","Backflip","Envenom+1","Footwork+1"],"relics":["Ring of the Serpent","PreservedInsect","Oddly Smooth Stone","Bag of Preparation","Odd Mushroom","Bag of Marbles","Potion Belt","Snake Skull","Orichalcum","Strawberry","Whetstone","Ice Cream","Lantern","Frozen Egg 2","Tiny House"],"potions_floor_usage":[7,7,8,8,11,27,33,37,37],"damage_taken":[{"damage":1,"enemies":"Cultist","floor":1,"turns":4},{"damage":2,"enemies":"Jaw Worm","floor":2,"turns":4},{"damage":0,"enemies":"2 Louse","floor":4,"turns":3},{"damage":1,"enemies":"Gremlin Nob","floor":7,"turns":3},{"damage":15,"enemies":"The Mushroom Lair","floor":8,"turns":8},{"damage":3,"enemies":"3 Sentries","floor":11,"turns":6},{"damage":3,"enemies":"Lagavulin","floor":13,"turns":9},{"damage":19,"enemies":"Slime Boss","floor":16,"turns":13},{"damage":3,"enemies":"3 Byrds","floor":18,"turns":3},{"damage":30,"enemies":"2 Thieves","floor":20,"turns":3},{"damage":29,"enemies":"Slavers","floor":24,"turns":2},{"damage":9,"enemies":"Book of Stabbing","floor":27,"turns":6},{"damage":3,"enemies":"Gremlin Leader","floor":30,"turns":5},{"damage":8,"enemies":"Automaton","floor":33,"turns":10},{"damage":0,"enemies":"3 Shapes","floor":35,"turns":4},{"damage":80,"enemies":"2 Orb Walkers","floor":37,"turns":4}],"seed_played":"2929169219958576398","potions_obtained":[{"floor":1,"key":"Poison Potion"},{"floor":4,"key":"Swift Potion"},{"floor":7,"key":"EntropicBrew"},{"floor":18,"key":"Strength Potion"},{"floor":30,"key":"GhostInAJar"},{"floor":34,"key":"Fire Potion"},{"floor":35,"key":"GamblersBrew"}],"is_trial":false,"path_per_floor":["M","M","?","M","T","R","E","?","T","$","E","R","E","$","R","B",null,"M","?","M","$","?","R","E","R","T","E","?","$","E","?","R","B",null,"M","$","?"],"character_chosen":"THE_SILENT","items_purchased":["Infinite Blades","Well Laid Plans","Well Laid Plans","Backflip","Footwork+1"],"campfire_rested":4,"item_purchase_floors":[10,14,29,29,36],"current_hp_per_floor":[58,56,56,56,56,56,55,40,40,40,37,56,53,53,53,34,58,55,55,25,25,25,44,22,43,43,34,34,34,31,31,52,44,71,71,71,0],"gold":71,"neow_bonus":"RANDOM_COMMON_RELIC","is_prod":false,"is_daily":false,"chose_seed":false,"campfire_upgraded":2,"win_rate":0,"timestamp":1563832964,"path_taken":["M","M","?","M","?","R","E","?","T","$","E","R","E","$","R","BOSS","M","?","M","?","?","R","E","R","T","E","?","$","E","?","R","BOSS","M","$","?"],"build_version":"2019-07-17","purchased_purges":3,"victory":false,"max_hp_per_floor":[66,66,66,66,66,66,66,66,66,66,66,66,66,66,66,66,66,66,66,66,66,66,66,73,73,73,73,73,73,73,73,73,73,78,78,78,78],"card_choices":[{"not_picked":["Choke","Endless Agony"],"picked":"Dash","floor":1},{"not_picked":["Finisher","Distraction"],"picked":"Calculated Gamble","floor":2},{"not_picked":["Finisher","Cloak And Dagger"],"picked":"Deflect","floor":4},{"not_picked":["Cloak And Dagger","Predator"],"picked":"Leg Sweep","floor":7},{"not_picked":["Acrobatics","Choke"],"picked":"Sucker Punch","floor":8},{"not_picked":["Leg Sweep","Bane"],"picked":"Deadly Poison","floor":11},{"not_picked":["All Out Attack","Dagger Throw"],"picked":"Catalyst","floor":13},{"not_picked":["Storm of Steel","Die Die Die"],"picked":"Corpse Explosion","floor":16},{"not_picked":["Underhanded Strike","Dodge and Roll"],"picked":"Noxious Fumes","floor":18},{"not_picked":["Leg Sweep","Dash"],"picked":"Well Laid Plans","floor":20},{"not_picked":["Finisher","Deflect"],"picked":"PiercingWail","floor":24},{"not_picked":["Reflex","Wraith Form v2","Endless Agony"],"picked":"SKIP","floor":27},{"not_picked":["Sucker Punch","Flying Knee","Prepared"],"picked":"SKIP","floor":30},{"not_picked":["Burst","Wraith Form v2+1"],"picked":"Envenom+1","floor":33},{"not_picked":["Choke","Well Laid Plans+1","Predator"],"picked":"SKIP","floor":35}],"player_experience":1612624,"relics_obtained":[{"floor":5,"key":"Oddly Smooth Stone"},{"floor":7,"key":"Bag of Preparation"},{"floor":8,"key":"Odd Mushroom"},{"floor":9,"key":"Bag of Marbles"},{"floor":11,"key":"Potion Belt"},{"floor":13,"key":"Snake Skull"},{"floor":24,"key":"Strawberry"},{"floor":26,"key":"Whetstone"},{"floor":27,"key":"Ice Cream"},{"floor":30,"key":"Lantern"}],"event_choices":[{"cards_removed":["Strike_G"],"damage_healed":0,"gold_gain":0,"player_choice":"Card Removal","damage_taken":0,"max_hp_gain":0,"max_hp_loss":0,"event_name":"The Cleric","floor":3,"gold_loss":75},{"damage_healed":0,"gold_gain":0,"player_choice":"Fought Mushrooms","damage_taken":0,"max_hp_gain":0,"max_hp_loss":0,"event_name":"Mushrooms","floor":8,"gold_loss":0},{"damage_healed":0,"gold_gain":0,"player_choice":"Upgraded","damage_taken":0,"max_hp_gain":0,"max_hp_loss":0,"event_name":"Upgrade Shrine","floor":19,"gold_loss":0,"cards_upgraded":["Corpse Explosion"]},{"damage_healed":0,"gold_gain":0,"player_choice":"Opened","damage_taken":0,"relics_obtained":["Orichalcum"],"max_hp_gain":0,"max_hp_loss":0,"event_name":"The Mausoleum","floor":22,"gold_loss":0,"cards_obtained":["Writhe"]},{"damage_healed":0,"gold_gain":50,"player_choice":"Stole From Cult","damage_taken":0,"max_hp_gain":0,"max_hp_loss":0,"event_name":"Nest","floor":28,"gold_loss":0},{"cards_removed":["Deflect"],"damage_healed":0,"gold_gain":0,"player_choice":"Gave Card","damage_taken":0,"relics_obtained":["Frozen Egg 2"],"max_hp_gain":0,"max_hp_loss":0,"event_name":"WeMeetAgain","floor":31,"gold_loss":0},{"damage_healed":0,"gold_gain":0,"player_choice":"Fight","damage_taken":0,"max_hp_gain":0,"max_hp_loss":0,"event_name":"Mysterious Sphere","floor":37,"gold_loss":0}],"is_beta":false,"boss_relics":[{"not_picked":["Astrolabe","WristBlade"],"picked":"Ring of the Serpent"},{"not_picked":["Snecko Eye","Black Star"],"picked":"Tiny House"}],"items_purged_floors":[10,21,36],"is_endless":false,"potions_floor_spawned":[1,4,7,18,30,35],"killed_by":"2 Orb Walkers","ascension_level":17}