{"gold_per_floor":[110,124,124,141,159,34,65,65,65,65,91,91,111,125,125,202,202,215,228,240,240],"floor_reached":21,"playtime":1736,"items_purged":["Strike_R"],"score":382,"play_id":"8e83155a-1b83-4347-8d7c-c9b6f1f75a53","local_time":"20190609151642","is_ascension_mode":true,"campfire_choices":[{"data":"Limit Break","floor":8,"key":"SMITH"},{"floor":12,"key":"REST"},{"floor":15,"key":"REST"}],"neow_cost":"NONE","seed_source_timestamp":2236124852065923,"circlet_count":0,"master_deck":["AscendersBane","Strike_R","Strike_R","Defend_R","Defend_R","Defend_R","Defend_R","Bash","Shockwave+1","True Grit","Pummel","Limit Break+1","Double Tap","Flex","Whirlwind","Demon Form","Shrug It Off","Heavy Blade","Shrug It Off"],"relics":["Burning Blood","PreservedInsect","Paper Frog","Darkstone Periapt","Runic Dome"],"potions_floor_usage":[5,7,7,16,21],"damage_taken":[{"damage":5,"enemies":"Cultist","floor":1,"turns":4},{"damage":8,"enemies":"2 Louse","floor":2,"turns":3},{"damage":3,"enemies":"Small Slimes","floor":4,"turns":5},{"damage":11,"enemies":"3 Louse","floor":5,"turns":4},{"damage":23,"enemies":"Lagavulin","floor":7,"turns":7},{"damage":41,"enemies":"3 Sentries","floor":11,"turns":12},{"damage":11,"enemies":"Blue Slaver","floor":13,"turns":6},{"damage":6,"enemies":"Looter","floor":14,"turns":2},{"damage":45,"enemies":"The Guardian","floor":16,"turns":9},{"damage":15,"enemies":"2 Thieves","floor":18,"turns":3},{"damage":9,"enemies":"Shell Parasite","floor":19,"turns":5},{"damage":44,"enemies":"Chosen and Byrds","floor":20,"turns":7},{"damage":11,"enemies":"3 Cultists","floor":21,"turns":4}],"seed_played":"131513750701020213","potions_obtained":[{"floor":1,"key":"Weak Potion"},{"floor":2,"key":"EssenceOfSteel"},{"floor":11,"key":"SteroidPotion"},{"floor":20,"key":"PowerPotion"}],"is_trial":false,"path_per_floor":["M","M","?","M","M","$","E","R","T","?","E","R","M","M","R","B",null,"M","M","M","M"],"character_chosen":"IRONCLAD","items_purchased":["AttackPotion"],"campfire_rested":2,"item_purchase_floors":[6],"current_hp_per_floor":[69,67,67,70,65,65,48,48,48,48,13,35,30,30,52,13,60,51,48,10,0],"gold":240,"neow_bonus":"REMOVE_CARD","is_prod":false,"is_daily":false,"chose_seed":false,"campfire_upgraded":1,"win_rate":0,"timestamp":1560111402,"path_taken":["M","M","?","?","M","$","E","R","T","?","E","R","M","M","R","BOSS","M","M","?","M"],"build_version":"2019-01-23","purchased_purges":1,"victory":false,"max_hp_per_floor":[75,75,75,75,75,75,75,75,75,75,75,75,75,75,75,75,75,75,75,75,75],"card_choices":[{"not_picked":["Fire Breathing","Pommel Strike"],"picked":"Shockwave","floor":1},{"not_picked":["Sword Boomerang","Clothesline"],"picked":"True Grit","floor":2},{"not_picked":["Power Through","Flex"],"picked":"Pummel","floor":4},{"not_picked":["Clothesline","Heavy Blade","Flex"],"picked":"SKIP","floor":5},{"not_picked":["Clothesline","Heavy Blade","Flex"],"picked":"SKIP","floor":5},{"not_picked":["Anger","Entrench"],"picked":"Limit Break","floor":7},{"not_picked":["Rupture","Combust"],"picked":"Double Tap","floor":11},{"not_picked":["Perfected Strike","Bloodletting"],"picked":"Flex","floor":13},{"not_picked":["Anger","Thunderclap"],"picked":"Whirlwind","floor":14},{"not_picked":["Impervious","Immolate"],"picked":"Demon Form","floor":16},{"not_picked":["Thunderclap","Pommel Strike"],"picked":"Shrug It Off","floor":18},{"not_picked":["Flex","Headbutt"],"picked":"Heavy Blade","floor":19},{"not_picked":["Clash","Anger"],"picked":"Shrug It Off","floor":20}],"player_experience":1282500,"relics_obtained":[{"floor":7,"key":"PreservedInsect"},{"floor":9,"key":"Paper Frog"},{"floor":11,"key":"Darkstone Periapt"}],"event_choices":[{"damage_healed":0,"gold_gain":0,"player_choice":"Upgraded","damage_taken":0,"max_hp_gain":0,"max_hp_loss":0,"event_name":"Upgrade Shrine","floor":3,"gold_loss":0,"cards_upgraded":["Shockwave"]},{"cards_removed":["Strike_R"],"damage_healed":0,"gold_gain":0,"player_choice":"Offered Basic","damage_taken":0,"max_hp_gain":0,"max_hp_loss":0,"event_name":"Bonfire Elementals","floor":10,"gold_loss":0}],"is_beta":false,"boss_relics":[{"not_picked":["Runic Pyramid","Calling Bell"],"picked":"Runic Dome"}],"items_purged_floors":[6],"is_endless":false,"potions_floor_spawned":[1,2,11,20],"killed_by":"3 Cultists","ascension_level":15}