{"gold_per_floor":[110,110,110,32,43,72,72,107,107,107,78,107,107,57,57,160,160,173,123,139,139,139,139,139,139,139,171,171,183,73,73],"floor_reached":31,"playtime":2426,"items_purged":["Strike_R","Defend_R","Bash"],"score":409,"play_id":"0d4f6dcd-5fb1-4416-b8e8-a0be6216b731","local_time":"20180925213012","is_ascension_mode":true,"campfire_choices":[{"floor":7,"key":"REST"},{"floor":10,"key":"REST"},{"floor":15,"key":"REST"},{"data":"Limit Break","floor":23,"key":"SMITH"},{"data":"Spot Weakness","floor":25,"key":"SMITH"},{"floor":28,"key":"REST"}],"neow_cost":"","seed_source_timestamp":37469299534137,"circlet_count":0,"master_deck":["Defend_R","Defend_R","Defend_R","True Grit+1","Rampage","Pommel Strike","Reaper","Spot Weakness+1","Limit Break+1","Heavy Blade+1","Necronomicurse","Ghostly","Ghostly","Ghostly","Ghostly","Ghostly","Shockwave","Metallicize"],"relics":["Burning Blood","The Courier","Smiling Mask","Mercury Hourglass","Juzu Bracelet","Empty Cage","Necronomicon","Omamori","Pen Nib"],"potions_floor_usage":[12,16,27,27],"damage_taken":[{"damage":12,"enemies":"2 Louse","floor":1,"turns":4},{"damage":6,"enemies":"Cultist","floor":5,"turns":4},{"damage":27,"enemies":"Lagavulin","floor":6,"turns":10},{"damage":57,"enemies":"Gremlin Nob","floor":8,"turns":6},{"damage":26,"enemies":"3 Sentries","floor":12,"turns":8},{"damage":23,"enemies":"The Guardian","floor":16,"turns":10},{"damage":27,"enemies":"Shell Parasite","floor":18,"turns":7},{"damage":41,"enemies":"3 Byrds","floor":20,"turns":6},{"damage":6,"enemies":"Book of Stabbing","floor":27,"turns":5},{"damage":18,"enemies":"Shelled Parasite and Fungi","floor":29,"turns":6},{"damage":42,"enemies":"Snecko","floor":31,"turns":6}],"seed_played":"-6448157718002261152","potions_obtained":[{"floor":8,"key":"SteroidPotion"},{"floor":12,"key":"Fire Potion"},{"floor":18,"key":"SteroidPotion"},{"floor":20,"key":"Poison Potion"}],"is_trial":false,"path_per_floor":["M","?","?","$","M","E","R","E","T","R","?","E","?","$","R","B",null,"M","$","M","?","?","R","?","R","T","E","R","M","$"],"character_chosen":"IRONCLAD","items_purchased":["Rampage","Metallicize"],"campfire_rested":4,"item_purchase_floors":[4,30],"current_hp_per_floor":[66,66,59,59,59,38,62,17,17,41,41,33,33,33,57,44,71,61,61,32,16,16,16,16,16,16,16,28,29,29,0],"gold":73,"neow_bonus":"","is_prod":false,"is_daily":false,"chose_seed":false,"campfire_upgraded":2,"win_rate":0,"timestamp":1537929012,"path_taken":["M","?","?","$","?","E","R","E","T","R","?","E","?","$","R","BOSS","M","$","M","?","?","R","?","R","T","E","R","M","$","M"],"build_version":"2018-09-20","purchased_purges":3,"victory":false,"max_hp_per_floor":[80,80,80,80,80,80,80,80,80,80,80,80,80,80,80,80,80,80,80,80,80,40,40,40,40,40,40,40,40,40,40],"card_choices":[{"not_picked":["Sword Boomerang","Wild Strike"],"picked":"True Grit","floor":1},{"not_picked":["Body Slam","Pummel"],"picked":"Pommel Strike","floor":5},{"not_picked":["True Grit","Exhume"],"picked":"Reaper","floor":6},{"not_picked":["Blood for Blood","Anger","Perfected Strike"],"picked":"SKIP","floor":8},{"not_picked":["Fire Breathing","Iron Wave"],"picked":"Spot Weakness","floor":12},{"not_picked":["Immolate","Reaper"],"picked":"Limit Break","floor":16},{"not_picked":["Warcry+1","Rupture"],"picked":"Heavy Blade+1","floor":18},{"not_picked":["Body Slam","Dropkick","Clash+1"],"picked":"SKIP","floor":20},{"not_picked":["Feel No Pain","Twin Strike+1","Dark Embrace"],"picked":"SKIP","floor":27},{"not_picked":["Sword Boomerang","Reckless Charge"],"picked":"Shockwave","floor":29}],"player_experience":651112,"relics_obtained":[{"floor":6,"key":"The Courier"},{"floor":8,"key":"Smiling Mask"},{"floor":9,"key":"Mercury Hourglass"},{"floor":12,"key":"Juzu Bracelet"},{"floor":21,"key":"Necronomicon"},{"floor":26,"key":"Omamori"},{"floor":27,"key":"Pen Nib"}],"event_choices":[{"event_name":"Upgrade Shrine","player_choice":"Upgraded","floor":2,"damage_taken":0},{"event_name":"Golden Wing","player_choice":"Card Removal","floor":3,"damage_taken":0},{"event_name":"World of Goop","player_choice":"Left","floor":11,"damage_taken":0},{"event_name":"Living Wall","player_choice":"Forget","floor":13,"damage_taken":0},{"event_name":"Cursed Tome","player_choice":"Obtained Book","floor":21,"damage_taken":0},{"event_name":"Ghosts","player_choice":"Became a Ghost","floor":22,"damage_taken":0},{"event_name":"Vampires","player_choice":"Ignored","floor":24,"damage_taken":0}],"is_beta":false,"boss_relics":[{"not_picked":["Black Star","Snecko Eye"],"picked":"Empty Cage"}],"items_purged_floors":[14,19,30],"is_endless":false,"potions_floor_spawned":[8,12,18,20],"killed_by":"Snecko","ascension_level":9}