{"gold_per_floor":[113,113,40,56,231,231,231,255,336,348,386,409,421,448,460,472],"floor_reached":16,"playtime":519,"items_purged":[],"score":115,"play_id":"7a987b8d-44f9-432a-86c6-e0229fcbd3cc","local_time":"20190607161226","is_ascension_mode":true,"campfire_choices":[{"data":"Gash","floor":6,"key":"SMITH"},{"data":"Hologram","floor":10,"key":"SMITH"},{"floor":15,"key":"REST"}],"neow_cost":"NONE","seed_source_timestamp":26929499314529,"circlet_count":0,"master_deck":["Strike_B","Strike_B","Strike_B","Strike_B","Defend_B","Defend_B","Defend_B","Defend_B","Zap","Dualcast","Reinforced Body+1","Gash+1","Conserve Battery","Hologram+1","Conserve Battery","Streamline"],"relics":["Cracked Core","Smiling Mask","MawBank","Gremlin Horn","Pantograph"],"potions_floor_usage":[],"damage_taken":[{"damage":1,"enemies":"Cultist","floor":1,"turns":3},{"damage":12,"enemies":"Small Slimes","floor":4,"turns":3},{"damage":0,"enemies":"Jaw Worm","floor":8,"turns":5},{"damage":26,"enemies":"3 Sentries","floor":11,"turns":10},{"damage":2,"enemies":"3 Louse","floor":12,"turns":3},{"damage":2,"enemies":"Red Slaver","floor":14,"turns":4},{"damage":70,"enemies":"Hexaghost","floor":16,"turns":11}],"seed_played":"7663965742470181306","potions_obtained":[{"floor":4,"key":"Strength Potion"},{"floor":8,"key":"Energy Potion"}],"is_trial":false,"path_per_floor":["M","?","$","M","?","R","?","M","T","R","E","M","?","M","R","B"],"character_chosen":"DEFECT","items_purchased":["Gash","Conserve Battery"],"campfire_rested":1,"item_purchase_floors":[3,3],"current_hp_per_floor":[74,74,74,62,62,62,50,50,50,50,24,22,22,20,42,0],"gold":472,"neow_bonus":"RANDOM_COMMON_RELIC","is_prod":false,"is_daily":false,"chose_seed":false,"campfire_upgraded":2,"win_rate":0,"timestamp":1559916746,"path_taken":["M","?","$","M","?","R","?","M","T","R","E","M","?","M","R","BOSS"],"build_version":"2019-01-23","purchased_purges":0,"victory":false,"max_hp_per_floor":[75,75,75,75,75,75,75,75,75,75,75,75,75,75,75,75],"card_choices":[{"not_picked":["Sweeping Beam","Redo"],"picked":"Reinforced Body","floor":1},{"not_picked":["Auto Shields","Rebound"],"picked":"Hologram","floor":4},{"not_picked":["Go for the Eyes","Barrage"],"picked":"Conserve Battery","floor":8},{"not_picked":["Beam Cell","Genetic Algorithm","Blizzard"],"picked":"SKIP","floor":11},{"not_picked":["Force Field","Fusion"],"picked":"Streamline","floor":12},{"not_picked":["Beam Cell","Coolheaded","Sunder"],"picked":"SKIP","floor":14}],"player_experience":204095,"relics_obtained":[{"floor":9,"key":"Gremlin Horn"},{"floor":11,"key":"Pantograph"}],"event_choices":[{"damage_healed":0,"gold_gain":0,"player_choice":"Grow","damage_taken":0,"max_hp_gain":0,"max_hp_loss":0,"event_name":"Living Wall","floor":2,"gold_loss":0,"cards_upgraded":["Reinforced Body"]},{"damage_healed":0,"gold_gain":175,"player_choice":"AGREE","damage_taken":0,"max_hp_gain":0,"max_hp_loss":0,"event_name":"Liars Game","floor":5,"gold_loss":0,"cards_obtained":["Doubt"]},{"damage_healed":0,"gold_gain":0,"player_choice":"Success","damage_taken":12,"relics_obtained":["MawBank"],"max_hp_gain":0,"max_hp_loss":0,"event_name":"Scrap Ooze","floor":7,"gold_loss":0},{"cards_removed":["Doubt"],"damage_healed":0,"gold_gain":0,"player_choice":"Removed Curses","damage_taken":0,"max_hp_gain":0,"max_hp_loss":0,"event_name":"Fountain of Cleansing","floor":13,"gold_loss":0}],"is_beta":false,"boss_relics":[],"items_purged_floors":[],"is_endless":false,"potions_floor_spawned":[4,8],"killed_by":"Hexaghost","ascension_level":3}