{"gold_per_floor":[114,39,54,54,69,69,84,99,149,179,179,194,209,224,224,324,324,339,350,365,380,395,410,425,425,450,450,465,465,495,188,188,288,288,303,318,318,98,113,113,128,143,143,143,173,188,203,218,218,218],"floor_reached":50,"playtime":2976,"items_purged":["Strike_B","Strike_B"],"score":606,"play_id":"40ddb7a0-caee-45fb-a8d9-5b305f687f43","local_time":"20180705094344","daily_mods":["Specialized","Uncertain Future","Terminal"],"is_ascension_mode":false,"campfire_choices":[{"data":"Compile Driver","floor":6,"key":"SMITH"},{"data":"Thunder Strike","floor":15,"key":"SMITH"},{"data":"Buffer","floor":27,"key":"SMITH"},{"floor":29,"key":"REST"},{"floor":32,"key":"REST"},{"data":"Tempest","floor":40,"key":"SMITH"},{"floor":49,"key":"REST"}],"neow_cost":"","seed_source_timestamp":0,"circlet_count":0,"master_deck":["Strike_B+1","Strike_B+1","Defend_B","Defend_B","Defend_B","Defend_B","Zap","Dualcast","Rainbow","Rainbow","Rainbow","Rainbow","Reinforced Body","Compile Driver+1","Hologram","Thunder Strike+1","Recycle","Ball Lightning","Ball Lightning","Buffer+1","Auto Shields+1","Conserve Battery+1","Echo Form+1","BootSequence","Defragment","Seek","Tempest+1","Ball Lightning+1"],"special_seed":17717,"relics":["Cracked Core","Omamori","Mango","White Beast Statue","Red Mask","Anchor","Lantern","Busted Crown","Potion Belt","Ice Cream","Boot"],"potions_floor_usage":[10,16,16,19,19,21,30,30,30,30,30,30,33,33,33,41,42,45,45,45,45,48,48,48,50],"damage_taken":[{"damage":0,"enemies":"Cultist","floor":1,"turns":3},{"damage":1,"enemies":"2 Louse","floor":3,"turns":2},{"damage":0,"enemies":"Jaw Worm","floor":5,"turns":3},{"damage":0,"enemies":"Exordium Thugs","floor":7,"turns":4},{"damage":5,"enemies":"Large Slime","floor":8,"turns":5},{"damage":0,"enemies":"3 Sentries","floor":10,"turns":6},{"damage":17,"enemies":"Gremlin Gang","floor":12,"turns":4},{"damage":0,"enemies":"3 Louse","floor":13,"turns":3},{"damage":10,"enemies":"Lots of Slimes","floor":14,"turns":3},{"damage":0,"enemies":"Hexaghost","floor":16,"turns":8},{"damage":8,"enemies":"Spheric Guardian","floor":18,"turns":4},{"damage":4,"floor":19,"turns":4},{"damage":0,"enemies":"Chosen","floor":20,"turns":5},{"damage":12,"enemies":"Slaver and Parasite","floor":21,"turns":6},{"damage":0,"enemies":"Centurion and Healer","floor":22,"turns":9},{"damage":0,"enemies":"Snecko","floor":23,"turns":4},{"damage":16,"enemies":"Sentry and Sphere","floor":24,"turns":6},{"damage":60,"enemies":"3 Cultists","floor":28,"turns":8},{"damage":12,"enemies":"Gremlin Leader","floor":30,"turns":8},{"damage":32,"enemies":"Automaton","floor":33,"turns":9},{"damage":0,"enemies":"3 Shapes","floor":35,"turns":5},{"damage":5,"enemies":"Orb Walker","floor":36,"turns":4},{"damage":7,"enemies":"Spire Growth","floor":39,"turns":7},{"damage":2,"enemies":"Sphere and 2 Shapes","floor":41,"turns":4},{"damage":6,"enemies":"Maw","floor":42,"turns":7},{"damage":36,"enemies":"Giant Head","floor":45,"turns":9},{"damage":0,"enemies":"4 Shapes","floor":46,"turns":4},{"damage":0,"enemies":"Transient","floor":47,"turns":5},{"damage":2,"enemies":"Flame Bruiser 2 Orb","floor":48,"turns":5},{"damage":23,"enemies":"Awakened One","floor":50,"turns":5}],"seed_played":"-5958423263724567793","potions_obtained":[{"floor":3,"key":"Block Potion"},{"floor":10,"key":"Ancient Potion"},{"floor":12,"key":"Fire Potion"},{"floor":13,"key":"Weak Potion"},{"floor":14,"key":"Swift Potion"},{"floor":16,"key":"EntropicBrew"},{"floor":18,"key":"PowerPotion"},{"floor":19,"key":"Poison Potion"},{"floor":20,"key":"GamblersBrew"},{"floor":21,"key":"EssenceOfSteel"},{"floor":22,"key":"Swift Potion"},{"floor":24,"key":"EssenceOfSteel"},{"floor":30,"key":"LiquidBronze"},{"floor":33,"key":"FearPotion"},{"floor":35,"key":"AttackPotion"},{"floor":36,"key":"Energy Potion"},{"floor":39,"key":"Fire Potion"},{"floor":41,"key":"Poison Potion"},{"floor":42,"key":"Swift Potion"},{"floor":45,"key":"SkillPotion"},{"floor":46,"key":"Block Potion"},{"floor":47,"key":"FocusPotion"},{"floor":48,"key":"SpeedPotion"}],"is_trial":false,"path_per_floor":["M","$","M","$","M","R","M","M","T","E","?","M","M","M","R","B",null,"M","?","M","M","M","M","M","?","T","R","M","R","E","$","R","B",null,"M","M","?","$","M","R","M","M","T","?","E","M","M","M","R"],"character_chosen":"DEFECT","items_purchased":["Defragment","FocusPotion","PowerPotion","Potion Belt","Tempest"],"campfire_rested":3,"item_purchase_floors":[31,31,31,38,38],"current_hp_per_floor":[73,72,71,70,69,68,67,62,62,76,60,43,43,33,33,33,71,63,59,59,47,47,47,31,73,72,71,11,32,20,20,40,8,64,63,58,58,58,51,51,49,43,43,43,7,7,7,5,20,0],"gold":218,"neow_bonus":"","is_prod":false,"is_daily":true,"chose_seed":false,"campfire_upgraded":4,"win_rate":0,"timestamp":1530760424,"path_taken":["M","$","M","?","M","R","M","M","T","E","?","?","M","M","R","BOSS","M","?","M","M","?","M","M","?","T","R","M","R","E","$","R","BOSS","M","M","?","$","M","R","M","?","T","?","E","M","M","M","R","BOSS"],"build_version":"2018-07-03","purchased_purges":2,"victory":false,"max_hp_per_floor":[73,72,71,70,69,68,67,66,65,78,77,76,75,74,73,72,71,70,69,68,67,66,65,64,73,72,71,70,69,68,67,66,65,64,63,62,61,60,59,58,57,56,55,54,53,52,51,50,49,49],"card_choices":[{"not_picked":["Storm","Go for the Eyes"],"picked":"Reinforced Body","floor":1},{"not_picked":["Heatsinks","Streamline","Coolheaded"],"picked":"SKIP","floor":3},{"not_picked":["Sweeping Beam","Rip and Tear"],"picked":"Compile Driver","floor":5},{"not_picked":["Rebound","Beam Cell"],"picked":"Hologram","floor":7},{"not_picked":["Hologram","Tempest"],"picked":"Thunder Strike","floor":8},{"not_picked":["Multi-Cast","FTL"],"picked":"Recycle","floor":10},{"not_picked":["Sweeping Beam","Streamline","Barrage"],"picked":"SKIP","floor":12},{"not_picked":["Rebound","Gash"],"picked":"Ball Lightning","floor":13},{"not_picked":["Sweeping Beam","Streamline"],"picked":"Ball Lightning","floor":14},{"not_picked":["Biased Cognition","Fission"],"picked":"Buffer","floor":16},{"not_picked":["Gash","Stack","Blizzard+1"],"picked":"SKIP","floor":18},{"not_picked":["Gash+1","Genetic Algorithm"],"picked":"White Noise","floor":19},{"not_picked":["Leap","Aggregate+1","Doom and Gloom+1"],"picked":"SKIP","floor":20},{"not_picked":["Reprogram","Steam"],"picked":"Auto Shields+1","floor":21},{"not_picked":["Barrage","Heatsinks","Beam Cell"],"picked":"SKIP","floor":22},{"not_picked":["Leap","FTL","Reinforced Body"],"picked":"SKIP","floor":23},{"not_picked":["Beam Cell","Gash"],"picked":"Conserve Battery+1","floor":24},{"not_picked":["Cold Snap+1","Hologram"],"picked":"Echo Form","floor":28},{"not_picked":["Static Discharge","Turbo"],"picked":"BootSequence","floor":30},{"not_picked":["Rainbow","Creative AI"],"picked":"Seek","floor":33},{"not_picked":["Recycle"],"picked":"SKIP","floor":35},{"not_picked":["Turbo+1"],"picked":"SKIP","floor":36},{"not_picked":["Rebound"],"picked":"SKIP","floor":39},{"not_picked":["Lockon"],"picked":"SKIP","floor":41},{"not_picked":[],"picked":"Ball Lightning+1","floor":42},{"not_picked":["Recycle+1"],"picked":"SKIP","floor":45},{"not_picked":["Cold Snap+1"],"picked":"SKIP","floor":46},{"not_picked":["Consume"],"picked":"SKIP","floor":47},{"not_picked":["Streamline"],"picked":"SKIP","floor":48}],"player_experience":136484,"relics_obtained":[{"floor":9,"key":"Omamori"},{"floor":10,"key":"Mango"},{"floor":19,"key":"Red Mask"},{"floor":26,"key":"Anchor"},{"floor":30,"key":"Lantern"},{"floor":43,"key":"Ice Cream"},{"floor":45,"key":"Boot"}],"event_choices":[{"event_name":"Shining Light","player_choice":"Entered Light","floor":11,"damage_taken":0},{"event_name":"Masked Bandits","player_choice":"Fought over 339 gold","floor":19,"damage_taken":0},{"event_name":"Bonfire Elementals","player_choice":"RARE","floor":25,"damage_taken":0},{"event_name":"Upgrade Shrine","player_choice":"Upgraded","floor":37,"damage_taken":0},{"event_name":"Falling","player_choice":"Removed Skill","floor":44,"damage_taken":0}],"boss_relics":[{"not_picked":["Lizard Tail","Runic Pyramid"],"picked":"White Beast Statue"},{"not_picked":["Cursed Key","Black Star"],"picked":"Busted Crown"}],"items_purged_floors":[2,31],"is_endless":false,"potions_floor_spawned":[3,10,12,13,14,16,18,19,20,21,22,23,24,28,30,33,35,36,39,41,42,45,46,47,48],"killed_by":"Awakened One","ascension_level":0}