{"gold_per_floor":[118,118,43,43,63,92,104,130,130,130,142,142,142,152,152,152],"floor_reached":16,"playtime":300,"items_purged":["Strike_R"],"score":220,"play_id":"6da4944b-5238-4779-a59d-3689bcfd870f","local_time":"20190819203235","is_ascension_mode":true,"campfire_choices":[{"data":"1","floor":10,"key":"LIFT"},{"data":"2","floor":12,"key":"LIFT"},{"data":"Disarm","floor":15,"key":"SMITH"}],"neow_cost":"TEN_PERCENT_HP_LOSS","seed_source_timestamp":141283963057368,"circlet_count":0,"master_deck":["AscendersBane","Strike_R","Strike_R","Strike_R","Defend_R","Defend_R","Defend_R","Defend_R","Bash","Clothesline","Shockwave","Disarm+1","Inflame","Shrug It Off","Immolate"],"relics":["Burning Blood","FossilizedHelix","Mercury Hourglass","Girya","Ornamental Fan","Bird Faced Urn"],"potions_floor_usage":[16],"damage_taken":[{"damage":1,"enemies":"2 Louse","floor":1,"turns":4},{"damage":0,"enemies":"Cultist","floor":5,"turns":3},{"damage":36,"enemies":"Gremlin Nob","floor":6,"turns":5},{"damage":0,"enemies":"Jaw Worm","floor":7,"turns":3},{"damage":25,"enemies":"3 Sentries","floor":8,"turns":6},{"damage":6,"enemies":"Red Slaver","floor":11,"turns":3},{"damage":0,"enemies":"2 Fungi Beasts","floor":14,"turns":1},{"damage":26,"enemies":"Hexaghost","floor":16,"turns":11}],"seed_played":"-3851289554516289465","potions_obtained":[{"floor":1,"key":"LiquidBronze"},{"floor":14,"key":"SpeedPotion"}],"is_trial":false,"path_per_floor":["M","?","$","?","M","E","M","E","T","R","M","R","?","M","R","B"],"character_chosen":"IRONCLAD","items_purchased":[],"campfire_rested":0,"item_purchase_floors":[],"current_hp_per_floor":[68,68,68,68,68,38,44,25,25,25,25,25,25,31,31,7],"gold":152,"neow_bonus":"ONE_RARE_RELIC","is_prod":false,"is_daily":false,"chose_seed":false,"campfire_upgraded":1,"win_rate":0,"timestamp":1566221555,"path_taken":["M","?","?","?","M","E","M","E","T","R","?","R","?","M","R","BOSS"],"build_version":"2019-08-15","purchased_purges":1,"victory":false,"max_hp_per_floor":[68,68,68,68,68,68,68,68,68,68,68,68,68,68,68,68],"card_choices":[{"not_picked":["Intimidate","True Grit"],"picked":"Clothesline","floor":1},{"not_picked":["Heavy Blade","Flex"],"picked":"Shockwave","floor":5},{"not_picked":["Headbutt","Burning Pact"],"picked":"Disarm","floor":6},{"not_picked":["Wild Strike","Body Slam"],"picked":"Inflame","floor":7},{"not_picked":["Power Through","Body Slam","Evolve"],"picked":"SKIP","floor":8},{"not_picked":["Burning Pact","Thunderclap"],"picked":"Shrug It Off","floor":11},{"not_picked":["Combust","Anger","Bloodletting"],"picked":"SKIP","floor":14}],"player_experience":1069980,"relics_obtained":[{"floor":6,"key":"Girya"},{"floor":8,"key":"Ornamental Fan"},{"floor":9,"key":"Bird Faced Urn"}],"event_choices":[{"damage_healed":0,"gold_gain":0,"player_choice":"0 cards matched","damage_taken":0,"max_hp_gain":0,"max_hp_loss":0,"event_name":"Match and Keep!","floor":2,"gold_loss":0,"cards_obtained":[]},{"damage_healed":0,"gold_gain":0,"player_choice":"Gave Potion","damage_taken":0,"relics_obtained":["Mercury Hourglass"],"max_hp_gain":0,"max_hp_loss":0,"event_name":"WeMeetAgain","floor":4,"gold_loss":0},{"damage_healed":0,"gold_gain":0,"cards_transformed":["Strike_R"],"player_choice":"Transformed","damage_taken":0,"max_hp_gain":0,"max_hp_loss":0,"event_name":"Transmorgrifier","floor":13,"gold_loss":0,"cards_obtained":["Immolate"]}],"is_beta":true,"boss_relics":[],"items_purged_floors":[3],"is_endless":false,"potions_floor_spawned":[1,14],"killed_by":"Hexaghost","ascension_level":20}