{"gold_per_floor":[111,130,140,155,169,195,195,225,272,12,12,12,25,40,40,137,137,92,92,92,92,92],"floor_reached":22,"playtime":1312,"items_purged":[],"score":283,"play_id":"a4b333d1-87d9-4acd-89a0-1085b93de13f","local_time":"20190929163554","is_ascension_mode":true,"campfire_choices":[{"floor":7,"key":"REST"},{"floor":12,"key":"REST"},{"floor":15,"key":"REST"}],"neow_cost":"TEN_PERCENT_HP_LOSS","seed_source_timestamp":1474376569803900,"circlet_count":0,"master_deck":["Strike_G","Strike_G","Strike_G","Strike_G","Strike_G","Defend_G","Defend_G","Defend_G","Defend_G","Defend_G","Survivor","Neutralize","Underhanded Strike","Finisher","Predator","Crippling Poison","Cloak And Dagger","Cloak And Dagger","Envenom","Skewer","Quick Slash","Dash","Riddle With Holes","Storm of Steel","Noxious Fumes","Dagger Spray","PiercingWail+1","Infinite Blades"],"relics":["Ring of the Snake","Tough Bandages","InkBottle","Vajra","Regal Pillow","Matryoshka","Ectoplasm"],"potions_floor_usage":[6,20,21],"damage_taken":[{"damage":1,"enemies":"Cultist","floor":1,"turns":5},{"damage":8,"enemies":"Jaw Worm","floor":2,"turns":5},{"damage":0,"enemies":"2 Louse","floor":3,"turns":3},{"damage":15,"enemies":"Large Slime","floor":4,"turns":5},{"damage":4,"enemies":"Blue Slaver","floor":5,"turns":3},{"damage":22,"enemies":"3 Sentries","floor":6,"turns":8},{"damage":28,"enemies":"Lagavulin","floor":8,"turns":6},{"damage":0,"enemies":"Red Slaver","floor":13,"turns":5},{"damage":0,"enemies":"2 Fungi Beasts","floor":14,"turns":2},{"damage":29,"enemies":"Hexaghost","floor":16,"turns":10},{"damage":18,"enemies":"2 Thieves","floor":18,"turns":4},{"damage":0,"enemies":"3 Byrds","floor":19,"turns":6},{"damage":24,"enemies":"Shelled Parasite and Fungi","floor":20,"turns":8},{"damage":12,"enemies":"Centurion and Healer","floor":21,"turns":7},{"damage":2,"enemies":"Chosen and Byrds","floor":22,"turns":1}],"seed_played":"-1393972091858665241","potions_obtained":[{"floor":3,"key":"Dexterity Potion"},{"floor":4,"key":"Energy Potion"},{"floor":5,"key":"FearPotion"},{"floor":8,"key":"SneckoOil"},{"floor":21,"key":"Swift Potion"}],"is_trial":false,"path_per_floor":["M","M","M","M","M","E","R","E","T","$","?","R","M","M","R","B",null,"M","M","M","M","M"],"character_chosen":"THE_SILENT","items_purchased":["Regal Pillow","Skewer","Quick Slash"],"campfire_rested":3,"item_purchase_floors":[10,10,10],"current_hp_per_floor":[62,54,54,39,35,13,31,3,3,3,3,36,36,36,63,34,56,38,38,14,2,0],"gold":92,"neow_bonus":"ONE_RARE_RELIC","is_prod":false,"is_daily":false,"chose_seed":false,"campfire_upgraded":0,"win_rate":0,"timestamp":1569789354,"path_taken":["M","M","M","M","?","E","R","E","T","$","?","R","M","M","R","BOSS","M","M","?","?","M"],"build_version":"2019-09-27","purchased_purges":0,"victory":false,"max_hp_per_floor":[63,63,63,63,63,63,63,63,63,63,63,63,63,63,63,63,63,63,63,63,63,63],"card_choices":[{"not_picked":["Choke","Deadly Poison"],"picked":"Underhanded Strike","floor":1},{"not_picked":["Poisoned Stab","Expertise"],"picked":"Finisher","floor":2},{"not_picked":["Dodge and Roll","Backflip"],"picked":"Predator","floor":3},{"not_picked":["Bane","Prepared"],"picked":"Crippling Poison","floor":4},{"not_picked":["Slice","Reflex"],"picked":"Cloak And Dagger","floor":5},{"not_picked":["Bane","Escape Plan"],"picked":"Cloak And Dagger","floor":6},{"not_picked":["Underhanded Strike","Grand Finale"],"picked":"Envenom","floor":8},{"not_picked":["Underhanded Strike","Expertise"],"picked":"Dash","floor":13},{"not_picked":["Predator","Quick Slash"],"picked":"Riddle With Holes","floor":14},{"not_picked":["Wraith Form v2","Malaise"],"picked":"Storm of Steel","floor":16},{"not_picked":["Well Laid Plans","Expertise"],"picked":"Noxious Fumes","floor":18},{"not_picked":["Slice","Poisoned Stab"],"picked":"Dagger Spray","floor":19},{"not_picked":["Slice","Underhanded Strike"],"picked":"PiercingWail+1","floor":20},{"not_picked":["Acrobatics","Underhanded Strike+1"],"picked":"Infinite Blades","floor":21}],"player_experience":197894,"relics_obtained":[{"floor":6,"key":"InkBottle"},{"floor":8,"key":"Vajra"},{"floor":11,"key":"Matryoshka"}],"event_choices":[{"damage_healed":0,"gold_gain":0,"player_choice":"Relic","damage_taken":0,"max_hp_gain":0,"max_hp_loss":0,"event_name":"Wheel of Change","floor":11,"gold_loss":0}],"is_beta":true,"boss_relics":[{"not_picked":["Philosopher\u0027s Stone","SacredBark"],"picked":"Ectoplasm"}],"items_purged_floors":[],"is_endless":false,"potions_floor_spawned":[3,4,5,8,19,21],"killed_by":"Chosen and Byrds","ascension_level":8}