{"gold_per_floor":[117,129,144,158,173,173,248,248,248,277,277,289,300,314,314,388,388,402,434,434,447,459,459,491,491,516,549,565,579,605,625,625,698,698,718,732,237,237,247,247,266,266],"floor_reached":42,"playtime":2333,"items_purged":[],"score":932,"play_id":"8f4d0af2-2aff-4aa6-8372-56bef58490c7","local_time":"20190426002602","is_ascension_mode":true,"campfire_choices":[{"data":"Zap","floor":6,"key":"SMITH"},{"data":"Dualcast","floor":8,"key":"SMITH"},{"data":"Darkness","floor":11,"key":"SMITH"},{"data":"Static Discharge","floor":15,"key":"SMITH"},{"floor":23,"key":"REST"},{"data":"Capacitor","floor":25,"key":"SMITH"},{"data":"Coolheaded","floor":32,"key":"SMITH"},{"data":"Capacitor","floor":40,"key":"SMITH"}],"neow_cost":"NONE","seed_source_timestamp":346263547286352,"circlet_count":0,"master_deck":["AscendersBane","Strike_B","Defend_B","Defend_B","Defend_B","Defend_B","Zap+1","Dualcast+1","Core Surge","FTL","Genetic Algorithm","Darkness+1","All For One","Cold Snap","Go for the Eyes","Rainbow","Static Discharge+1","Electrodynamics","Fusion+1","Sunder+1","All For One+1","Hologram","Capacitor+1","Go for the Eyes","Cold Snap","Darkness","Coolheaded+1","Redo+1","Core Surge","Conserve Battery","Capacitor+1","Conserve Battery","Loop"],"relics":["Cracked Core","Mercury Hourglass","Dead Branch","Astrolabe","Red Mask","GremlinMask","Meat on the Bone","PreservedInsect","Lantern","Happy Flower","Philosopher\u0027s Stone","Pantograph","Bronze Scales"],"potions_floor_usage":[10,19,24,36,39,42],"damage_taken":[{"damage":2,"enemies":"2 Louse","floor":1,"turns":2},{"damage":0,"enemies":"Jaw Worm","floor":2,"turns":3},{"damage":0,"enemies":"Cultist","floor":3,"turns":3},{"damage":3,"enemies":"Large Slime","floor":4,"turns":7},{"damage":9,"enemies":"2 Fungi Beasts","floor":5,"turns":3},{"damage":26,"enemies":"3 Sentries","floor":10,"turns":6},{"damage":2,"enemies":"3 Louse","floor":12,"turns":2},{"damage":6,"enemies":"Blue Slaver","floor":13,"turns":2},{"damage":0,"enemies":"2 Fungi Beasts","floor":14,"turns":2},{"damage":6,"enemies":"Hexaghost","floor":16,"turns":7},{"damage":1,"enemies":"Chosen","floor":18,"turns":4},{"damage":11,"enemies":"Masked Bandits","floor":19,"turns":3},{"damage":1,"enemies":"2 Thieves","floor":21,"turns":2},{"damage":7,"enemies":"Centurion and Healer","floor":22,"turns":5},{"damage":14,"enemies":"Gremlin Leader","floor":24,"turns":5},{"damage":17,"enemies":"Slavers","floor":27,"turns":4},{"damage":0,"enemies":"3 Cultists","floor":28,"turns":4},{"damage":18,"enemies":"Snake Plant","floor":29,"turns":2},{"damage":15,"enemies":"Book of Stabbing","floor":30,"turns":4},{"damage":0,"enemies":"Chosen and Byrds","floor":31,"turns":4},{"damage":22,"enemies":"Champ","floor":33,"turns":9},{"damage":0,"enemies":"3 Shapes","floor":35,"turns":4},{"damage":29,"enemies":"3 Darklings","floor":36,"turns":3},{"damage":17,"enemies":"Transient","floor":39,"turns":6},{"damage":17,"enemies":"Sphere and 2 Shapes","floor":41,"turns":4},{"damage":56,"enemies":"Giant Head","floor":42,"turns":5}],"seed_played":"-7701639534751826316","potions_obtained":[{"floor":2,"key":"Fruit Juice"},{"floor":3,"key":"Ancient Potion"},{"floor":10,"key":"AttackPotion"},{"floor":13,"key":"Block Potion"},{"floor":16,"key":"Weak Potion"},{"floor":19,"key":"Energy Potion"},{"floor":27,"key":"Energy Potion"},{"floor":39,"key":"Explosive Potion"},{"floor":41,"key":"PowerPotion"}],"is_trial":false,"path_per_floor":["M","M","M","M","M","R","?","R","T","E","R","M","M","M","R","B",null,"M","?","?","M","M","R","E","R","T","E","M","M","E","M","R","B",null,"M","M","$","?","M","R","M","E"],"character_chosen":"DEFECT","items_purchased":["Pantograph","Bronze Scales","Capacitor"],"campfire_rested":1,"item_purchase_floors":[37,37,37],"current_hp_per_floor":[62,62,62,59,50,50,39,39,39,18,18,16,10,10,10,4,58,57,46,46,45,38,60,46,46,46,41,41,35,32,44,44,34,66,66,49,49,49,44,44,39,0],"gold":266,"neow_bonus":"ONE_RANDOM_RARE_CARD","is_prod":false,"is_daily":false,"chose_seed":false,"campfire_upgraded":7,"win_rate":0,"timestamp":1556252762,"path_taken":["M","M","M","M","M","R","?","R","T","E","R","M","M","M","R","BOSS","M","?","?","M","?","R","E","R","T","E","M","M","E","M","R","BOSS","M","M","$","?","M","R","M","E"],"build_version":"2019-01-23","purchased_purges":0,"victory":false,"max_hp_per_floor":[71,71,71,71,71,71,71,71,71,76,76,76,76,76,76,76,76,76,76,76,76,76,76,76,76,76,76,76,76,76,76,76,76,76,76,76,76,76,76,76,76,76],"card_choices":[{"not_picked":["Barrage","Coolheaded"],"picked":"FTL","floor":1},{"not_picked":["Streamline","Sweeping Beam"],"picked":"Genetic Algorithm","floor":2},{"not_picked":["Genetic Algorithm","Streamline"],"picked":"Darkness","floor":3},{"not_picked":["Reprogram","Streamline"],"picked":"All For One","floor":4},{"not_picked":["Sunder","Sweeping Beam"],"picked":"Cold Snap","floor":5},{"not_picked":["Machine Learning","Leap","Stack"],"picked":"SKIP","floor":10},{"not_picked":["Barrage","Compile Driver"],"picked":"Go for the Eyes","floor":12},{"not_picked":["Leap","Melter"],"picked":"Rainbow","floor":13},{"not_picked":["Sweeping Beam","Beam Cell"],"picked":"Static Discharge","floor":14},{"not_picked":["Meteor Strike","Reboot"],"picked":"Electrodynamics","floor":16},{"not_picked":["Aggregate","Storm"],"picked":"Hologram","floor":18},{"not_picked":["Hologram","Compile Driver"],"picked":"Capacitor","floor":19},{"not_picked":["Redo","Leap"],"picked":"Go for the Eyes","floor":21},{"not_picked":["Gash","Force Field"],"picked":"Cold Snap","floor":22},{"not_picked":["Go for the Eyes","Rebound"],"picked":"Hologram","floor":24},{"not_picked":["Gash","Hyperbeam"],"picked":"Darkness","floor":27},{"not_picked":["Storm","Streamline"],"picked":"Coolheaded","floor":28},{"not_picked":["Cold Snap","Scrape","Gash"],"picked":"SKIP","floor":29},{"not_picked":["Go for the Eyes","Blizzard"],"picked":"Redo+1","floor":30},{"not_picked":["Sunder","Beam Cell","Force Field"],"picked":"SKIP","floor":31},{"not_picked":["Buffer","Rainbow"],"picked":"Core Surge","floor":33},{"not_picked":["Beam Cell","Leap","Turbo+1"],"picked":"SKIP","floor":35},{"not_picked":["Reinforced Body","Genetic Algorithm"],"picked":"Conserve Battery","floor":36},{"not_picked":["Streamline","Turbo+1"],"picked":"Conserve Battery","floor":39},{"not_picked":["Aggregate+1","Darkness"],"picked":"Loop","floor":41}],"player_experience":790958,"relics_obtained":[{"floor":9,"key":"Mercury Hourglass"},{"floor":10,"key":"Dead Branch"},{"floor":19,"key":"Red Mask"},{"floor":24,"key":"Meat on the Bone"},{"floor":26,"key":"PreservedInsect"},{"floor":27,"key":"Lantern"},{"floor":30,"key":"Happy Flower"}],"event_choices":[{"damage_healed":0,"gold_gain":75,"player_choice":"Gather Gold","damage_taken":11,"max_hp_gain":0,"max_hp_loss":0,"event_name":"World of Goop","floor":7,"gold_loss":0},{"damage_healed":0,"gold_gain":0,"player_choice":"Fought Bandits","damage_taken":0,"max_hp_gain":0,"max_hp_loss":0,"event_name":"Masked Bandits","floor":19,"gold_loss":0},{"damage_healed":0,"gold_gain":0,"player_choice":"Trade","damage_taken":0,"relics_obtained":["GremlinMask"],"max_hp_gain":0,"max_hp_loss":0,"event_name":"FaceTrader","floor":20,"gold_loss":0},{"cards_removed":["Hologram"],"damage_healed":0,"gold_gain":0,"player_choice":"Removed Skill","damage_taken":0,"max_hp_gain":0,"max_hp_loss":0,"event_name":"Falling","floor":38,"gold_loss":0}],"is_beta":false,"boss_relics":[{"not_picked":["Velvet Choker","Runic Pyramid"],"picked":"Astrolabe"},{"not_picked":["Runic Dome","Coffee Dripper"],"picked":"Philosopher\u0027s Stone"}],"items_purged_floors":[],"is_endless":false,"potions_floor_spawned":[2,3,10,13,14,16,19,21,27,30,35,39,41],"killed_by":"Giant Head","ascension_level":20}