{"gold_per_floor":[142,142,142,142,73,73,86,106,106,116,130,130,23,23,23,23],"floor_reached":16,"playtime":537,"items_purged":[],"score":104,"play_id":"5cbf2c5c-bfec-4f60-9425-05ec0076c14b","local_time":"20190925025142","is_ascension_mode":true,"campfire_choices":[{"data":"Corruption","floor":6,"key":"SMITH"},{"floor":15,"key":"REST"}],"neow_cost":"NONE","seed_source_timestamp":1080095974836899,"circlet_count":0,"master_deck":["Strike_R+1","Strike_R","Strike_R","Strike_R","Defend_R","Defend_R","Defend_R","Defend_R","Bash","Feel No Pain+1","Corruption+1","Sword Boomerang","Juggernaut","Sentinel+1","Shockwave+1","Metallicize","Flame Barrier+1"],"relics":["Burning Blood","Tiny Chest","Toxic Egg 2","Incense Burner"],"potions_floor_usage":[16],"damage_taken":[{"damage":5,"enemies":"Small Slimes","floor":1,"turns":4},{"damage":20,"enemies":"2 Louse","floor":7,"turns":3},{"damage":12,"enemies":"Jaw Worm","floor":8,"turns":3},{"damage":25,"enemies":"Red Slaver","floor":10,"turns":5},{"damage":14,"enemies":"Blue Slaver","floor":11,"turns":4},{"damage":34,"enemies":"Slime Boss","floor":16,"turns":10}],"seed_played":"-22406909600339642","potions_obtained":[{"floor":10,"key":"Ancient Potion"}],"is_trial":false,"path_per_floor":["M","?","?","?","$","R","M","M","T","M","M","?","$","?","R","B"],"character_chosen":"IRONCLAD","items_purchased":["Corruption","Metallicize","Flame Barrier+1"],"campfire_rested":1,"item_purchase_floors":[5,13,13],"current_hp_per_floor":[80,64,64,57,57,57,43,37,37,18,10,10,10,10,34,0],"gold":23,"neow_bonus":"RANDOM_COMMON_RELIC","is_prod":false,"is_daily":false,"chose_seed":false,"campfire_upgraded":1,"win_rate":0,"timestamp":1569394302,"path_taken":["M","?","?","?","?","R","?","M","T","M","M","?","$","?","R","BOSS"],"build_version":"2019-07-17","purchased_purges":0,"victory":false,"max_hp_per_floor":[80,80,80,80,80,80,80,80,80,80,80,80,80,80,80,80],"card_choices":[{"not_picked":["Twin Strike","Heavy Blade"],"picked":"Feel No Pain","floor":1},{"not_picked":["Twin Strike","Iron Wave"],"picked":"Sword Boomerang","floor":7},{"not_picked":["Thunderclap","Body Slam"],"picked":"Juggernaut","floor":8},{"not_picked":["Heavy Blade","Pommel Strike"],"picked":"Sentinel+1","floor":10},{"not_picked":["Reckless Charge","Heavy Blade"],"picked":"Shockwave+1","floor":11}],"player_experience":81085,"relics_obtained":[{"floor":9,"key":"Incense Burner"}],"event_choices":[{"damage_healed":0,"gold_gain":0,"player_choice":"Entered Light","damage_taken":16,"max_hp_gain":0,"max_hp_loss":0,"event_name":"Shining Light","floor":2,"gold_loss":0,"cards_upgraded":["Feel No Pain","Strike_R"]},{"damage_healed":0,"gold_gain":0,"player_choice":"Box","damage_taken":0,"relics_obtained":["Toxic Egg 2"],"max_hp_gain":0,"max_hp_loss":0,"event_name":"Big Fish","floor":3,"gold_loss":0,"cards_obtained":["Regret"]},{"cards_removed":["Strike_R"],"damage_healed":0,"gold_gain":0,"player_choice":"Card Removal","damage_taken":7,"max_hp_gain":0,"max_hp_loss":0,"event_name":"Golden Wing","floor":4,"gold_loss":0},{"damage_healed":0,"gold_gain":0,"player_choice":"Searched \u00270\u0027 times","damage_taken":0,"max_hp_gain":0,"max_hp_loss":0,"event_name":"Dead Adventurer","floor":12,"gold_loss":0},{"cards_removed":["Regret"],"damage_healed":0,"gold_gain":0,"player_choice":"Purged","damage_taken":0,"max_hp_gain":0,"max_hp_loss":0,"event_name":"Purifier","floor":14,"gold_loss":0}],"is_beta":false,"boss_relics":[],"items_purged_floors":[],"is_endless":false,"potions_floor_spawned":[10],"killed_by":"Slime Boss","ascension_level":3}