{"gold_per_floor":[111,171,171,186,21,21,47,58,100,109,109],"floor_reached":11,"playtime":136,"items_purged":[],"score":221,"play_id":"fae1b834-eddc-4fd3-bc20-7b22f986ba4c","local_time":"20190927024739","is_ascension_mode":true,"campfire_choices":[{"data":"Eruption","floor":6,"key":"SMITH"}],"neow_cost":"NONE","seed_source_timestamp":341759467956300,"circlet_count":0,"master_deck":["Strike_P","Strike_P","Strike_P","Strike_P","Defend_P+1","Defend_P","Defend_P","Defend_P+1","Eruption+1","Vigilance","AscMod:ascendersbane","Protect","Establishment"],"relics":["PureWater","NeowsBlessing","Vajra","Dream Catcher","MealTicket"],"potions_floor_usage":[11,11],"damage_taken":[{"damage":0,"enemies":"Cultist","floor":1,"turns":1},{"damage":0,"enemies":"Small Slimes","floor":4,"turns":2},{"damage":0,"enemies":"3 Sentries","floor":7,"turns":2},{"damage":0,"enemies":"Jaw Worm","floor":8,"turns":3},{"damage":0,"enemies":"Large Slime","floor":10,"turns":4},{"damage":4,"enemies":"Gremlin Nob","floor":11,"turns":3}],"seed_played":"423207536087032593","potions_obtained":[{"floor":4,"key":"Block Potion"},{"floor":8,"key":"GamblersBrew"}],"is_trial":false,"path_per_floor":["M","?","?","M","$","R","E","M","T","M","E"],"character_chosen":"WATCHER","items_purchased":["Vajra"],"campfire_rested":0,"item_purchase_floors":[5],"current_hp_per_floor":[55,44,26,26,26,26,26,26,26,26,22],"gold":109,"neow_bonus":"THREE_ENEMY_KILL","is_prod":false,"is_daily":false,"chose_seed":false,"campfire_upgraded":1,"win_rate":0,"timestamp":1569527259,"path_taken":["M","?","?","M","$","R","E","?","T","M","E"],"build_version":"2019-09-25","purchased_purges":0,"victory":false,"max_hp_per_floor":[61,61,61,61,61,61,61,61,61,61,61],"card_choices":[{"not_picked":["BowlingBash","SashWhip","FlyingSleeves"],"picked":"SKIP","floor":1},{"not_picked":["Fasting","TalkToTheHand"],"picked":"Protect","floor":4},{"not_picked":["CutThroughFate","FollowUp","MentalFortress"],"picked":"SKIP","floor":7},{"not_picked":["DeceiveReality","Meditate"],"picked":"Establishment","floor":8},{"not_picked":["ThirdEye","CutThroughFate","FollowUp"],"picked":"SKIP","floor":10}],"player_experience":1166608,"relics_obtained":[{"floor":7,"key":"Dream Catcher"},{"floor":9,"key":"MealTicket"}],"event_choices":[{"damage_healed":0,"gold_gain":75,"player_choice":"Gather Gold","damage_taken":11,"max_hp_gain":0,"max_hp_loss":0,"event_name":"World of Goop","floor":2,"gold_loss":0},{"damage_healed":0,"gold_gain":0,"player_choice":"Entered Light","damage_taken":18,"max_hp_gain":0,"max_hp_loss":0,"event_name":"Shining Light","floor":3,"gold_loss":0,"cards_upgraded":["Defend_P","Defend_P"]}],"is_beta":true,"boss_relics":[],"items_purged_floors":[],"is_endless":false,"potions_floor_spawned":[4,8],"killed_by":"Gremlin Nob","ascension_level":25}