{"gold_per_floor":[114,128,128,128,25,25,55,65,65,96,111,111,111,130,130,203,203,223,223,131,150,164,164,198,198,198,198,208,238,238,272,272,348,348,363,363,380,394,230,230,230,249,249,280,299,19,19,19,19,19],"floor_reached":50,"playtime":1631,"items_purged":["Parasite"],"score":1111,"play_id":"f0cc404c-f555-4aa2-bd1e-b909420142d3","local_time":"20190927211509","is_ascension_mode":true,"campfire_choices":[{"data":"Discovery","floor":6.0,"key":"SMITH"},{"data":"Perfected Strike","floor":12.0,"key":"SMITH"},{"data":"Perfected Strike","floor":15.0,"key":"SMITH"},{"data":"Dual Wield","floor":23.0,"key":"SMITH"},{"data":"Power Through","floor":25.0,"key":"SMITH"},{"data":"Seeing Red","floor":30.0,"key":"SMITH"},{"data":"Battle Trance","floor":32.0,"key":"SMITH"},{"data":"Mayhem","floor":40.0,"key":"SMITH"},{"data":"Mayhem","floor":47.0,"key":"SMITH"},{"data":"Bash","floor":49.0,"key":"SMITH"}],"neow_cost":"NONE","seed_source_timestamp":0,"circlet_count":0,"master_deck":["AscendersBane","Strike_R+1","Strike_R","Strike_R","Strike_R","Strike_R","Defend_R","Defend_R","Defend_R","Defend_R","Bash+1","Perfected Strike+1","Pommel Strike","Discovery+1","Shrug It Off","Perfected Strike+1","Battle Trance+1","Twin Strike+1","Perfected Strike+1","Swift Strike","Dual Wield+1","Power Through+1","Seeing Red+1","Perfected Strike+1","Mayhem+1","Perfected Strike+1","Perfected Strike+1","Pommel Strike","Mayhem+1"],"special_seed":0,"relics":["Burning Blood","PreservedInsect","Shuriken","Red Skull","Cursed Key","Mango","Regal Pillow","Paper Frog","Mummified Hand","Charon\u0027s Ashes","Red Mask","Empty Cage","DollysMirror","Whetstone","TungstenRod"],"potions_floor_usage":[50],"damage_taken":[{"damage":4.0,"enemies":"Jaw Worm","floor":1.0,"turns":4.0},{"damage":2.0,"enemies":"Cultist","floor":2.0,"turns":4.0},{"damage":56.0,"enemies":"Gremlin Nob","floor":7.0,"turns":5.0},{"damage":0.0,"enemies":"2 Louse","floor":8.0,"turns":2.0},{"damage":22.0,"enemies":"Lagavulin","floor":10.0,"turns":5.0},{"damage":8.0,"enemies":"Blue Slaver","floor":11.0,"turns":2.0},{"damage":2.0,"enemies":"Large Slime","floor":14.0,"turns":5.0},{"damage":69.0,"enemies":"The Guardian","floor":16.0,"turns":11.0},{"damage":0.0,"enemies":"Chosen","floor":18.0,"turns":3.0},{"damage":11.0,"enemies":"3 Byrds","floor":21.0,"turns":4.0},{"damage":6.0,"enemies":"Snecko","floor":22.0,"turns":3.0},{"damage":8.0,"enemies":"Slavers","floor":24.0,"turns":3.0},{"damage":0.0,"enemies":"Centurion and Healer","floor":28.0,"turns":3.0},{"damage":0.0,"enemies":"Gremlin Leader","floor":29.0,"turns":3.0},{"damage":21.0,"enemies":"Masked Bandits","floor":31.0,"turns":3.0},{"damage":56.0,"enemies":"Automaton","floor":33.0,"turns":6.0},{"damage":0.0,"enemies":"Orb Walker","floor":35.0,"turns":1.0},{"damage":11.0,"enemies":"3 Shapes","floor":37.0,"turns":3.0},{"damage":0.0,"enemies":"Transient","floor":38.0,"turns":6.0},{"damage":2.0,"enemies":"Writhing Mass","floor":42.0,"turns":3.0},{"damage":14.0,"enemies":"Giant Head","floor":44.0,"turns":4.0},{"damage":0.0,"enemies":"Jaw Worm Horde","floor":45.0,"turns":3.0},{"damage":79,"enemies":"Awakened One","floor":50,"turns":4}],"seed_played":"-210552175725507531","potions_obtained":[{"floor":7.0,"key":"Dexterity Potion"},{"floor":11.0,"key":"Block Potion"},{"floor":16.0,"key":"AttackPotion"},{"floor":21.0,"key":"SkillPotion"},{"floor":22.0,"key":"SkillPotion"},{"floor":28.0,"key":"SpeedPotion"},{"floor":31.0,"key":"SneckoOil"},{"floor":37.0,"key":"AttackPotion"},{"floor":42.0,"key":"Dexterity Potion"},{"floor":44.0,"key":"Block Potion"}],"is_trial":false,"path_per_floor":["M","M","?","$","$","R","E","M","T","E","M","R","?","M","R","B",null,"M","?","$","M","M","R","E","R","T","T","M","E","R","?","R","B",null,"M","?","M","M","$","R","?","M","T","E","M","$","R","?","R","B"],"character_chosen":"IRONCLAD","items_purchased":["Discovery","Swift Strike","DollysMirror","Mayhem"],"campfire_rested":0,"item_purchase_floors":[5,20,39,46],"current_hp_per_floor":[70,74,74,74,74,74,28,38,38,26,28,28,75,75,75,12,59,65,79,79,74,74,74,72,72,72,72,78,84,84,69,69,19,72,78,68,63,69,69,69,69,73,73,65,71,71,71,71,71,0],"gold":19,"neow_bonus":"RANDOM_COLORLESS","is_prod":false,"is_daily":false,"chose_seed":false,"campfire_upgraded":10,"win_rate":0,"timestamp":1569644109,"path_taken":["M","M","?","?","$","R","E","M","T","E","?","R","?","M","R","BOSS","M","?","$","?","M","R","E","R","T","?","M","E","R","?","R","BOSS","M","?","M","M","$","R","?","M","T","E","M","$","R","?","R","BOSS"],"build_version":"2019-09-27","purchased_purges":1,"victory":false,"max_hp_per_floor":[75,75,75,75,75,75,75,75,75,75,75,75,75,75,75,75,75,75,89,89,89,89,89,89,89,89,89,89,89,89,89,89,89,89,89,89,89,89,89,89,89,89,89,89,89,86,86,86,86,86],"card_choices":[{"not_picked":["Bandage Up","Dark Shackles"],"picked":"Deep Breath","floor":0.0},{"not_picked":["Body Slam","Cleave"],"picked":"Perfected Strike","floor":1.0},{"not_picked":["True Grit","Headbutt"],"picked":"Pommel Strike","floor":2.0},{"not_picked":["Rage","Havoc","Hemokinesis"],"picked":"SKIP","floor":7.0},{"not_picked":["Clothesline","Shockwave"],"picked":"Shrug It Off","floor":8.0},{"not_picked":["Reckless Charge","Iron Wave"],"picked":"Perfected Strike","floor":10.0},{"not_picked":["Sentinel","Rage"],"picked":"Battle Trance","floor":11.0},{"not_picked":["Havoc","Pummel"],"picked":"Twin Strike","floor":14.0},{"not_picked":["Second Wind","Clash"],"picked":"Perfected Strike+1","floor":18.0},{"not_picked":["Flame Barrier","Thunderclap","Anger+1"],"picked":"SKIP","floor":21.0},{"not_picked":["Sentinel","Flame Barrier"],"picked":"Dual Wield","floor":22.0},{"not_picked":["Iron Wave","Twin Strike"],"picked":"Power Through","floor":24.0},{"not_picked":["Body Slam","Bludgeon"],"picked":"Seeing Red","floor":28.0},{"not_picked":["Rupture","Shrug It Off"],"picked":"Disarm+1","floor":29.0},{"not_picked":["Rampage","Reckless Charge"],"picked":"Perfected Strike+1","floor":35.0},{"not_picked":["Good Instincts","Jack Of All Trades"],"picked":"Mayhem","floor":36.0},{"not_picked":["Twin Strike+1","Havoc"],"picked":"Perfected Strike+1","floor":37.0},{"not_picked":["Disarm","Iron Wave","Body Slam"],"picked":"SKIP","floor":38.0},{"not_picked":["Headbutt","Intimidate","Sever Soul"],"picked":"SKIP","floor":42.0},{"not_picked":["Ghostly Armor","Sword Boomerang","Havoc+1"],"picked":"SKIP","floor":44.0},{"not_picked":["Heavy Blade","Whirlwind"],"picked":"Pommel Strike","floor":45.0}],"player_experience":1078866,"relics_obtained":[{"floor":7.0,"key":"PreservedInsect"},{"floor":9.0,"key":"Shuriken"},{"floor":10.0,"key":"Red Skull"},{"floor":24.0,"key":"Regal Pillow"},{"floor":26.0,"key":"Paper Frog"},{"floor":27.0,"key":"Mummified Hand"},{"floor":29.0,"key":"Charon\u0027s Ashes"},{"floor":31.0,"key":"Red Mask"},{"floor":43.0,"key":"Whetstone"},{"floor":44.0,"key":"TungstenRod"}],"event_choices":[{"damage_healed":0.0,"max_hp_gain":0.0,"max_hp_loss":0.0,"gold_gain":0.0,"cards_transformed":["Deep Breath"],"event_name":"Transmorgrifier","player_choice":"Transformed","floor":3.0,"gold_loss":0.0,"damage_taken":0.0,"cards_obtained":["Bandage Up"]},{"cards_removed":["Bandage Up"],"damage_healed":47.0,"max_hp_gain":0.0,"max_hp_loss":0.0,"gold_gain":0.0,"event_name":"Bonfire Elementals","player_choice":"Offered Uncommon","floor":13.0,"gold_loss":0.0,"damage_taken":0.0},{"damage_healed":0.0,"max_hp_gain":0.0,"max_hp_loss":0.0,"gold_gain":0.0,"event_name":"WeMeetAgain","player_choice":"Gave Potion","floor":19.0,"gold_loss":0.0,"damage_taken":0.0,"relics_obtained":["Mango"]},{"damage_healed":0.0,"max_hp_gain":0.0,"max_hp_loss":0.0,"gold_gain":0.0,"event_name":"Masked Bandits","player_choice":"Fought Bandits","floor":31.0,"gold_loss":0.0,"damage_taken":0.0},{"damage_healed":0.0,"max_hp_gain":0.0,"max_hp_loss":0.0,"gold_gain":0.0,"event_name":"SensoryStone","player_choice":"Memory 3","floor":36.0,"gold_loss":0.0,"damage_taken":10.0},{"damage_healed":0.0,"max_hp_gain":0.0,"max_hp_loss":0.0,"gold_gain":0.0,"event_name":"Tomb of Lord Red Mask","player_choice":"Ignored","floor":41.0,"gold_loss":0.0,"damage_taken":0.0},{"cards_removed":["Disarm"],"damage_healed":0.0,"max_hp_gain":0.0,"max_hp_loss":0.0,"gold_gain":0.0,"event_name":"Falling","player_choice":"Removed Skill","floor":48.0,"gold_loss":0.0,"damage_taken":0.0}],"is_beta":true,"boss_relics":[{"not_picked":["Runic Cube","Runic Pyramid"],"picked":"Cursed Key"},{"not_picked":["Astrolabe","Coffee Dripper"],"picked":"Empty Cage"}],"items_purged_floors":[46],"is_endless":false,"potions_floor_spawned":[7,11,16,21,22,28,31,37,42,44],"killed_by":"Awakened One","ascension_level":20}