{"gold_per_floor":[114,114,114,129,144,144,159,159,159,189,204,234,234,249,249,349,399,414,414,60,60,60,90,105,135,210,309,324,339,354,369,369,469,469,484,484,484,499,499,529,544,574,624,639,639,232,18,33,33,33],"floor_reached":51,"playtime":2662,"items_purged":[],"score":959,"play_id":"6dfabfad-40c8-4899-aeed-61403240c10b","local_time":"20180803143651","daily_mods":["Heirloom","Time Dilation","Night Terrors"],"is_ascension_mode":false,"campfire_choices":[{"data":"Strike_G","floor":6,"key":"PURGE"},{"data":"Cloak And Dagger","floor":8,"key":"SMITH"},{"data":"Neutralize","floor":15,"key":"SMITH"},{"data":"Writhe","floor":32,"key":"PURGE"},{"floor":45,"key":"REST"},{"data":"Decay","floor":49,"key":"PURGE"}],"neow_cost":"","seed_source_timestamp":0,"circlet_count":0,"master_deck":["Defend_G","Defend_G","Defend_G+1","Defend_G","Defend_G+1","Strike_G+1","Strike_G","Survivor","Neutralize+1","Cloak And Dagger+1","Acrobatics","Cloak And Dagger","After Image","Blade Dance","PiercingWail","Bullet Time","Blade Dance","Heel Hook","Heel Hook","Blade Dance+1","Concentrate+1","Bullet Time+1","Backstab","Escape Plan+1","Venomology+1","Backflip+1","Well Laid Plans+1","Dagger Spray+1","Prepared+1","Catalyst+1","Cloak And Dagger+1","Escape Plan+1","Calculated Gamble+1","Dagger Spray","Sucker Punch+1"],"special_seed":17746,"relics":["Ring of the Snake","Peace Pipe","Ornamental Fan","Orichalcum","Snake Skull","Tiny House","Toxic Egg 2","Gremlin Horn","Shuriken","StoneCalendar","Darkstone Periapt","Philosopher\u0027s Stone","The Courier","Pear","Pen Nib","Anchor","Potion Belt"],"potions_floor_usage":[12,12,16,23,23,23,25,33,33,38,40,40,41,42,42,44,44,44,48,50,50,50,50,50],"damage_taken":[{"damage":0,"enemies":"2 Louse","floor":1,"turns":3},{"damage":0,"enemies":"Small Slimes","floor":4,"turns":3},{"damage":0,"enemies":"Jaw Worm","floor":5,"turns":4},{"damage":3,"enemies":"2 Fungi Beasts","floor":7,"turns":3},{"damage":10,"enemies":"Gremlin Nob","floor":10,"turns":4},{"damage":0,"enemies":"Large Slime","floor":11,"turns":3},{"damage":0,"enemies":"Lagavulin","floor":12,"turns":9},{"damage":0,"enemies":"3 Louse","floor":14,"turns":3},{"damage":0,"enemies":"The Guardian","floor":16,"turns":12},{"damage":0,"enemies":"Shell Parasite","floor":18,"turns":6},{"damage":0,"enemies":"Gremlin Leader","floor":23,"turns":9},{"damage":0,"enemies":"2 Thieves","floor":24,"turns":4},{"damage":6,"enemies":"Book of Stabbing","floor":25,"turns":5},{"damage":2,"enemies":"Centurion and Healer","floor":28,"turns":5},{"damage":6,"enemies":"Snecko","floor":29,"turns":5},{"damage":5,"enemies":"Snake Plant","floor":30,"turns":4},{"damage":0,"enemies":"Centurion and Healer","floor":31,"turns":3},{"damage":13,"enemies":"Collector","floor":33,"turns":8},{"damage":0,"enemies":"Flame Bruiser 1 Orb","floor":35,"turns":4},{"damage":18,"enemies":"3 Darklings","floor":38,"turns":4},{"damage":45,"enemies":"2 Orb Walkers","floor":40,"turns":5},{"damage":18,"enemies":"Sphere and 2 Shapes","floor":41,"turns":6},{"damage":0,"enemies":"Giant Head","floor":42,"turns":7},{"damage":5,"enemies":"Maw","floor":44,"turns":5},{"damage":25,"enemies":"Transient","floor":48,"turns":5},{"damage":12,"enemies":"Donu and Deca","floor":50,"turns":8}],"seed_played":"1315967547394537302","potions_obtained":[{"floor":7,"key":"GhostInAJar"},{"floor":11,"key":"SneckoOil"},{"floor":12,"key":"Strength Potion"},{"floor":14,"key":"Block Potion"},{"floor":16,"key":"Energy Potion"},{"floor":17,"key":"Fire Potion"},{"floor":23,"key":"AttackPotion"},{"floor":28,"key":"Block Potion"},{"floor":30,"key":"LiquidBronze"},{"floor":31,"key":"Energy Potion"},{"floor":38,"key":"Regen Potion"},{"floor":40,"key":"PowerPotion"},{"floor":42,"key":"FearPotion"}],"is_trial":false,"path_per_floor":["M","?","?","M","M","R","M","R","T","E","M","E","?","M","R","B",null,"M","?","$","?","?","E","M","E","T","?","M","M","M","M","R","B",null,"M","?","?","M","?","E","M","E","T","M","R","$","$","M","R","B"],"character_chosen":"THE_SILENT","items_purchased":["Blade Dance","Toxic Egg 2","Heel Hook","Anchor","Potion Belt","Weak Potion","Catalyst+1","Cloak And Dagger+1","Escape Plan+1","EssenceOfSteel","SpeedPotion","Fire Potion","Calculated Gamble+1","Dagger Spray"],"campfire_rested":1,"item_purchase_floors":[20,20,20,46,46,46,46,46,46,47,47,47,47,47],"current_hp_per_floor":[70,56,56,56,56,56,53,53,53,43,43,43,36,36,36,36,75,75,61,61,61,61,61,61,55,55,55,53,47,42,42,42,29,80,80,86,86,73,73,40,22,32,32,27,91,91,91,66,66,54],"gold":33,"neow_bonus":"","is_prod":false,"is_daily":true,"chose_seed":false,"campfire_upgraded":2,"win_rate":0,"timestamp":1533281811,"path_taken":["M","?","?","M","M","R","M","R","T","E","M","E","?","M","R","BOSS","M","?","$","?","?","E","?","E","T","?","?","?","?","M","R","BOSS","M","?","?","M","?","E","M","E","T","M","R","?","$","M","R","BOSS"],"build_version":"2018-08-01","purchased_purges":0,"victory":true,"max_hp_per_floor":[70,70,70,70,70,70,70,70,70,70,70,70,70,70,70,70,75,75,80,80,80,80,80,80,80,80,80,80,80,80,80,80,80,80,80,86,86,86,86,86,86,96,96,96,91,91,91,91,91,91],"card_choices":[{"not_picked":["PiercingWail","Backflip"],"picked":"Cloak And Dagger","floor":1},{"not_picked":["Poisoned Stab","Outmaneuver","Calculated Gamble"],"picked":"SKIP","floor":4},{"not_picked":["Flechettes","Dodge and Roll"],"picked":"Unload","floor":5},{"not_picked":["Sucker Punch","Reflex"],"picked":"Acrobatics","floor":7},{"not_picked":["Dagger Throw","Heel Hook"],"picked":"Cloak And Dagger","floor":10},{"not_picked":["Bouncing Flask","Well Laid Plans"],"picked":"After Image","floor":11},{"not_picked":["Eviscerate","Acrobatics"],"picked":"Blade Dance","floor":12},{"not_picked":["Acrobatics","Flying Knee"],"picked":"PiercingWail","floor":14},{"not_picked":["Envenom","Night Terror"],"picked":"Bullet Time","floor":16},{"not_picked":["Crippling Poison","Sucker Punch","Distraction+1"],"picked":"SKIP","floor":18},{"not_picked":["Dagger Throw","Poisoned Stab"],"picked":"Heel Hook","floor":23},{"not_picked":["Finisher","Flying Knee","Poisoned Stab"],"picked":"SKIP","floor":24},{"not_picked":["Heel Hook","Dagger Throw"],"picked":"Blade Dance+1","floor":25},{"not_picked":["Flying Knee","Catalyst+1"],"picked":"Concentrate+1","floor":28},{"not_picked":["Predator","Outmaneuver+1"],"picked":"Bullet Time+1","floor":29},{"not_picked":["Dagger Spray","Acrobatics+1"],"picked":"Backstab","floor":30},{"not_picked":["Infinite Blades","Reflex+1"],"picked":"Escape Plan+1","floor":31},{"not_picked":["Envenom","Phantasmal Killer+1"],"picked":"Venomology+1","floor":33},{"not_picked":["Outmaneuver+1","Reflex+1","Slice"],"picked":"SKIP","floor":35},{"not_picked":["Dagger Spray+1","Finisher+1"],"picked":"Backflip+1","floor":38},{"not_picked":["Outmaneuver+1","Quick Slash+1"],"picked":"Well Laid Plans+1","floor":40},{"not_picked":["Dodge and Roll+1","Crippling Poison+1"],"picked":"Dagger Spray+1","floor":41},{"not_picked":["All Out Attack","Dagger Spray"],"picked":"Prepared+1","floor":42},{"not_picked":["Dash","A Thousand Cuts","Outmaneuver+1"],"picked":"SKIP","floor":44},{"not_picked":["Dagger Spray","Acrobatics+1"],"picked":"Sucker Punch+1","floor":48}],"player_experience":274596,"relics_obtained":[{"floor":9,"key":"Ornamental Fan"},{"floor":10,"key":"Orichalcum"},{"floor":12,"key":"Snake Skull"},{"floor":23,"key":"Shuriken"},{"floor":25,"key":"StoneCalendar"},{"floor":26,"key":"Darkstone Periapt"},{"floor":40,"key":"The Courier"},{"floor":42,"key":"Pear"},{"floor":43,"key":"Pen Nib"}],"event_choices":[{"event_name":"Shining Light","player_choice":"Entered Light","floor":2,"damage_taken":0},{"event_name":"Living Wall","player_choice":"Forget","floor":3,"damage_taken":0},{"event_name":"Golden Wing","player_choice":"Card Removal","floor":13,"damage_taken":0},{"event_name":"Forgotten Altar","player_choice":"Shed Blood","floor":19,"damage_taken":0},{"event_name":"The Mausoleum","player_choice":"Yes","floor":21,"damage_taken":0},{"event_name":"N\u0027loth","player_choice":"Ignored","floor":22,"damage_taken":0},{"event_name":"Nest","player_choice":"Stole From Cult","floor":27,"damage_taken":0},{"event_name":"Wheel of Change","player_choice":"Curse","floor":36,"damage_taken":0},{"event_name":"Tomb of Lord Red Mask","player_choice":"Ignored","floor":37,"damage_taken":0},{"event_name":"Falling","player_choice":"Removed Attack","floor":39,"damage_taken":0}],"is_beta":true,"boss_relics":[{"not_picked":["Lizard Tail","Ectoplasm"],"picked":"Tiny House"},{"not_picked":["Pandora\u0027s Box","Runic Pyramid"],"picked":"Philosopher\u0027s Stone"}],"items_purged_floors":[],"is_endless":false,"potions_floor_spawned":[7,11,12,14,16,23,28,30,31,38,40,42],"ascension_level":0}