{"gold_per_floor":[108,50,50,50,60,82,82,98,98,98,113,122,131,183,183,241,241],"floor_reached":17,"playtime":406,"items_purged":[],"score":405,"play_id":"ed2bf49f-2b9c-4356-8e77-1eca7da1fb4a","local_time":"20190811175834","is_ascension_mode":true,"campfire_choices":[{"data":"Bash","floor":7,"key":"SMITH"},{"data":"Metallicize","floor":15,"key":"SMITH"}],"neow_cost":"NONE","seed_source_timestamp":103076866364049,"circlet_count":0,"master_deck":["Strike_R","Strike_R","Strike_R","Strike_R","Defend_R","Defend_R","Defend_R","Defend_R","Bash+1","AscMod:ascendersbane","Shrug It Off","Hemokinesis","Flame Barrier","Metallicize+1","Spot Weakness","Fiend Fire","Pain","Decay","Writhe"],"relics":["Burning Blood","NeowsBlessing","Peace Pipe","Odd Mushroom","Paper Frog","Potion Belt","Calling Bell","Bag of Preparation","Matryoshka","Mango"],"potions_floor_usage":[8,16,16],"damage_taken":[{"damage":0,"enemies":"2 Louse","floor":1,"turns":1},{"damage":0,"enemies":"Jaw Worm","floor":5,"turns":1},{"damage":0,"enemies":"Lagavulin","floor":6,"turns":1},{"damage":28,"enemies":"The Mushroom Lair","floor":8,"turns":5},{"damage":1,"enemies":"Small Slimes","floor":11,"turns":7},{"damage":9,"enemies":"3 Louse","floor":12,"turns":6},{"damage":3,"enemies":"Blue Slaver","floor":13,"turns":6},{"damage":28,"enemies":"Gremlin Nob","floor":14,"turns":4},{"damage":22,"enemies":"Slime Boss","floor":16,"turns":7}],"seed_played":"-3508420604518150207","potions_obtained":[{"floor":1,"key":"Strength Potion"},{"floor":5,"key":"Ancient Potion"},{"floor":8,"key":"GamblersBrew"},{"floor":12,"key":"SteroidPotion"},{"floor":14,"key":"Energy Potion"}],"is_trial":false,"path_per_floor":["M","$","?","$","M","E","R","?","T","?","M","M","M","?","R","B",null],"character_chosen":"IRONCLAD","items_purchased":["Shrug It Off"],"campfire_rested":0,"item_purchase_floors":[2],"current_hp_per_floor":[73,73,73,73,75,75,75,52,52,52,56,52,54,31,31,14,63],"gold":241,"neow_bonus":"THREE_ENEMY_KILL","is_prod":false,"is_daily":false,"chose_seed":false,"campfire_upgraded":2,"win_rate":0,"timestamp":1565521114,"path_taken":["M","$","?","$","M","E","R","?","T","?","M","M","M","?","R","BOSS"],"build_version":"2019-07-18","purchased_purges":0,"victory":false,"max_hp_per_floor":[75,75,75,75,75,75,75,75,75,75,75,75,75,75,75,75,89],"card_choices":[{"not_picked":["Intimidate","Sentinel","Clash"],"picked":"SKIP","floor":1},{"not_picked":["Iron Wave","Twin Strike"],"picked":"Hemokinesis","floor":5},{"not_picked":["Rampage","Sever Soul"],"picked":"Flame Barrier","floor":6},{"not_picked":["Sword Boomerang","Warcry"],"picked":"Metallicize","floor":11},{"not_picked":["Flex","Wild Strike","Bloodletting"],"picked":"SKIP","floor":12},{"not_picked":["Cleave","Sentinel","Rampage"],"picked":"SKIP","floor":13},{"not_picked":["Pummel","Clash"],"picked":"Spot Weakness","floor":14},{"not_picked":["Bludgeon","Juggernaut"],"picked":"Fiend Fire","floor":16}],"player_experience":1060706,"relics_obtained":[{"floor":6,"key":"Peace Pipe"},{"floor":8,"key":"Odd Mushroom"},{"floor":9,"key":"Paper Frog"},{"floor":14,"key":"Potion Belt"},{"floor":17,"key":"Bag of Preparation"},{"floor":17,"key":"Matryoshka"},{"floor":17,"key":"Mango"}],"event_choices":[{"damage_healed":0,"gold_gain":0,"player_choice":"Ignored","damage_taken":0,"max_hp_gain":0,"max_hp_loss":0,"event_name":"Liars Game","floor":3,"gold_loss":0},{"damage_healed":0,"gold_gain":0,"player_choice":"Fought Mushrooms","damage_taken":0,"max_hp_gain":0,"max_hp_loss":0,"event_name":"Mushrooms","floor":8,"gold_loss":0},{"cards_removed":["Strike_R"],"damage_healed":0,"gold_gain":0,"player_choice":"Forget","damage_taken":0,"max_hp_gain":0,"max_hp_loss":0,"event_name":"Living Wall","floor":10,"gold_loss":0},{"damage_healed":0,"gold_gain":30,"player_choice":"Searched \u00272\u0027 times","damage_taken":0,"max_hp_gain":0,"max_hp_loss":0,"event_name":"Dead Adventurer","floor":14,"gold_loss":0}],"is_beta":true,"boss_relics":[{"not_picked":["TwistingMind"],"picked":"Accursed"},{"not_picked":["TwistingMind"],"picked":"Accursed"},{"not_picked":["Runic Dome","Philosopher\u0027s Stone"],"picked":"Calling Bell"}],"items_purged_floors":[],"is_endless":false,"potions_floor_spawned":[1,5,8,12,14],"ascension_level":25}