{"gold_per_floor":[110,129,141,26,26,26,45,72,72,72,87,103,163,245,245,317,317,336,278,296,296,221,221,251,251,251,251,265,42,52,52,52,126,126,139,159,100,0,51,51,51,51,51,61,61,89,100,128,128,128,128,128,128,28,53,53],"floor_reached":57,"playtime":4033,"items_purged":["Reflex","Writhe"],"score":2931,"play_id":"bbcf8240-3c36-40df-a710-cc55bc724484","local_time":"20190417211426","is_ascension_mode":true,"campfire_choices":[{"data":"Noxious Fumes","floor":6.0,"key":"SMITH"},{"floor":10.0,"key":"REST"},{"data":"Neutralize","floor":15.0,"key":"SMITH"},{"data":"After Image","floor":23.0,"key":"SMITH"},{"data":"Ghostly","floor":27.0,"key":"SMITH"},{"data":"Ghostly","floor":32.0,"key":"SMITH"},{"data":"Catalyst","floor":40,"key":"SMITH"},{"data":"Ghostly","floor":42,"key":"SMITH"},{"data":"Burst","floor":45,"key":"SMITH"},{"floor":49,"key":"RECALL"},{"floor":53,"key":"REST"}],"neow_cost":"NONE","seed_source_timestamp":6787752528180,"circlet_count":0,"master_deck":["AscendersBane","Survivor","Neutralize+1","Poisoned Stab","Flying Knee","Noxious Fumes+1","Deadly Poison","Poisoned Stab","Cloak And Dagger","Adrenaline","Well Laid Plans","Cloak And Dagger","Corpse Explosion","Well Laid Plans","Skewer","Burst+1","After Image+1","Bane","PiercingWail","Dodge and Roll","Terror","Footwork","Dodge and Roll","Ghostly+1","Ghostly+1","Ghostly+1","Noxious Fumes","Leg Sweep","Bullet Time","Catalyst+1","Deadly Poison+1","Backflip","Escape Plan+1","Backflip","Well Laid Plans+1"],"special_seed":0,"relics":["Ring of the Snake","Tough Bandages","Sundial","Pandora\u0027s Box","Potion Belt","MutagenicStrength","Bottled Tornado","Strange Spoon","Nloth\u0027s Gift","Cursed Key","Red Mask","Gambling Chip","Dead Branch","Darkstone Periapt","Calipers","Art of War"],"potions_floor_usage":[47,50,51],"damage_taken":[{"damage":5.0,"enemies":"2 Louse","floor":1.0,"turns":5.0},{"damage":0.0,"enemies":"Cultist","floor":2.0,"turns":5.0},{"damage":4.0,"enemies":"Small Slimes","floor":3.0,"turns":4.0},{"damage":10.0,"enemies":"Exordium Wildlife","floor":7.0,"turns":5.0},{"damage":20.0,"enemies":"3 Sentries","floor":8.0,"turns":7.0},{"damage":0.0,"enemies":"Large Slime","floor":11.0,"turns":5.0},{"damage":0.0,"enemies":"2 Fungi Beasts","floor":12.0,"turns":3.0},{"damage":16.0,"enemies":"Lagavulin Event","floor":13.0,"turns":5.0},{"damage":28.0,"enemies":"The Guardian","floor":16.0,"turns":9.0},{"damage":0.0,"enemies":"Spheric Guardian","floor":18.0,"turns":5.0},{"damage":0.0,"enemies":"Shell Parasite","floor":20.0,"turns":6.0},{"damage":0.0,"enemies":"Gremlin Leader","floor":24.0,"turns":7.0},{"damage":3.0,"enemies":"Snake Plant","floor":28.0,"turns":6.0},{"damage":0.0,"enemies":"Centurion and Healer","floor":30.0,"turns":6.0},{"damage":2.0,"enemies":"Automaton","floor":33.0,"turns":9.0},{"damage":0.0,"enemies":"3 Darklings","floor":35.0,"turns":3.0},{"damage":0.0,"enemies":"3 Shapes","floor":36.0,"turns":2.0},{"damage":11,"enemies":"2 Orb Walkers","floor":39,"turns":6},{"damage":5,"enemies":"Transient","floor":44,"turns":6},{"damage":0,"enemies":"Nemesis","floor":46,"turns":5},{"damage":0,"enemies":"Jaw Worm Horde","floor":47,"turns":4},{"damage":0,"enemies":"Giant Head","floor":48,"turns":6},{"damage":0,"enemies":"Donu and Deca","floor":50,"turns":5},{"damage":22,"enemies":"Awakened One","floor":51,"turns":12},{"damage":0,"enemies":"Shield and Spear","floor":55,"turns":5},{"damage":12,"enemies":"The Heart","floor":56,"turns":11}],"seed_played":"7289361184917856470","potions_obtained":[{"floor":3.0,"key":"LiquidBronze"},{"floor":7.0,"key":"EntropicBrew"},{"floor":13.0,"key":"EssenceOfSteel"},{"floor":16.0,"key":"SteroidPotion"},{"floor":24.0,"key":"Fruit Juice"},{"floor":39,"key":"Fire Potion"},{"floor":44,"key":"Energy Potion"},{"floor":47,"key":"Ancient Potion"},{"floor":48,"key":"Regen Potion"}],"is_trial":false,"path_per_floor":["M","M","M","$","?","R","M","E","T","R","M","M","?","T","R","B",null,"M","$","M","?","$","R","E","?","T","R","M","$","M","?","R","B",null,"M","M","$","?","?","R","$","R","T","M","R","E","M","E","R","B","B",null,"R","$","E","B",null],"character_chosen":"THE_SILENT","items_purchased":["Noxious Fumes","Deadly Poison","Dodge and Roll","Strange Spoon","Backflip"],"campfire_rested":2,"item_purchase_floors":[4,4,19,29,37],"current_hp_per_floor":[60,60,56,56,56,56,46,26,26,47,47,47,31,31,31,3,55,55,55,55,36,36,36,36,36,36,36,33,33,33,33,33,31,35,35,35,35,35,24,24,24,24,24,19,19,19,24,24,24,33,11,34,41,41,41,29],"gold":53,"neow_bonus":"TEN_PERCENT_HP_BONUS","is_prod":false,"is_daily":false,"chose_seed":false,"campfire_upgraded":8,"win_rate":0,"timestamp":1555550066,"path_taken":["M","M","M","$","?","R","M","E","T","R","?","M","?","?","R","BOSS","M","$","M","?","$","R","E","?","T","R","M","?","M","?","R","BOSS","M","M","$","?","?","R","?","R","T","M","R","E","M","E","R","BOSS","BOSS","R","$","E","BOSS"],"build_version":"2019-01-23","purchased_purges":2,"victory":true,"max_hp_per_floor":[72,72,72,72,72,72,72,72,72,72,72,72,72,72,72,72,72,72,72,72,36,36,36,36,36,36,36,36,36,36,36,36,36,36,36,36,36,36,36,36,36,36,36,36,36,36,41,41,41,41,41,41,41,41,41,41],"card_choices":[{"not_picked":["Underhanded Strike","Escape Plan"],"picked":"Poisoned Stab","floor":1.0},{"not_picked":["Blade Dance","Acrobatics","Bane"],"picked":"SKIP","floor":2.0},{"not_picked":["Acrobatics","Underhanded Strike"],"picked":"Flying Knee","floor":3.0},{"not_picked":["Poisoned Stab","Sucker Punch"],"picked":"Cloak And Dagger","floor":7.0},{"not_picked":["Dodge and Roll","Catalyst"],"picked":"Adrenaline","floor":8.0},{"not_picked":["Calculated Gamble","Backstab"],"picked":"Well Laid Plans","floor":11.0},{"not_picked":["Sucker Punch","Dagger Spray"],"picked":"Cloak And Dagger","floor":12.0},{"not_picked":["Unload","Storm of Steel"],"picked":"Corpse Explosion","floor":16.0},{"not_picked":["Backstab","Eviscerate"],"picked":"Footwork","floor":18.0},{"not_picked":["Acrobatics","Outmaneuver","Masterful Stab"],"picked":"SKIP","floor":20.0},{"not_picked":["Choke","Underhanded Strike"],"picked":"Noxious Fumes","floor":24.0},{"not_picked":["Deadly Poison","Heel Hook"],"picked":"Leg Sweep","floor":28.0},{"not_picked":["Dagger Throw+1","Eviscerate","Cloak And Dagger"],"picked":"SKIP","floor":30.0},{"not_picked":["Doppelganger","Storm of Steel"],"picked":"Bullet Time","floor":33.0},{"not_picked":["Choke","Footwork"],"picked":"Catalyst","floor":35.0},{"not_picked":["Dagger Spray","Dagger Throw"],"picked":"Deadly Poison+1","floor":36.0},{"not_picked":["Crippling Poison","Blur"],"picked":"Escape Plan+1","floor":39},{"not_picked":["Tactician+1","Dagger Spray"],"picked":"Backflip","floor":44},{"not_picked":["Cloak And Dagger","Poisoned Stab","Underhanded Strike"],"picked":"SKIP","floor":46},{"not_picked":["Dagger Spray+1","Prepared","Bane"],"picked":"SKIP","floor":47},{"not_picked":["Outmaneuver","PiercingWail"],"picked":"Well Laid Plans+1","floor":48},{"not_picked":["Unload","Bane","Endless Agony"],"picked":"SKIP","floor":55}],"player_experience":721516,"relics_obtained":[{"floor":8.0,"key":"Tough Bandages"},{"floor":13.0,"key":"Nunchaku"},{"floor":14.0,"key":"Sundial"},{"floor":24.0,"key":"Potion Belt"},{"floor":26.0,"key":"Bottled Tornado"},{"floor":39,"key":"Gambling Chip"},{"floor":43,"key":"Dead Branch"},{"floor":46,"key":"Darkstone Periapt"},{"floor":48,"key":"Calipers"},{"floor":55,"key":"Art of War"}],"event_choices":[{"damage_healed":0.0,"max_hp_gain":0.0,"max_hp_loss":0.0,"gold_gain":0.0,"cards_transformed":["Strike_G"],"event_name":"Transmorgrifier","player_choice":"Transformed","floor":5.0,"gold_loss":0.0,"damage_taken":0.0,"cards_obtained":["Poisoned Stab"]},{"damage_healed":0.0,"max_hp_gain":0.0,"max_hp_loss":0.0,"gold_gain":30.0,"event_name":"Dead Adventurer","player_choice":"Searched \u00272\u0027 times","floor":13.0,"gold_loss":0.0,"damage_taken":0.0},{"damage_healed":0.0,"max_hp_gain":0.0,"max_hp_loss":36.0,"gold_gain":0.0,"event_name":"Ghosts","player_choice":"Became a Ghost","floor":21.0,"gold_loss":0.0,"damage_taken":0.0,"cards_obtained":["Ghostly","Ghostly","Ghostly"]},{"damage_healed":0.0,"max_hp_gain":0.0,"max_hp_loss":0.0,"gold_gain":0.0,"event_name":"Drug Dealer","player_choice":"Inject Mutagens","floor":25.0,"gold_loss":0.0,"damage_taken":0.0,"relics_obtained":["MutagenicStrength"]},{"damage_healed":0.0,"max_hp_gain":0.0,"max_hp_loss":0.0,"gold_gain":0.0,"event_name":"N\u0027loth","player_choice":"Traded Relic","floor":31.0,"relics_lost":["Nunchaku"],"gold_loss":0.0,"damage_taken":0.0,"relics_obtained":["Nloth\u0027s Gift"]},{"damage_healed":0.0,"max_hp_gain":0.0,"max_hp_loss":0.0,"gold_gain":0.0,"event_name":"Tomb of Lord Red Mask","player_choice":"Paid","floor":38.0,"gold_loss":100.0,"damage_taken":0.0,"relics_obtained":["Red Mask"]},{"damage_healed":0,"gold_gain":0,"player_choice":"Fight","damage_taken":0,"max_hp_gain":0,"max_hp_loss":0,"event_name":"Mysterious Sphere","floor":39,"gold_loss":0}],"is_beta":false,"boss_relics":[{"not_picked":["Busted Crown","Calling Bell"],"picked":"Pandora\u0027s Box"},{"not_picked":["WristBlade","Fusion Hammer"],"picked":"Cursed Key"}],"items_purged_floors":[22,54],"is_endless":false,"potions_floor_spawned":[3,7,12,13,16,18,24,39,44,47,48],"ascension_level":20}