{"gold_per_floor":[111,111,111,128,147,147,162,195,195,195,195,195],"floor_reached":12,"playtime":264,"items_purged":[],"score":168,"play_id":"f44cf3c4-b89e-4132-a361-3c33d1fdc26b","local_time":"20190806105637","is_ascension_mode":true,"campfire_choices":[{"data":"Whirlwind","floor":6.0,"key":"SMITH"},{"floor":10,"key":"REST"}],"neow_cost":"NONE","seed_source_timestamp":53113094885023,"circlet_count":0,"master_deck":["AscendersBane","Strike_R","Strike_R","Strike_R","Strike_R","Defend_R","Defend_R","Defend_R","Defend_R","Bash","Whirlwind+1","Spot Weakness","Metallicize","True Grit"],"special_seed":0,"relics":["Orrery","Golden Idol","Gremlin Horn","Ornamental Fan"],"potions_floor_usage":[8,12],"damage_taken":[{"damage":11.0,"enemies":"Jaw Worm","floor":1.0,"turns":4.0},{"damage":7.0,"enemies":"Small Slimes","floor":4.0,"turns":4.0},{"damage":3.0,"enemies":"Cultist","floor":5.0,"turns":4.0},{"damage":7.0,"enemies":"Looter","floor":7.0,"turns":5.0},{"damage":39,"enemies":"Lagavulin","floor":8,"turns":8},{"damage":19,"enemies":"Gremlin Nob","floor":12,"turns":4}],"seed_played":"3480537659139161039","potions_obtained":[{"floor":4.0,"key":"SkillPotion"},{"floor":8,"key":"Energy Potion"}],"is_trial":false,"path_per_floor":["M","?","?","M","M","R","M","E","T","R","?","E"],"character_chosen":"IRONCLAD","items_purchased":[],"campfire_rested":1,"item_purchase_floors":[],"current_hp_per_floor":[57,57,57,50,47,47,40,1,1,17,21,2],"gold":195,"neow_bonus":"BOSS_RELIC","is_prod":false,"is_daily":false,"chose_seed":false,"campfire_upgraded":1,"win_rate":0,"timestamp":1565063797,"path_taken":["M","?","?","M","M","R","?","E","T","R","?","E"],"build_version":"2019-07-18","purchased_purges":0,"victory":false,"max_hp_per_floor":[75,68,68,68,68,68,68,68,68,68,68,68],"card_choices":[{"not_picked":["Flex","Iron Wave"],"picked":"Whirlwind","floor":0.0},{"not_picked":["Iron Wave","Warcry"],"picked":"Spot Weakness","floor":0.0},{"not_picked":["Barricade","Second Wind"],"picked":"Metallicize","floor":0.0},{"not_picked":["Heavy Blade","Havoc","Perfected Strike"],"picked":"SKIP","floor":1.0},{"not_picked":["Sentinel","Anger","Dropkick"],"picked":"SKIP","floor":4.0},{"not_picked":["Flex","Armaments","Body Slam"],"picked":"SKIP","floor":5.0},{"not_picked":["Thunderclap","Heavy Blade"],"picked":"True Grit","floor":7.0},{"not_picked":["Sword Boomerang","Combust","Headbutt"],"picked":"SKIP","floor":8}],"player_experience":1048257,"relics_obtained":[{"floor":8,"key":"Gremlin Horn"},{"floor":9,"key":"Ornamental Fan"}],"event_choices":[{"damage_healed":0.0,"max_hp_gain":0.0,"max_hp_loss":7.0,"gold_gain":0.0,"event_name":"Golden Idol","player_choice":"Lose Max HP","floor":2.0,"gold_loss":0.0,"damage_taken":0.0,"relics_obtained":["Golden Idol"]},{"damage_healed":0.0,"max_hp_gain":0.0,"max_hp_loss":0.0,"gold_gain":0.0,"cards_transformed":["Strike_R"],"event_name":"Transmorgrifier","player_choice":"Transformed","floor":3.0,"gold_loss":0.0,"damage_taken":0.0,"cards_obtained":["Wild Strike"]},{"cards_removed":["Wild Strike"],"damage_healed":5,"gold_gain":0,"player_choice":"Offered Common","damage_taken":0,"max_hp_gain":0,"max_hp_loss":0,"event_name":"Bonfire Elementals","floor":11,"gold_loss":0},{"cards_removed":["Wild Strike"],"damage_healed":5,"gold_gain":0,"player_choice":"Offered Special","damage_taken":0,"max_hp_gain":0,"max_hp_loss":0,"event_name":"Bonfire Elementals","floor":11,"gold_loss":0}],"is_beta":true,"boss_relics":[],"items_purged_floors":[],"is_endless":false,"potions_floor_spawned":[4,8],"killed_by":"Gremlin Nob","ascension_level":23}