{"gold_per_floor":[366,366,38,38,57,57,69,98,167,186,186,216,245,157,157,157],"floor_reached":16,"playtime":249,"items_purged":["Strike_R","Strike_R"],"score":220,"play_id":"6893f901-c356-4f4e-aa7a-845855929a5c","local_time":"20190907180114","is_ascension_mode":true,"campfire_choices":[{"data":"Bash","floor":6,"key":"SMITH"},{"data":"True Grit","floor":15,"key":"SMITH"}],"neow_cost":"PERCENT_DAMAGE","seed_source_timestamp":107932306001261,"circlet_count":0,"master_deck":["AscendersBane","Strike_R","Strike_R","Defend_R","Defend_R","Defend_R","Defend_R","Bash+1","Whirlwind+1","Double Tap","True Grit+1"],"relics":["Burning Blood","Vajra","Juzu Bracelet","Letter Opener","Unceasing Top","MawBank"],"potions_floor_usage":[10],"damage_taken":[{"damage":10,"enemies":"2 Louse","floor":1,"turns":3},{"damage":0,"enemies":"Jaw Worm","floor":5,"turns":3},{"damage":1,"enemies":"Cultist","floor":7,"turns":3},{"damage":35,"enemies":"Lagavulin","floor":8,"turns":6},{"damage":13,"enemies":"Red Slaver","floor":10,"turns":3},{"damage":20,"enemies":"3 Sentries","floor":12,"turns":3},{"damage":7,"enemies":"2 Fungi Beasts","floor":13,"turns":3},{"damage":0,"enemies":"The Guardian","floor":16,"turns":2}],"seed_played":"-551821340004189770","potions_obtained":[{"floor":7,"key":"LiquidBronze"},{"floor":8,"key":"BloodPotion"}],"is_trial":false,"path_per_floor":["M","?","$","?","M","R","M","E","T","M","?","E","M","$","R","B"],"character_chosen":"IRONCLAD","items_purchased":["Vajra","Whirlwind"],"campfire_rested":0,"item_purchase_floors":[3,3],"current_hp_per_floor":[46,39,39,39,45,45,50,21,21,32,32,18,17,17,17,17],"gold":157,"neow_bonus":"TWO_FIFTY_GOLD","is_prod":false,"is_daily":false,"chose_seed":false,"campfire_upgraded":2,"win_rate":0,"timestamp":1567854074,"path_taken":["M","?","$","?","M","R","M","E","T","M","?","E","M","?","R","BOSS"],"build_version":"2019-07-17","purchased_purges":2,"victory":false,"max_hp_per_floor":[75,75,75,75,75,75,75,75,75,75,75,75,75,75,75,75],"card_choices":[{"not_picked":["Thunderclap","Warcry","Flex"],"picked":"SKIP","floor":1},{"not_picked":["Havoc","Fire Breathing","Twin Strike"],"picked":"SKIP","floor":5},{"not_picked":["Dark Embrace","Heavy Blade","Perfected Strike"],"picked":"SKIP","floor":7},{"not_picked":["Searing Blow","Warcry"],"picked":"Double Tap","floor":8},{"not_picked":["Dual Wield","Sentinel"],"picked":"True Grit","floor":10},{"not_picked":["Clothesline","Anger","Brutality"],"picked":"SKIP","floor":12},{"not_picked":["Combust","Perfected Strike","True Grit"],"picked":"SKIP","floor":13}],"player_experience":1156191,"relics_obtained":[{"floor":8,"key":"Juzu Bracelet"},{"floor":9,"key":"Letter Opener"},{"floor":12,"key":"MawBank"}],"event_choices":[{"cards_removed":["Strike_R"],"damage_healed":0,"gold_gain":0,"player_choice":"Card Removal","damage_taken":7,"max_hp_gain":0,"max_hp_loss":0,"event_name":"Golden Wing","floor":2,"gold_loss":0},{"damage_healed":0,"gold_gain":0,"player_choice":"Upgraded","damage_taken":0,"max_hp_gain":0,"max_hp_loss":0,"event_name":"Upgrade Shrine","floor":4,"gold_loss":0,"cards_upgraded":["Whirlwind"]},{"damage_healed":0,"gold_gain":0,"player_choice":"Gave Potion","damage_taken":0,"relics_obtained":["Unceasing Top"],"max_hp_gain":0,"max_hp_loss":0,"event_name":"WeMeetAgain","floor":11,"gold_loss":0}],"is_beta":false,"boss_relics":[],"items_purged_floors":[3,14],"is_endless":false,"potions_floor_spawned":[7,8],"killed_by":"The Guardian","ascension_level":20}