{"gold_per_floor":[113,32,45,320,245,271,290,322,322,352,352,51,51,62,62,159,159,172,15,15,15,27,27,54,54,135,149,159,159],"floor_reached":29,"playtime":3074,"items_purged":["Regret","Strike_R"],"score":343,"play_id":"0108415d-369b-4eaa-9a89-53f55e938f19","local_time":"20190607114928","is_ascension_mode":true,"campfire_choices":[{"floor":15,"key":"REST"},{"floor":23,"key":"DIG"},{"floor":25,"key":"DIG"}],"neow_cost":"NONE","seed_source_timestamp":8594017084714,"circlet_count":0,"master_deck":["Strike_R","Strike_R","Defend_R","Defend_R","Defend_R","Defend_R","Bash","Entrench","Metallicize","Metallicize","Whirlwind","Body Slam+1","Shockwave","Shrug It Off","Battle Trance","Entrench"],"relics":["Burning Blood","NeowsBlessing","Torii","Shovel","Ginger","Pear","Art of War","Sozu","Lantern","Ancient Tea Set","Ornamental Fan","Bottled Tornado","Bottled Flame"],"potions_floor_usage":[8,10],"damage_taken":[{"damage":0,"enemies":"Jaw Worm","floor":1,"turns":1},{"damage":0,"enemies":"Cultist","floor":3,"turns":1},{"damage":0,"enemies":"3 Sentries","floor":6,"turns":2},{"damage":3,"enemies":"Small Slimes","floor":7,"turns":5},{"damage":25,"enemies":"Gremlin Nob","floor":8,"turns":5},{"damage":26,"enemies":"3 Sentries","floor":10,"turns":15},{"damage":8,"enemies":"Exordium Thugs","floor":14,"turns":6},{"damage":49,"enemies":"The Guardian","floor":16,"turns":19},{"damage":21,"enemies":"Spheric Guardian","floor":18,"turns":7},{"damage":1,"enemies":"Chosen","floor":22,"turns":6},{"damage":10,"enemies":"Gremlin Leader","floor":24,"turns":10},{"damage":0,"enemies":"3 Cultists","floor":27,"turns":4},{"damage":48,"enemies":"Snecko","floor":28,"turns":7},{"damage":51,"enemies":"Book of Stabbing","floor":29,"turns":7}],"seed_played":"-4157300910221266317","potions_obtained":[{"floor":3,"key":"PowerPotion"},{"floor":7,"key":"AttackPotion"},{"floor":14,"key":"FairyPotion"}],"is_trial":false,"path_per_floor":["M","$","M","?","$","E","M","E","T","E","?","$","?","M","R","B",null,"M","$","?","?","M","R","E","R","T","M","M","E"],"character_chosen":"IRONCLAD","items_purchased":["Metallicize","Shrug It Off","Art of War","Lantern"],"campfire_rested":1,"item_purchase_floors":[2,12,12,19],"current_hp_per_floor":[80,80,80,80,80,80,80,61,61,51,51,51,44,42,69,26,90,75,75,75,75,80,80,76,76,76,82,40,0],"gold":159,"neow_bonus":"THREE_ENEMY_KILL","is_prod":false,"is_daily":false,"chose_seed":false,"campfire_upgraded":0,"win_rate":0,"timestamp":1559900968,"path_taken":["M","$","M","?","$","E","?","E","T","E","?","?","?","M","R","BOSS","M","$","?","?","M","R","E","R","T","M","M","E"],"build_version":"2019-01-23","purchased_purges":2,"victory":false,"max_hp_per_floor":[80,80,80,80,80,80,80,80,80,90,90,90,90,90,90,90,90,90,90,90,90,90,90,90,90,90,90,90,90],"card_choices":[{"not_picked":["Warcry","Havoc"],"picked":"Entrench","floor":1},{"not_picked":["Dual Wield","Iron Wave"],"picked":"Metallicize","floor":3},{"not_picked":["Uppercut","Combust"],"picked":"Whirlwind","floor":6},{"not_picked":["Pommel Strike","Uppercut","Perfected Strike"],"picked":"SKIP","floor":7},{"not_picked":["Intimidate","Sword Boomerang"],"picked":"Body Slam","floor":8},{"not_picked":["Fire Breathing","Wild Strike"],"picked":"Shockwave","floor":10},{"not_picked":["Brutality","Inflame","Sword Boomerang"],"picked":"SKIP","floor":14},{"not_picked":["Warcry","Pommel Strike","Flex"],"picked":"SKIP","floor":18},{"not_picked":["Armaments","Perfected Strike"],"picked":"Entrench","floor":22},{"not_picked":["Warcry+1","Limit Break","Sword Boomerang"],"picked":"SKIP","floor":24},{"not_picked":["Thunderclap","Carnage","Rage"],"picked":"SKIP","floor":27},{"not_picked":["Clash","Twin Strike","Cleave"],"picked":"SKIP","floor":28}],"player_experience":195590,"relics_obtained":[{"floor":6,"key":"Torii"},{"floor":8,"key":"Shovel"},{"floor":9,"key":"Ginger"},{"floor":10,"key":"Pear"},{"floor":23,"key":"Ancient Tea Set"},{"floor":24,"key":"Ornamental Fan"},{"floor":25,"key":"Bottled Tornado"},{"floor":26,"key":"Bottled Flame"}],"event_choices":[{"damage_healed":0,"gold_gain":275,"player_choice":"Desecrate","damage_taken":0,"max_hp_gain":0,"max_hp_loss":0,"event_name":"Golden Shrine","floor":4,"gold_loss":0,"cards_obtained":["Regret"]},{"damage_healed":0,"gold_gain":0,"player_choice":"Grow","damage_taken":0,"max_hp_gain":0,"max_hp_loss":0,"event_name":"Living Wall","floor":11,"gold_loss":0,"cards_upgraded":["Body Slam"]},{"cards_removed":["Strike_R"],"damage_healed":0,"gold_gain":0,"player_choice":"Card Removal","damage_taken":7,"max_hp_gain":0,"max_hp_loss":0,"event_name":"Golden Wing","floor":13,"gold_loss":0},{"damage_healed":0,"gold_gain":0,"player_choice":"Read","damage_taken":0,"max_hp_gain":0,"max_hp_loss":0,"event_name":"The Library","floor":20,"gold_loss":0,"cards_obtained":["Battle Trance"]},{"cards_removed":["Strike_R"],"damage_healed":0,"gold_gain":0,"player_choice":"Elegance","damage_taken":0,"max_hp_gain":0,"max_hp_loss":0,"event_name":"Back to Basics","floor":21,"gold_loss":0}],"is_beta":false,"boss_relics":[{"not_picked":["Coffee Dripper","Busted Crown"],"picked":"Sozu"}],"items_purged_floors":[5,12],"is_endless":false,"potions_floor_spawned":[3,7,14,18,27,28],"killed_by":"Book of Stabbing","ascension_level":4}