{"gold_per_floor":[118,118,193,74,88,88,119,136,210,223,223,253,271,297,297,297],"floor_reached":16,"playtime":2818,"items_purged":["Strike_G"],"score":216,"play_id":"aace619c-7f8d-4cf1-94e6-6c8dfa22cd29","local_time":"20190629211025","is_ascension_mode":true,"campfire_choices":[{"data":"Burst","floor":6,"key":"SMITH"},{"floor":11,"key":"REST"},{"floor":15,"key":"REST"}],"neow_cost":"NONE","seed_source_timestamp":515426843965377,"circlet_count":0,"master_deck":["AscendersBane","Defend_G","Defend_G","Defend_G","Defend_G","Defend_G","Strike_G","Strike_G","Strike_G","Strike_G","Survivor","Neutralize","Burst+1","Deadly Poison","Dash","Poisoned Stab","Die Die Die","Calculated Gamble","Noxious Fumes","Dodge and Roll"],"relics":["Ring of the Snake","Regal Pillow","Omamori","The Courier","Anchor","Sundial"],"potions_floor_usage":[12,14,14],"damage_taken":[{"damage":1,"enemies":"Small Slimes","floor":1,"turns":4},{"damage":0,"enemies":"Jaw Worm","floor":5,"turns":3},{"damage":28,"enemies":"Lagavulin","floor":7,"turns":8},{"damage":0,"enemies":"Cultist","floor":8,"turns":3},{"damage":0,"enemies":"Lots of Slimes","floor":10,"turns":1},{"damage":15,"enemies":"Gremlin Nob","floor":12,"turns":4},{"damage":0,"enemies":"2 Fungi Beasts","floor":13,"turns":3},{"damage":12,"enemies":"3 Sentries","floor":14,"turns":8},{"damage":57,"enemies":"Slime Boss","floor":16,"turns":10}],"seed_played":"-1556984123674150854","potions_obtained":[{"floor":8,"key":"Explosive Potion"},{"floor":12,"key":"Ancient Potion"},{"floor":13,"key":"Weak Potion"}],"is_trial":false,"path_per_floor":["M","?","?","$","M","R","E","M","T","M","R","E","M","E","R","B"],"character_chosen":"THE_SILENT","items_purchased":["Dash"],"campfire_rested":2,"item_purchase_floors":[4],"current_hp_per_floor":[58,53,42,42,42,42,14,14,14,14,48,33,33,21,55,0],"gold":297,"neow_bonus":"ONE_RANDOM_RARE_CARD","is_prod":false,"is_daily":false,"chose_seed":false,"campfire_upgraded":1,"win_rate":0,"timestamp":1561860625,"path_taken":["M","?","?","?","?","R","E","M","T","?","R","E","M","E","R","BOSS"],"build_version":"2019-01-23","purchased_purges":1,"victory":false,"max_hp_per_floor":[66,66,66,66,66,66,66,66,66,66,66,66,66,66,66,66],"card_choices":[{"not_picked":["Underhanded Strike","Quick Slash"],"picked":"Deadly Poison","floor":1},{"not_picked":["Cloak And Dagger","Choke"],"picked":"Poisoned Stab","floor":5},{"not_picked":["Deadly Poison","PiercingWail"],"picked":"Die Die Die","floor":7},{"not_picked":["Slice","Bane"],"picked":"Calculated Gamble","floor":8},{"not_picked":["Bane","Sucker Punch","Quick Slash"],"picked":"SKIP","floor":10},{"not_picked":["Prepared","Deflect"],"picked":"Noxious Fumes","floor":12},{"not_picked":["Outmaneuver","Flying Knee"],"picked":"Dodge and Roll","floor":13},{"not_picked":["Underhanded Strike","Dagger Spray","Dagger Throw"],"picked":"SKIP","floor":14},{"not_picked":["Underhanded Strike","Dagger Spray","Dagger Throw"],"picked":"SKIP","floor":14}],"player_experience":1431679,"relics_obtained":[{"floor":7,"key":"Omamori"},{"floor":9,"key":"The Courier"},{"floor":12,"key":"Anchor"},{"floor":14,"key":"Sundial"}],"event_choices":[{"damage_healed":0,"gold_gain":0,"player_choice":"Success","damage_taken":5,"relics_obtained":["Regal Pillow"],"max_hp_gain":0,"max_hp_loss":0,"event_name":"Scrap Ooze","floor":2,"gold_loss":0},{"damage_healed":0,"gold_gain":75,"player_choice":"Gather Gold","damage_taken":11,"max_hp_gain":0,"max_hp_loss":0,"event_name":"World of Goop","floor":3,"gold_loss":0}],"is_beta":false,"boss_relics":[],"items_purged_floors":[4],"is_endless":false,"potions_floor_spawned":[8,12,13],"killed_by":"Slime Boss","ascension_level":16}