{"gold_per_floor":[109,66,78,228,246,279,279,294,294,294,323,323,341,355,355,429,429,444,238,238,258,271,300,300,300,323,343,343,363,363],"floor_reached":30,"playtime":2479,"items_purged":["Doubt"],"score":547,"play_id":"76b5278d-e354-410d-907c-49f40d553e6f","local_time":"20190801172216","is_ascension_mode":true,"campfire_choices":[{"data":"Neutralize","floor":7,"key":"SMITH"},{"data":"All Out Attack","floor":10,"key":"SMITH"},{"floor":12,"key":"REST"},{"data":"Backflip","floor":15,"key":"SMITH"},{"floor":24,"key":"REST"}],"neow_cost":"NONE","seed_source_timestamp":711947282708436,"circlet_count":0,"master_deck":["AscendersBane","Strike_G+1","Strike_G+1","Strike_G+1","Strike_G+1","Strike_G+1","Defend_G+1","Defend_G+1","Defend_G+1","Defend_G+1","Defend_G+1","Survivor","Neutralize+1","Dagger Throw","All Out Attack+1","Dash","Backstab","Slice","Poisoned Stab","Expertise","Dash","Backflip+1","Corpse Explosion","Acrobatics","Noxious Fumes","Deadly Poison","Escape Plan","Well Laid Plans","Footwork","Calculated Gamble","Writhe","Sucker Punch"],"relics":["Ring of the Snake","The Courier","Mercury Hourglass","Pear","Cursed Key","Sundial","Potion Belt"],"potions_floor_usage":[6,16,18,23,25,29],"damage_taken":[{"damage":0,"enemies":"2 Louse","floor":1,"turns":6},{"damage":3,"enemies":"Small Slimes","floor":3,"turns":3},{"damage":1,"enemies":"Jaw Worm","floor":5,"turns":3},{"damage":28,"enemies":"Lagavulin","floor":6,"turns":8},{"damage":1,"enemies":"3 Louse","floor":8,"turns":3},{"damage":12,"enemies":"Gremlin Nob","floor":11,"turns":4},{"damage":4,"enemies":"Large Slime","floor":13,"turns":4},{"damage":0,"enemies":"Blue Slaver","floor":14,"turns":2},{"damage":16,"enemies":"Slime Boss","floor":16,"turns":8},{"damage":0,"enemies":"2 Thieves","floor":18,"turns":1},{"damage":10,"enemies":"Spheric Guardian","floor":21,"turns":4},{"damage":9,"enemies":"Snecko","floor":22,"turns":4},{"damage":10,"enemies":"Book of Stabbing","floor":23,"turns":5},{"damage":0,"enemies":"Gremlin Leader","floor":25,"turns":2},{"damage":16,"enemies":"Shelled Parasite and Fungi","floor":27,"turns":6},{"damage":24,"enemies":"Snake Plant","floor":29,"turns":3},{"damage":16,"enemies":"Slavers","floor":30,"turns":2}],"seed_played":"1676005101747548494","potions_obtained":[{"floor":5,"key":"Fire Potion"},{"floor":13,"key":"PowerPotion"},{"floor":16,"key":"SkillPotion"},{"floor":18,"key":"FearPotion"},{"floor":23,"key":"SmokeBomb"},{"floor":27,"key":"Regen Potion"}],"is_trial":false,"path_per_floor":["M","$","M","?","M","E","R","M","T","R","E","R","M","M","R","B",null,"M","$","?","M","M","E","R","E","T","M","?","M","E"],"character_chosen":"THE_SILENT","items_purchased":["All Out Attack","Noxious Fumes","Deadly Poison","Escape Plan"],"campfire_rested":2,"item_purchase_floors":[2,19,19,19],"current_hp_per_floor":[65,65,62,62,61,33,33,32,32,32,30,54,50,50,50,34,70,70,70,70,60,51,41,65,65,65,49,25,13,0],"gold":363,"neow_bonus":"TEN_PERCENT_HP_BONUS","is_prod":false,"is_daily":false,"chose_seed":false,"campfire_upgraded":3,"win_rate":0,"timestamp":1564698136,"path_taken":["M","$","M","?","M","E","R","M","T","R","E","R","M","M","R","BOSS","M","$","?","M","M","E","R","E","T","M","?","M","E"],"build_version":"2019-07-17","purchased_purges":1,"victory":false,"max_hp_per_floor":[72,72,72,72,72,72,72,72,72,72,82,82,82,82,82,82,82,82,82,82,82,82,82,82,82,82,82,87,87,87],"card_choices":[{"not_picked":["Outmaneuver","Acrobatics"],"picked":"Dagger Throw","floor":1},{"not_picked":["Deflect","Slice"],"picked":"Dash","floor":3},{"not_picked":["Outmaneuver","Deflect"],"picked":"Backstab","floor":5},{"not_picked":["PiercingWail","Flying Knee"],"picked":"Slice","floor":6},{"not_picked":["Underhanded Strike","Flying Knee"],"picked":"Poisoned Stab","floor":8},{"not_picked":["Blade Dance","Cloak And Dagger"],"picked":"Expertise","floor":11},{"not_picked":["Cloak And Dagger","Phantasmal Killer"],"picked":"Dash","floor":13},{"not_picked":["Outmaneuver","Deadly Poison"],"picked":"Backflip","floor":14},{"not_picked":["Glass Knife","Wraith Form v2"],"picked":"Corpse Explosion","floor":16},{"not_picked":["Flying Knee","Cloak And Dagger"],"picked":"Acrobatics","floor":18},{"not_picked":["Choke","Blade Dance"],"picked":"Well Laid Plans","floor":21},{"not_picked":["Acrobatics+1","Accuracy"],"picked":"Footwork","floor":22},{"not_picked":["All Out Attack","Concentrate"],"picked":"Calculated Gamble","floor":23},{"not_picked":["Crippling Poison","Setup"],"picked":"Sucker Punch","floor":27},{"not_picked":["Dagger Throw","Accuracy","Acrobatics+1"],"picked":"SKIP","floor":29}],"player_experience":1654104,"relics_obtained":[{"floor":6,"key":"The Courier"},{"floor":9,"key":"Mercury Hourglass"},{"floor":11,"key":"Pear"},{"floor":23,"key":"Sundial"},{"floor":26,"key":"Potion Belt"}],"event_choices":[{"damage_healed":0,"gold_gain":150,"player_choice":"AGREE","damage_taken":0,"max_hp_gain":0,"max_hp_loss":0,"event_name":"Liars Game","floor":4,"gold_loss":0,"cards_obtained":["Doubt"]},{"damage_healed":0,"gold_gain":0,"player_choice":"Simplicity","damage_taken":0,"max_hp_gain":0,"max_hp_loss":0,"event_name":"Back to Basics","floor":20,"gold_loss":0,"cards_upgraded":["Strike_G","Strike_G","Strike_G","Strike_G","Strike_G","Defend_G","Defend_G","Defend_G","Defend_G","Defend_G"]},{"damage_healed":0,"gold_gain":0,"player_choice":"Shed Blood","damage_taken":29,"max_hp_gain":5,"max_hp_loss":0,"event_name":"Forgotten Altar","floor":28,"gold_loss":0}],"is_beta":false,"boss_relics":[{"not_picked":["WristBlade","Astrolabe"],"picked":"Cursed Key"}],"items_purged_floors":[19],"is_endless":false,"potions_floor_spawned":[5,13,16,18,23,27],"killed_by":"Slavers","ascension_level":17}