{"gold_per_floor":[110,121,121,36,48,82,82,92,119,139,139,34,90,7,7,83,83,71,121,132,82,82,82,82],"floor_reached":24,"playtime":3414,"items_purged":["Strike_G","Strike_G"],"score":367,"play_id":"654d6d06-8555-43da-960d-de6a303f65b6","local_time":"20190625000519","is_ascension_mode":true,"campfire_choices":[{"data":"Footwork","floor":7,"key":"SMITH"},{"data":"Footwork","floor":15,"key":"SMITH"},{"floor":23,"key":"REST"}],"neow_cost":"NONE","seed_source_timestamp":93231769033146,"circlet_count":0,"master_deck":["AscendersBane","Defend_G+1","Defend_G+1","Defend_G+1","Defend_G+1","Defend_G+1","Strike_G+1","Strike_G+1","Strike_G+1","Survivor","Neutralize","Poisoned Stab","Deadly Poison","Backstab","Noxious Fumes","Footwork+1","Dagger Spray","Bane","Catalyst","Footwork+1","Night Terror","Bouncing Flask","Adrenaline","PiercingWail","Deflect","Escape Plan","Calculated Gamble"],"relics":["Ring of the Snake","NeowsBlessing","Juzu Bracelet","Smiling Mask","Tiny Chest","Orrery"],"potions_floor_usage":[6,6,13,16],"damage_taken":[{"damage":0,"enemies":"Cultist","floor":1,"turns":1},{"damage":0,"enemies":"Jaw Worm","floor":2,"turns":1},{"damage":0,"enemies":"2 Louse","floor":5,"turns":1},{"damage":23,"enemies":"Lagavulin","floor":6,"turns":8},{"damage":0,"enemies":"Large Slime","floor":8,"turns":5},{"damage":27,"enemies":"Exordium Thugs","floor":10,"turns":5},{"damage":5,"enemies":"3 Sentries","floor":13,"turns":4},{"damage":39,"enemies":"Slime Boss","floor":16,"turns":10},{"damage":18,"enemies":"2 Thieves","floor":18,"turns":4},{"damage":22,"enemies":"Chosen","floor":20,"turns":5},{"damage":35,"enemies":"Book of Stabbing","floor":24,"turns":5}],"seed_played":"1374847173611972401","potions_obtained":[{"floor":1,"key":"Regen Potion"},{"floor":5,"key":"Strength Potion"},{"floor":8,"key":"SteroidPotion"},{"floor":13,"key":"LiquidBronze"}],"is_trial":false,"path_per_floor":["M","M","?","$","M","E","R","M","T","M","?","$","E","$","R","B",null,"M","?","M","$","?","R","E"],"character_chosen":"THE_SILENT","items_purchased":["Noxious Fumes","Bane","Footwork"],"campfire_rested":1,"item_purchase_floors":[4,12,14],"current_hp_per_floor":[59,59,59,59,59,51,51,51,51,24,46,46,41,41,41,2,50,32,32,10,10,10,29,0],"gold":82,"neow_bonus":"THREE_ENEMY_KILL","is_prod":false,"is_daily":false,"chose_seed":false,"campfire_upgraded":2,"win_rate":0,"timestamp":1561439119,"path_taken":["M","M","?","$","?","E","R","M","T","M","?","$","E","?","R","BOSS","M","?","M","$","?","R","E"],"build_version":"2019-01-23","purchased_purges":2,"victory":false,"max_hp_per_floor":[66,66,66,66,66,66,66,66,66,66,66,66,66,66,66,66,66,66,66,66,66,66,66,66],"card_choices":[{"not_picked":["Flying Knee","Slice"],"picked":"Poisoned Stab","floor":1},{"not_picked":["Endless Agony","Sucker Punch"],"picked":"Deadly Poison","floor":2},{"not_picked":["Prepared","Flying Knee","Blade Dance"],"picked":"SKIP","floor":5},{"not_picked":["Distraction","Flechettes"],"picked":"Footwork","floor":6},{"not_picked":["Acrobatics","Slice"],"picked":"Dagger Spray","floor":8},{"not_picked":["Heel Hook","Cloak And Dagger","Eviscerate"],"picked":"SKIP","floor":10},{"not_picked":["Distraction","Bullet Time"],"picked":"Catalyst","floor":13},{"not_picked":["Burst","Grand Finale"],"picked":"Night Terror","floor":16},{"not_picked":["Tactician","Deflect"],"picked":"Bouncing Flask","floor":17},{"not_picked":["Bane","Tactician"],"picked":"Adrenaline","floor":17},{"not_picked":["Heel Hook","Dagger Throw"],"picked":"PiercingWail","floor":17},{"not_picked":["Underhanded Strike","Quick Slash"],"picked":"Deflect","floor":17},{"not_picked":["Expertise","Blade Dance"],"picked":"Escape Plan","floor":18},{"not_picked":["Outmaneuver","Choke"],"picked":"Calculated Gamble","floor":20}],"player_experience":1393266,"relics_obtained":[{"floor":6,"key":"Juzu Bracelet"},{"floor":9,"key":"Smiling Mask"},{"floor":13,"key":"Tiny Chest"}],"event_choices":[{"damage_healed":0,"gold_gain":0,"player_choice":"1 cards matched","damage_taken":0,"max_hp_gain":0,"max_hp_loss":0,"event_name":"Match and Keep!","floor":3,"gold_loss":0,"cards_obtained":["Backstab"]},{"damage_healed":22,"gold_gain":0,"player_choice":"Banana","damage_taken":0,"max_hp_gain":0,"max_hp_loss":0,"event_name":"Big Fish","floor":11,"gold_loss":0},{"damage_healed":0,"gold_gain":50,"player_choice":"Stole From Cult","damage_taken":0,"max_hp_gain":0,"max_hp_loss":0,"event_name":"Nest","floor":19,"gold_loss":0},{"damage_healed":0,"gold_gain":0,"player_choice":"Simplicity","damage_taken":0,"max_hp_gain":0,"max_hp_loss":0,"event_name":"Back to Basics","floor":22,"gold_loss":0,"cards_upgraded":["Defend_G","Defend_G","Defend_G","Defend_G","Defend_G","Strike_G","Strike_G","Strike_G"]}],"is_beta":false,"boss_relics":[{"not_picked":["Coffee Dripper","WristBlade"],"picked":"Orrery"}],"items_purged_floors":[12,21],"is_endless":false,"potions_floor_spawned":[1,5,8,13],"killed_by":"Book of Stabbing","ascension_level":16}