{"gold_per_floor":[116,133,145,145,158,186,197,197,222,222,13,13,32,62,62,140,140,150,165,181,191,208,241,253,265],"floor_reached":25,"playtime":1984,"items_purged":["Strike_G"],"score":524,"play_id":"ac847d98-c6be-4c0f-bc56-879491af9d5e","local_time":"20190726233817","is_ascension_mode":true,"campfire_choices":[{"data":"Noxious Fumes","floor":8,"key":"SMITH"},{"data":"Crippling Poison","floor":12,"key":"SMITH"},{"data":"Glass Knife","floor":15,"key":"SMITH"},{"floor":24,"key":"REST"}],"neow_cost":"NONE","seed_source_timestamp":521502901625623,"circlet_count":0,"master_deck":["AscendersBane","Strike_G","Strike_G","Strike_G","Strike_G","Defend_G","Defend_G+1","Defend_G","Defend_G","Defend_G","Survivor","Neutralize+1","Noxious Fumes+1","Cloak And Dagger","Malaise","Footwork","Calculated Gamble","Crippling Poison+1","Footwork","Dodge and Roll","Glass Knife+1","Burst","Deflect","PiercingWail","Well Laid Plans"],"relics":["Lizard Tail","Thread and Needle","Strawberry","Blood Vial","Philosopher\u0027s Stone","MawBank"],"potions_floor_usage":[3,6,19,20,23,23,25,25],"damage_taken":[{"damage":5,"enemies":"2 Louse","floor":1,"turns":4},{"damage":1,"enemies":"Small Slimes","floor":2,"turns":7},{"damage":0,"enemies":"Cultist","floor":3,"turns":4},{"damage":12,"enemies":"Blue Slaver","floor":5,"turns":6},{"damage":29,"enemies":"3 Sentries","floor":6,"turns":12},{"damage":0,"enemies":"Large Slime","floor":7,"turns":12},{"damage":0,"enemies":"Red Slaver","floor":13,"turns":5},{"damage":0,"enemies":"Lagavulin","floor":14,"turns":9},{"damage":28,"enemies":"Slime Boss","floor":16,"turns":11},{"damage":10,"enemies":"Chosen","floor":18,"turns":7},{"damage":10,"enemies":"3 Byrds","floor":19,"turns":5},{"damage":6,"enemies":"Snecko","floor":20,"turns":8},{"damage":1,"enemies":"Snake Plant","floor":21,"turns":6},{"damage":29,"enemies":"3 Cultists","floor":22,"turns":6},{"damage":24,"enemies":"Gremlin Leader","floor":23,"turns":10},{"damage":26,"enemies":"Book of Stabbing","floor":25,"turns":6}],"seed_played":"4727465409960093075","potions_obtained":[{"floor":1,"key":"AttackPotion"},{"floor":5,"key":"SteroidPotion"},{"floor":13,"key":"FearPotion"},{"floor":16,"key":"EntropicBrew"},{"floor":19,"key":"Regen Potion"},{"floor":20,"key":"Weak Potion"}],"is_trial":false,"path_per_floor":["M","M","M","?","M","E","M","R","T","?","$","R","M","E","R","B",null,"M","M","M","M","M","E","R","E"],"character_chosen":"THE_SILENT","items_purchased":["Footwork","Fire Potion"],"campfire_rested":1,"item_purchase_floors":[11,11],"current_hp_per_floor":[54,53,53,33,21,26,26,26,33,33,33,33,33,33,33,7,57,49,41,51,52,25,3,24,0],"gold":265,"neow_bonus":"BOSS_RELIC","is_prod":false,"is_daily":false,"chose_seed":false,"campfire_upgraded":3,"win_rate":0,"timestamp":1564198697,"path_taken":["M","M","M","?","M","E","M","R","T","?","$","R","M","E","R","BOSS","M","M","?","M","M","E","R","E"],"build_version":"2019-07-17","purchased_purges":1,"victory":false,"max_hp_per_floor":[66,66,66,66,66,66,66,66,73,73,73,73,73,73,73,73,73,73,73,73,73,73,73,73,73],"card_choices":[{"not_picked":["Deadly Poison","Dagger Spray"],"picked":"Noxious Fumes","floor":1},{"not_picked":["Dagger Throw","Deflect"],"picked":"Cloak And Dagger","floor":2},{"not_picked":["Escape Plan","Well Laid Plans"],"picked":"Malaise","floor":3},{"not_picked":["Noxious Fumes","Underhanded Strike"],"picked":"Footwork","floor":5},{"not_picked":["Riddle With Holes","Infinite Blades"],"picked":"Calculated Gamble","floor":6},{"not_picked":["Slice","Escape Plan"],"picked":"Crippling Poison","floor":7},{"not_picked":["Blur","Prepared"],"picked":"Dodge and Roll","floor":13},{"not_picked":["Dodge and Roll","Terror"],"picked":"Glass Knife","floor":14},{"not_picked":["Grand Finale","Venomology"],"picked":"Burst","floor":16},{"not_picked":["Bane","Endless Agony","Predator"],"picked":"SKIP","floor":18},{"not_picked":["Dagger Spray","Cloak And Dagger"],"picked":"Deflect","floor":19},{"not_picked":["Deflect","Outmaneuver","Terror"],"picked":"SKIP","floor":20},{"not_picked":["Bane","Quick Slash"],"picked":"PiercingWail","floor":21},{"not_picked":["Eviscerate","Flying Knee","Dagger Throw"],"picked":"SKIP","floor":22},{"not_picked":["Blade Dance","Dagger Spray"],"picked":"Well Laid Plans","floor":23}],"player_experience":998414,"relics_obtained":[{"floor":6,"key":"Thread and Needle"},{"floor":9,"key":"Strawberry"},{"floor":14,"key":"Blood Vial"},{"floor":23,"key":"MawBank"}],"event_choices":[{"damage_healed":0,"gold_gain":0,"player_choice":"Entered Light","damage_taken":20,"max_hp_gain":0,"max_hp_loss":0,"event_name":"Shining Light","floor":4,"gold_loss":0,"cards_upgraded":["Defend_G","Neutralize"]},{"damage_healed":0,"gold_gain":0,"player_choice":"0 cards matched","damage_taken":0,"max_hp_gain":0,"max_hp_loss":0,"event_name":"Match and Keep!","floor":10,"gold_loss":0,"cards_obtained":[]}],"is_beta":false,"boss_relics":[{"not_picked":["HoveringKite","Eternal Feather"],"picked":"Philosopher\u0027s Stone"}],"items_purged_floors":[11],"is_endless":false,"potions_floor_spawned":[1,5,13,14,16,18,19,20,22],"killed_by":"Book of Stabbing","ascension_level":20}