{"path_per_floor":["M","?","M","M","M","R","M","?","T","$","M","E","$","M","R","B",null,"M","M","$","M","M","R","$","R","T","?","M","M","M","E","R","B",null,"M","?","M","M","M","E","R","M","T","M","T","R","M","$","R","B"],"character_chosen":"DEFECT","items_purchased":["Seek","Recycle","Block Potion","SpeedPotion","Dramatic Entrance","Secret Technique"],"gold_per_floor":[114,114,129,144,159,159,174,174,204,50,65,95,95,110,110,210,210,225,240,65,80,95,95,95,95,170,170,185,200,215,245,245,345,345,360,360,375,390,405,435,435,450,525,540,565,565,580,74,74,74],"floor_reached":51,"campfire_rested":6,"playtime":1992,"item_purchase_floors":[10,20,48,48,48,48],"current_hp_per_floor":[70,70,70,70,67,67,62,85,85,85,85,85,85,85,85,85,85,85,85,85,85,64,85,85,85,85,85,75,75,74,74,85,24,85,85,85,85,84,84,44,70,65,65,35,42,72,74,74,96,32],"items_purged":["Defend_B","Strike_B","Strike_B"],"gold":74,"score":857,"play_id":"10818112-6a7f-48f5-b99c-26c93ae07ecd","local_time":"20180618151653","daily_mods":["Allstar","Uncertain Future","Lethality"],"is_prod":false,"is_daily":true,"chose_seed":false,"is_ascension_mode":false,"campfire_upgraded":2,"win_rate":0,"timestamp":1529311613,"campfire_choices":[{"data":"Beam Cell","floor":6,"key":"SMITH"},{"data":"Sweeping Beam","floor":15,"key":"SMITH"},{"floor":23,"key":"REST"},{"floor":25,"key":"REST"},{"floor":32,"key":"REST"},{"floor":41,"key":"REST"},{"floor":46,"key":"REST"},{"floor":49,"key":"REST"}],"path_taken":["M","?","M","M","M","R","M","?","T","$","M","E","?","M","R","BOSS","M","M","$","M","M","R","?","R","T","?","?","M","M","E","R","BOSS","M","?","M","M","M","E","R","?","T","M","?","R","M","$","R","BOSS"],"build_version":"2018-06-14v2","seed_source_timestamp":0,"purchased_purges":3,"victory":true,"master_deck":["Strike_B","Defend_B","Defend_B","Defend_B","Zap","Dualcast","Dark Shackles","Thinking Ahead","Finesse","Dramatic Entrance+1","Hologram","Conserve Battery","Beam Cell+1","Doom and Gloom","Seek","Sweeping Beam+1","Seek","Reinforced Body","Hyperbeam+1","Rebound","Steam Power+1","Recycle","Go for the Eyes+1","BootSequence+1","Conserve Battery","Gash+1","Gash+1","Machine Learning","Barrage+1","Gash","Auto Shields+1","Hologram+1","Conserve Battery+1","Dramatic Entrance","Secret Technique","Steam+1"],"max_hp_per_floor":[75,75,75,75,75,75,75,85,85,85,85,85,85,85,85,85,85,85,85,85,85,85,85,85,85,85,85,85,85,85,85,85,85,85,85,85,85,85,85,87,87,87,87,87,94,96,96,96,96,96],"special_seed":17700,"relics":["Cracked Core","Tiny Chest","Dream Catcher","Fusion Hammer","Matryoshka","Bag of Marbles","Nuclear Battery","Singing Bowl","Blood Vial","Blue Candle","Lantern","Strawberry"],"card_choices":[{"not_picked":["Streamline","Turbo","Ball Lightning"],"picked":"SKIP","floor":1},{"not_picked":["Coolheaded","Streamline"],"picked":"Hologram","floor":3},{"not_picked":["Tempest","Double Energy"],"picked":"Conserve Battery","floor":4},{"not_picked":["Rip and Tear","Ball Lightning"],"picked":"Beam Cell","floor":5},{"not_picked":["Undo","Reprogram"],"picked":"Doom and Gloom","floor":7},{"not_picked":["Machine Learning","Gash"],"picked":"Sweeping Beam","floor":11},{"not_picked":["Streamline","Fusion"],"picked":"Seek","floor":12},{"not_picked":["Conserve Battery","Darkness"],"picked":"Reinforced Body","floor":14},{"not_picked":["Electrodynamics","Seek"],"picked":"Hyperbeam","floor":16},{"not_picked":["Self Repair","Doom and Gloom"],"picked":"Rebound","floor":18},{"not_picked":["Steam+1","Defragment"],"picked":"Steam Power+1","floor":19},{"not_picked":["Rip and Tear","Leap+1"],"picked":"Go for the Eyes+1","floor":21},{"not_picked":["Fission","Stack"],"picked":"BootSequence+1","floor":22},{"not_picked":["Leap","Stack"],"picked":"Conserve Battery","floor":25},{"not_picked":["Rebound","Stack"],"picked":"Gash+1","floor":28},{"not_picked":["Static Discharge","Rainbow","Stack"],"picked":"SKIP","floor":29},{"not_picked":["Beam Cell","Chill+1","Glacier"],"picked":"SKIP","floor":30},{"not_picked":["Stack","Aggregate+1"],"picked":"Gash+1","floor":31},{"not_picked":["Stack+1","Heatsinks"],"picked":"Machine Learning","floor":32},{"not_picked":["Force Field+1","Barrage","Beam Cell"],"picked":"SKIP","floor":35},{"not_picked":["Steam+1","Heatsinks","Conserve Battery+1"],"picked":"SKIP","floor":37},{"not_picked":["Go for the Eyes","Undo+1","Ball Lightning+1"],"picked":"SKIP","floor":38},{"not_picked":["Storm+1","Steam+1"],"picked":"Barrage+1","floor":39},{"not_picked":["Leap","Tempest","Machine Learning"],"picked":"Singing Bowl","floor":40},{"not_picked":["Ball Lightning","Doom and Gloom+1"],"picked":"Gash","floor":41},{"not_picked":["Redo","Force Field"],"picked":"Auto Shields+1","floor":42},{"not_picked":["Sweeping Beam","Recycle+1"],"picked":"Hologram+1","floor":44},{"not_picked":["Storm+1","Creative AI","Darkness"],"picked":"Singing Bowl","floor":46},{"not_picked":["Redo","Loop"],"picked":"Conserve Battery+1","floor":47},{"not_picked":["Rebound+1","Compile Driver"],"picked":"Steam+1","floor":49}],"player_experience":79796,"potions_floor_usage":[12,16,16,16,30,31,33,38,40,50,50,50],"damage_taken":[{"damage":5,"enemies":"2 Louse","floor":1,"turns":2},{"damage":0,"enemies":"Cultist","floor":3,"turns":2},{"damage":0,"enemies":"Small Slimes","floor":4,"turns":1},{"damage":3,"enemies":"3 Louse","floor":5,"turns":2},{"damage":5,"enemies":"Gremlin Gang","floor":7,"turns":2},{"damage":0,"enemies":"Blue Slaver","floor":11,"turns":3},{"damage":0,"enemies":"Gremlin Nob","floor":12,"turns":2},{"damage":0,"enemies":"Red Slaver","floor":14,"turns":1},{"damage":0,"enemies":"Slime Boss","floor":16,"turns":2},{"damage":0,"enemies":"3 Byrds","floor":18,"turns":2},{"damage":0,"enemies":"Chosen","floor":19,"turns":3},{"damage":0,"enemies":"3 Cultists","floor":21,"turns":2},{"damage":21,"enemies":"Centurion and Healer","floor":22,"turns":2},{"damage":10,"enemies":"Slaver and Parasite","floor":28,"turns":3},{"damage":0,"enemies":"Snake Plant","floor":29,"turns":2},{"damage":1,"enemies":"Sentry and Sphere","floor":30,"turns":3},{"damage":0,"enemies":"Slavers","floor":31,"turns":2},{"damage":61,"enemies":"Champ","floor":33,"turns":8},{"damage":0,"enemies":"Flame Bruiser 1 Orb","floor":35,"turns":3},{"damage":0,"enemies":"3 Shapes","floor":37,"turns":1},{"damage":1,"enemies":"Maw","floor":38,"turns":6},{"damage":0,"enemies":"Transient","floor":39,"turns":5},{"damage":42,"enemies":"Giant Head","floor":40,"turns":8},{"damage":5,"enemies":"4 Shapes","floor":42,"turns":2},{"damage":32,"enemies":"Spire Growth","floor":44,"turns":5},{"damage":0,"enemies":"Transient","floor":47,"turns":5},{"damage":64,"enemies":"Awakened One","floor":50,"turns":11}],"relics_obtained":[{"floor":9,"key":"Tiny Chest"},{"floor":12,"key":"Dream Catcher"},{"floor":26,"key":"Matryoshka"},{"floor":31,"key":"Bag of Marbles"},{"floor":40,"key":"Singing Bowl"},{"floor":43,"key":"Blood Vial"},{"floor":43,"key":"Blue Candle"},{"floor":45,"key":"Lantern"},{"floor":45,"key":"Strawberry"}],"event_choices":[{"event_name":"Upgrade Shrine","player_choice":"Upgraded","floor":2,"damage_taken":0},{"event_name":"Bonfire Elementals","player_choice":"RARE","floor":8,"damage_taken":0},{"event_name":"Upgrade Shrine","player_choice":"Upgraded","floor":27,"damage_taken":0},{"event_name":"Falling","player_choice":"Removed Attack","floor":36,"damage_taken":0}],"boss_relics":[{"not_picked":["Empty Cage","White Beast Statue"],"picked":"Fusion Hammer"},{"not_picked":["Sozu","Snecko Eye"],"picked":"Nuclear Battery"}],"items_purged_floors":[10,20,48],"is_endless":false,"potions_floor_spawned":[1,4,7,12,16,18,22,31,35,37,39,44],"seed_played":"-1606100397584430063","ascension_level":0,"potions_obtained":[{"floor":1,"key":"Fire Potion"},{"floor":4,"key":"FearPotion"},{"floor":7,"key":"AttackPotion"},{"floor":12,"key":"Fire Potion"},{"floor":16,"key":"Strength Potion"},{"floor":18,"key":"GamblersBrew"},{"floor":22,"key":"Regen Potion"},{"floor":31,"key":"AttackPotion"},{"floor":35,"key":"Ancient Potion"},{"floor":37,"key":"Weak Potion"},{"floor":39,"key":"LiquidBronze"},{"floor":44,"key":"SpeedPotion"}],"is_trial":false}