{"gold_per_floor":[365,4,20,40,60,60,78,78,128,138,150,150,180,199,199,272,272,272,272,272,272,7,7,7,7,7,7,7,7,7,7,7,7,7,7,7,7,7,7,7,7,7,7,7,7,7,7,7,7,7],"floor_reached":50,"playtime":8377,"items_purged":[],"score":1084,"play_id":"8ebe9e18-c684-4980-92f8-9c581deb095b","local_time":"20190425234655","is_ascension_mode":true,"campfire_choices":[{"data":"Dagger Spray","floor":6,"key":"SMITH"},{"data":"Neutralize","floor":12,"key":"SMITH"},{"data":"Deadly Poison","floor":15,"key":"SMITH"},{"floor":24,"key":"REST"},{"floor":28,"key":"REST"},{"floor":32,"key":"REST"},{"data":"1","floor":40,"key":"LIFT"},{"data":"2","floor":42,"key":"LIFT"},{"data":"3","floor":44,"key":"LIFT"},{"data":"Crippling Poison","floor":46,"key":"SMITH"},{"data":"Dodge and Roll","floor":49,"key":"SMITH"}],"neow_cost":"TEN_PERCENT_HP_LOSS","seed_source_timestamp":337424803618814,"circlet_count":0,"master_deck":["AscendersBane","Defend_G+1","Defend_G+1","Defend_G+1","Defend_G+1","Defend_G+1","Strike_G+1","Strike_G+1","Strike_G+1","Survivor","Neutralize+1","Dagger Spray+1","Well Laid Plans+1","Dodge and Roll+1","Deflect","Dodge and Roll","Poisoned Stab","Venomology","Deadly Poison+1","Cloak And Dagger","Corpse Explosion","Backstab","Crippling Poison+1","Deadly Poison+1","Escape Plan+1","Corpse Explosion+1","Well Laid Plans","Panache","Sadistic Nature","Flash of Steel","PiercingWail+1","Leg Sweep+1","Backflip+1","Leg Sweep+1"],"relics":["Ring of the Snake","Ninja Scroll","Orichalcum","Singing Bowl","Ectoplasm","Girya","Darkstone Periapt","Pantograph","Juzu Bracelet","Bottled Tornado","Toxic Egg 2","SsserpentHead","Empty Cage","Sundial","Meat on the Bone","Ice Cream"],"potions_floor_usage":[13,14,16,20,21,21,23,23,25,30,31,33,33,33,41,41,47,47,50,50],"damage_taken":[{"damage":0,"enemies":"2 Louse","floor":1,"turns":4},{"damage":0,"enemies":"Small Slimes","floor":3,"turns":4},{"damage":0,"enemies":"Cultist","floor":4,"turns":3},{"damage":0,"enemies":"2 Fungi Beasts","floor":5,"turns":2},{"damage":0,"enemies":"Gremlin Gang","floor":7,"turns":3},{"damage":0,"enemies":"Blue Slaver","floor":10,"turns":4},{"damage":0,"enemies":"Large Slime","floor":11,"turns":6},{"damage":18,"enemies":"Lagavulin","floor":13,"turns":5},{"damage":0,"enemies":"2 Fungi Beasts","floor":14,"turns":2},{"damage":3,"enemies":"The Guardian","floor":16,"turns":12},{"damage":0,"enemies":"3 Byrds","floor":18,"turns":4},{"damage":2,"enemies":"Colosseum Slavers","floor":20,"turns":3},{"damage":7,"enemies":"Colosseum Nobs","floor":20,"turns":3},{"damage":5,"enemies":"Shell Parasite","floor":21,"turns":6},{"damage":31,"enemies":"Gremlin Leader","floor":23,"turns":5},{"damage":26,"enemies":"Book of Stabbing","floor":25,"turns":7},{"damage":1,"enemies":"Centurion and Healer","floor":27,"turns":6},{"damage":8,"enemies":"Snake Plant","floor":30,"turns":4},{"damage":15,"enemies":"Chosen and Byrds","floor":31,"turns":6},{"damage":55,"enemies":"Collector","floor":33,"turns":10},{"damage":4,"enemies":"Orb Walker","floor":35,"turns":4},{"damage":0,"enemies":"3 Darklings","floor":39,"turns":2},{"damage":34,"enemies":"Reptomancer","floor":41,"turns":7},{"damage":0,"enemies":"Mind Bloom Boss Battle","floor":45,"turns":5},{"damage":7,"enemies":"Giant Head","floor":47,"turns":6},{"damage":1,"enemies":"Sphere and 2 Shapes","floor":48,"turns":5},{"damage":66,"enemies":"Donu and Deca","floor":50,"turns":10}],"seed_played":"5406037167579945634","potions_obtained":[{"floor":5,"key":"Ancient Potion"},{"floor":7,"key":"GamblersBrew"},{"floor":10,"key":"Strength Potion"},{"floor":21,"key":"GamblersBrew"},{"floor":33,"key":"AttackPotion"},{"floor":35,"key":"Regen Potion"}],"is_trial":false,"path_per_floor":["M","$","M","M","M","R","M","?","T","M","M","R","E","M","R","B",null,"M","?","?","M","$","E","R","E","T","M","R","?","M","M","R","B",null,"M","?","?","?","M","R","E","R","T","R","?","R","E","M","R","B"],"character_chosen":"THE_SILENT","items_purchased":["Ninja Scroll","Well Laid Plans","Pantograph"],"campfire_rested":3,"item_purchase_floors":[2,2,22],"current_hp_per_floor":[59,59,59,59,59,59,59,41,41,41,41,41,23,23,23,20,50,52,52,45,40,40,9,28,4,4,3,22,22,16,16,36,6,53,49,39,39,39,39,39,20,20,20,20,45,45,38,37,37,0],"gold":7,"neow_bonus":"TWO_FIFTY_GOLD","is_prod":false,"is_daily":false,"chose_seed":true,"campfire_upgraded":5,"win_rate":0,"timestamp":1556250415,"path_taken":["M","$","M","M","M","R","M","?","T","M","M","R","E","M","R","BOSS","M","?","?","M","$","E","R","E","T","M","R","?","M","M","R","BOSS","M","?","?","?","M","R","E","R","T","R","?","R","E","M","R","BOSS"],"build_version":"2019-01-23","purchased_purges":0,"victory":false,"max_hp_per_floor":[60,60,60,60,60,60,60,60,60,60,60,60,60,60,60,60,60,62,62,64,64,64,64,64,66,66,66,66,66,68,68,68,68,68,68,68,68,65,65,65,65,65,65,65,65,65,65,65,65,65],"card_choices":[{"not_picked":["Acrobatics","Underhanded Strike"],"picked":"Dagger Spray","floor":1},{"not_picked":["Flying Knee","PiercingWail"],"picked":"Dagger Spray","floor":3},{"not_picked":["Dagger Spray","Flechettes"],"picked":"Dodge and Roll","floor":4},{"not_picked":["Slice","Blade Dance"],"picked":"Deflect","floor":5},{"not_picked":["Outmaneuver","Blade Dance"],"picked":"Dodge and Roll","floor":7},{"not_picked":["Quick Slash","Bane"],"picked":"Poisoned Stab","floor":10},{"not_picked":["Flying Knee","Backflip"],"picked":"Venomology","floor":11},{"not_picked":["Unload","Deflect"],"picked":"Deadly Poison","floor":13},{"not_picked":["Dagger Spray","Reflex"],"picked":"Cloak And Dagger","floor":14},{"not_picked":["Unload","Venomology"],"picked":"Corpse Explosion","floor":16},{"not_picked":["Acrobatics","Heel Hook","Setup"],"picked":"Singing Bowl","floor":18},{"not_picked":["Dodge and Roll","Acrobatics","Prepared"],"picked":"Singing Bowl","floor":20},{"not_picked":["Riddle With Holes","Dagger Throw"],"picked":"Backstab","floor":21},{"not_picked":["Underhanded Strike","Slice"],"picked":"Crippling Poison","floor":23},{"not_picked":["Deflect","Venomology","Blade Dance"],"picked":"Singing Bowl","floor":25},{"not_picked":["Deflect+1","Slice"],"picked":"Deadly Poison+1","floor":27},{"not_picked":["Underhanded Strike","Quick Slash","Blade Dance+1"],"picked":"Singing Bowl","floor":30},{"not_picked":["Outmaneuver+1","Cloak And Dagger+1"],"picked":"Escape Plan+1","floor":31},{"not_picked":["A Thousand Cuts","Storm of Steel+1"],"picked":"Corpse Explosion+1","floor":33},{"not_picked":["Flechettes","Dagger Throw"],"picked":"Well Laid Plans","floor":35},{"not_picked":["Mayhem","Chrysalis+1"],"picked":"Panache","floor":36},{"not_picked":["Chrysalis+1","Deep Breath+1"],"picked":"Sadistic Nature","floor":36},{"not_picked":["Deep Breath+1","Enlightenment+1"],"picked":"Flash of Steel","floor":36},{"not_picked":["Acrobatics+1","Dodge and Roll+1"],"picked":"PiercingWail+1","floor":39},{"not_picked":["Flying Knee+1","Deflect+1"],"picked":"Leg Sweep+1","floor":41},{"not_picked":["Outmaneuver+1","Riddle With Holes"],"picked":"Backflip+1","floor":45},{"not_picked":["Deflect+1","Flying Knee"],"picked":"Leg Sweep+1","floor":48}],"player_experience":782581,"relics_obtained":[{"floor":9,"key":"Orichalcum"},{"floor":13,"key":"Singing Bowl"},{"floor":20,"key":"Girya"},{"floor":20,"key":"Darkstone Periapt"},{"floor":23,"key":"Juzu Bracelet"},{"floor":25,"key":"Bottled Tornado"},{"floor":26,"key":"Toxic Egg 2"},{"floor":41,"key":"Sundial"},{"floor":43,"key":"Meat on the Bone"},{"floor":45,"key":"Ice Cream"}],"event_choices":[{"damage_healed":0,"gold_gain":0,"player_choice":"Entered Light","damage_taken":18,"max_hp_gain":0,"max_hp_loss":0,"event_name":"Shining Light","floor":8,"gold_loss":0,"cards_upgraded":["Strike_G","Well Laid Plans"]},{"damage_healed":0,"gold_gain":0,"player_choice":"Simplicity","damage_taken":0,"max_hp_gain":0,"max_hp_loss":0,"event_name":"Back to Basics","floor":19,"gold_loss":0,"cards_upgraded":["Defend_G","Defend_G","Defend_G","Defend_G","Defend_G","Strike_G","Strike_G","Strike_G","Strike_G"]},{"damage_healed":0,"gold_gain":0,"player_choice":"Fight","damage_taken":0,"max_hp_gain":0,"max_hp_loss":0,"event_name":"Colosseum","floor":20,"gold_loss":0},{"damage_healed":0,"gold_gain":0,"player_choice":"Fought Nobs","damage_taken":0,"max_hp_gain":0,"max_hp_loss":0,"event_name":"Colosseum","floor":20,"gold_loss":0},{"damage_healed":0,"gold_gain":0,"player_choice":"Trade","damage_taken":0,"relics_obtained":["SsserpentHead"],"max_hp_gain":0,"max_hp_loss":0,"event_name":"FaceTrader","floor":29,"gold_loss":0},{"damage_healed":0,"gold_gain":0,"player_choice":"Memory 3","damage_taken":10,"max_hp_gain":0,"max_hp_loss":0,"event_name":"SensoryStone","floor":36,"gold_loss":0},{"cards_removed":["Strike_G"],"damage_healed":0,"gold_gain":0,"player_choice":"Purged","damage_taken":0,"max_hp_gain":0,"max_hp_loss":0,"event_name":"Purifier","floor":37,"gold_loss":0},{"damage_healed":0,"gold_gain":0,"player_choice":"Max HP","damage_taken":0,"max_hp_gain":0,"max_hp_loss":3,"event_name":"Winding Halls","floor":38,"gold_loss":0},{"damage_healed":0,"gold_gain":0,"player_choice":"Fight","damage_taken":0,"max_hp_gain":0,"max_hp_loss":0,"event_name":"MindBloom","floor":45,"gold_loss":0}],"is_beta":false,"boss_relics":[{"not_picked":["Busted Crown","Orrery"],"picked":"Ectoplasm"},{"not_picked":["Black Star","Calling Bell"],"picked":"Empty Cage"}],"items_purged_floors":[],"is_endless":false,"potions_floor_spawned":[5,7,10,11,16,18,21,33,35,47],"killed_by":"Donu and Deca","ascension_level":20}