{"gold_per_floor":[116,126,72,89,89,123,123,138,138,179,179,194,224,224],"floor_reached":14,"playtime":1766,"items_purged":[],"score":175,"play_id":"45aed882-e2ea-480f-a124-dd1331009b72","local_time":"20190616223649","is_ascension_mode":true,"campfire_choices":[{"floor":7.0,"key":"REST"},{"floor":11.0,"key":"REST"}],"neow_cost":"NONE","seed_source_timestamp":0,"circlet_count":0,"master_deck":["AscendersBane","Strike_R","Strike_R","Strike_R","Strike_R","Strike_R","Defend_R","Defend_R","Defend_R","Defend_R","Bash+1","Warcry","Ghostly Armor","Shrug It Off","Havoc","Disarm","Battle Trance","Sentinel"],"special_seed":0,"relics":["Burning Blood","Golden Idol","Bottled Lightning","Blue Candle","Potion Belt"],"potions_floor_usage":[14],"damage_taken":[{"damage":1.0,"enemies":"2 Louse","floor":1.0,"turns":4.0},{"damage":14.0,"enemies":"Jaw Worm","floor":2.0,"turns":3.0},{"damage":3.0,"enemies":"Small Slimes","floor":4.0,"turns":5.0},{"damage":44.0,"enemies":"3 Sentries","floor":6.0,"turns":15.0},{"damage":8.0,"enemies":"2 Fungi Beasts","floor":8.0,"turns":4.0},{"damage":29.0,"enemies":"Gremlin Nob","floor":10.0,"turns":5.0},{"damage":7.0,"enemies":"Blue Slaver","floor":12.0,"turns":5.0},{"damage":54,"enemies":"Lagavulin","floor":14,"turns":11}],"seed_played":"-1566901002665412905","potions_obtained":[{"floor":6.0,"key":"SkillPotion"},{"floor":8.0,"key":"SneckoOil"},{"floor":10.0,"key":"SneckoOil"}],"is_trial":false,"path_per_floor":["M","M","$","M","?","E","R","M","T","E","R","M","?","E"],"character_chosen":"IRONCLAD","items_purchased":["Shrug It Off"],"campfire_rested":2,"item_purchase_floors":[3],"current_hp_per_floor":[73,65,65,68,68,30,50,48,48,25,45,44,44,0],"gold":224,"neow_bonus":"UPGRADE_CARD","is_prod":false,"is_daily":false,"chose_seed":false,"campfire_upgraded":0,"win_rate":0,"timestamp":1560742609,"path_taken":["M","M","$","M","?","E","R","M","T","E","R","M","?","E"],"build_version":"2019-01-23","purchased_purges":0,"victory":false,"max_hp_per_floor":[75,75,75,75,68,68,68,68,68,68,68,68,68,68],"card_choices":[{"not_picked":["Pommel Strike","Perfected Strike"],"picked":"Warcry","floor":1.0},{"not_picked":["Disarm","True Grit"],"picked":"Ghostly Armor","floor":2.0},{"not_picked":["Anger","Evolve","Twin Strike"],"picked":"SKIP","floor":4.0},{"not_picked":["Dual Wield","Wild Strike"],"picked":"Havoc","floor":6.0},{"not_picked":["Warcry","Twin Strike"],"picked":"Disarm","floor":8.0},{"not_picked":["Evolve","Hemokinesis"],"picked":"Battle Trance","floor":10.0},{"not_picked":["Thunderclap","Fire Breathing"],"picked":"Sentinel","floor":12.0}],"player_experience":1314386,"relics_obtained":[{"floor":6.0,"key":"Bottled Lightning"},{"floor":9.0,"key":"Blue Candle"},{"floor":10.0,"key":"Potion Belt"}],"event_choices":[{"damage_healed":0.0,"max_hp_gain":0.0,"max_hp_loss":7.0,"gold_gain":0.0,"event_name":"Golden Idol","player_choice":"Lose Max HP","floor":5.0,"gold_loss":0.0,"damage_taken":0.0,"relics_obtained":["Golden Idol"]},{"damage_healed":0,"gold_gain":30,"player_choice":"Searched \u00272\u0027 times","damage_taken":0,"max_hp_gain":0,"max_hp_loss":0,"event_name":"Dead Adventurer","floor":13,"gold_loss":0}],"is_beta":false,"boss_relics":[],"items_purged_floors":[],"is_endless":false,"potions_floor_spawned":[6,8,10],"killed_by":"Lagavulin","ascension_level":15}