{"gold_per_floor":[108,118,178,194,194,194,220,220,274,289,307,307],"floor_reached":12,"playtime":215,"items_purged":[],"score":176,"play_id":"fce778d2-7d29-4223-b210-6af296c86e22","local_time":"20190811183056","is_ascension_mode":true,"campfire_choices":[{"data":"Bash","floor":6,"key":"SMITH"},{"data":"Cleave","floor":8,"key":"SMITH"}],"neow_cost":"NONE","seed_source_timestamp":105211076753382,"circlet_count":0,"master_deck":["Strike_R","Strike_R","Strike_R","Strike_R","Strike_R","Defend_R","Defend_R","Defend_R","Defend_R","Bash+1","AscMod:ascendersbane","Cleave+1","True Grit"],"relics":["Busted Crown","Strawberry","Gremlin Horn","Matryoshka","Frozen Egg 2","Bag of Preparation"],"potions_floor_usage":[7,12],"damage_taken":[{"damage":0,"enemies":"Cultist","floor":1,"turns":3},{"damage":2,"enemies":"Jaw Worm","floor":2,"turns":4},{"damage":0,"enemies":"Small Slimes","floor":4,"turns":2},{"damage":43,"enemies":"3 Sentries","floor":7,"turns":13},{"damage":4,"enemies":"Blue Slaver","floor":10,"turns":4},{"damage":10,"enemies":"Lagavulin","floor":12,"turns":2}],"seed_played":"8221624280341565124","potions_obtained":[{"floor":2,"key":"Fire Potion"},{"floor":7,"key":"Poison Potion"},{"floor":10,"key":"AttackPotion"}],"is_trial":false,"path_per_floor":["M","M","?","M","?","R","E","R","T","M","T","E"],"character_chosen":"IRONCLAD","items_purchased":[],"campfire_rested":0,"item_purchase_floors":[],"current_hp_per_floor":[68,66,55,55,56,56,13,13,13,9,9,0],"gold":307,"neow_bonus":"BOSS_RELIC","is_prod":false,"is_daily":false,"chose_seed":false,"campfire_upgraded":2,"win_rate":0,"timestamp":1565523056,"path_taken":["M","?","?","M","?","R","E","R","T","M","?","E"],"build_version":"2019-07-18","purchased_purges":0,"victory":false,"max_hp_per_floor":[75,75,75,75,82,82,82,82,82,82,82,82],"card_choices":[{"not_picked":[],"picked":"Cleave","floor":1},{"not_picked":[],"picked":"True Grit","floor":2},{"not_picked":["Anger"],"picked":"SKIP","floor":4},{"not_picked":["Wild Strike"],"picked":"SKIP","floor":7},{"not_picked":["Hemokinesis"],"picked":"SKIP","floor":10}],"player_experience":1062664,"relics_obtained":[{"floor":7,"key":"Gremlin Horn"},{"floor":9,"key":"Matryoshka"},{"floor":11,"key":"Frozen Egg 2"},{"floor":11,"key":"Bag of Preparation"}],"event_choices":[{"damage_healed":0,"gold_gain":75,"player_choice":"Gather Gold","damage_taken":11,"max_hp_gain":0,"max_hp_loss":0,"event_name":"World of Goop","floor":3,"gold_loss":0},{"damage_healed":0,"gold_gain":0,"player_choice":"Success","damage_taken":5,"relics_obtained":["Strawberry"],"max_hp_gain":0,"max_hp_loss":0,"event_name":"Scrap Ooze","floor":5,"gold_loss":0}],"is_beta":true,"boss_relics":[],"items_purged_floors":[],"is_endless":false,"potions_floor_spawned":[2,7,10],"killed_by":"Lagavulin","ascension_level":25}