{"gold_per_floor":[114,124,140,157,167,167,317,317,317,344,344,33,33,46,46,125,125,135,135,151,171,185,185,216,230,230,230],"floor_reached":27,"playtime":903,"items_purged":["Doubt"],"score":474,"play_id":"f46c15c6-438c-4d1f-8b83-df41fa301092","local_time":"20190504192939","is_ascension_mode":true,"campfire_choices":[{"data":"Whirlwind","floor":6.0,"key":"SMITH"},{"data":"Blood for Blood","floor":8.0,"key":"SMITH"},{"data":"Anger","floor":11.0,"key":"SMITH"},{"floor":15.0,"key":"REST"},{"floor":23.0,"key":"REST"}],"neow_cost":"TEN_PERCENT_HP_LOSS","seed_source_timestamp":1107331453946348,"circlet_count":0,"master_deck":["AscendersBane","Strike_R","Strike_R","Strike_R","Defend_R","Defend_R","Defend_R","Defend_R","Bash+1","Combust","Offering+1","Clothesline","Blood for Blood+1","Anger+1","Whirlwind+1","Shrug It Off","Shrug It Off","Demon Form","Battle Trance","Writhe","Anger","Sword Boomerang","Heavy Blade+1","Evolve+1"],"special_seed":0,"relics":["Burning Blood","Letter Opener","Mango","Membership Card","Sozu","Shuriken","Bronze Scales"],"potions_floor_usage":[25,27],"damage_taken":[{"damage":16.0,"enemies":"Jaw Worm","floor":1.0,"turns":6.0},{"damage":12.0,"enemies":"Small Slimes","floor":2.0,"turns":3.0},{"damage":6.0,"enemies":"Cultist","floor":3.0,"turns":3.0},{"damage":11.0,"enemies":"Blue Slaver","floor":4.0,"turns":3.0},{"damage":14.0,"enemies":"Large Slime","floor":5.0,"turns":4.0},{"damage":23.0,"enemies":"Lagavulin","floor":10.0,"turns":3.0},{"damage":0.0,"enemies":"Exordium Wildlife","floor":14.0,"turns":2.0},{"damage":19.0,"enemies":"Slime Boss","floor":16.0,"turns":7.0},{"damage":29.0,"enemies":"3 Byrds","floor":18.0,"turns":5.0},{"damage":19.0,"enemies":"Chosen","floor":20.0,"turns":4.0},{"damage":7.0,"enemies":"Centurion and Healer","floor":21.0,"turns":3.0},{"damage":15.0,"enemies":"Snake Plant","floor":22.0,"turns":3.0},{"damage":36.0,"enemies":"Gremlin Leader","floor":24.0,"turns":5.0},{"damage":9,"enemies":"Sentry and Sphere","floor":25,"turns":3},{"damage":14,"enemies":"Book of Stabbing","floor":27,"turns":1}],"seed_played":"7682708541317805157","potions_obtained":[{"floor":2.0,"key":"Fire Potion"},{"floor":10.0,"key":"Strength Potion"},{"floor":14.0,"key":"SpeedPotion"}],"is_trial":false,"path_per_floor":["M","M","M","M","M","R","?","R","T","E","R","$","?","M","R","B",null,"M","?","M","M","M","R","E","M","T","E"],"character_chosen":"IRONCLAD","items_purchased":["Shrug It Off","Membership Card"],"campfire_rested":2,"item_purchase_floors":[12,12],"current_hp_per_floor":[58,52,52,47,39,39,39,39,39,36,36,36,11,17,41,28,69,46,46,33,32,23,47,17,14,14,0],"gold":230,"neow_bonus":"TRANSFORM_TWO_CARDS","is_prod":false,"is_daily":false,"chose_seed":false,"campfire_upgraded":3,"win_rate":0,"timestamp":1557012579,"path_taken":["M","M","M","M","M","R","?","R","T","E","R","$","?","M","R","BOSS","M","?","M","M","M","R","E","M","T","E"],"build_version":"2019-01-23","purchased_purges":1,"victory":false,"max_hp_per_floor":[68,68,68,68,68,68,68,68,68,82,82,82,82,82,82,82,82,82,82,82,82,82,82,82,82,82,82],"card_choices":[{"not_picked":["Evolve","True Grit"],"picked":"Clothesline","floor":1.0},{"not_picked":["Clothesline","Corruption"],"picked":"Blood for Blood","floor":2.0},{"not_picked":["Clothesline","Power Through","Cleave"],"picked":"SKIP","floor":3.0},{"not_picked":["Thunderclap","Armaments"],"picked":"Anger","floor":4.0},{"not_picked":["Iron Wave","Flex"],"picked":"Whirlwind","floor":5.0},{"not_picked":["Body Slam","Seeing Red"],"picked":"Shrug It Off","floor":10.0},{"not_picked":["Shockwave","Rage","True Grit"],"picked":"SKIP","floor":14.0},{"not_picked":["Barricade","Feed"],"picked":"Demon Form","floor":16.0},{"not_picked":["Corruption","Pommel Strike"],"picked":"Battle Trance","floor":18.0},{"not_picked":["Warcry","Infernal Blade"],"picked":"Anger","floor":20.0},{"not_picked":["Blood for Blood","Clash","Body Slam"],"picked":"SKIP","floor":21.0},{"not_picked":["Cleave","Warcry"],"picked":"Sword Boomerang","floor":22.0},{"not_picked":["Burning Pact","Inflame"],"picked":"Heavy Blade+1","floor":24.0},{"not_picked":["Clash","Reckless Charge"],"picked":"Evolve+1","floor":25}],"player_experience":820829,"relics_obtained":[{"floor":9.0,"key":"Letter Opener"},{"floor":10.0,"key":"Mango"},{"floor":24.0,"key":"Bronze Scales"}],"event_choices":[{"damage_healed":0.0,"max_hp_gain":0.0,"max_hp_loss":0.0,"gold_gain":150.0,"event_name":"Liars Game","player_choice":"AGREE","floor":7.0,"gold_loss":0.0,"damage_taken":0.0,"cards_obtained":["Doubt"]},{"damage_healed":0.0,"max_hp_gain":0.0,"max_hp_loss":0.0,"gold_gain":0.0,"event_name":"Shining Light","player_choice":"Entered Light","floor":13.0,"gold_loss":0.0,"damage_taken":25.0,"cards_upgraded":["Offering","Bash"]},{"damage_healed":0.0,"max_hp_gain":0.0,"max_hp_loss":0.0,"gold_gain":0.0,"event_name":"The Mausoleum","player_choice":"Opened","floor":19.0,"gold_loss":0.0,"damage_taken":0.0,"relics_obtained":["Shuriken"],"cards_obtained":["Writhe"]}],"is_beta":false,"boss_relics":[{"not_picked":["Black Blood","Runic Dome"],"picked":"Sozu"}],"items_purged_floors":[12],"is_endless":false,"potions_floor_spawned":[2,10,14,18,22,24],"killed_by":"Book of Stabbing","ascension_level":20}