{"gold_per_floor":[16,31,44,44,59,59,59,88,114,146,146,146,146,146,146,222,222,232,147,147,162,175,175,200,200,200,227,242,242,261,101,101,177,177,194,194,16,33,48,48,79,134,134,134,234,261,261,28,28,28,28],"floor_reached":52,"playtime":1899,"items_purged":["Strike_R","Strike_R"],"score":2333,"play_id":"636df680-4267-41d3-aa78-fc0726c09dd1","local_time":"20190928123124","is_ascension_mode":true,"campfire_choices":[{"data":"Bash","floor":6,"key":"SMITH"},{"data":"Immolate","floor":11,"key":"SMITH"},{"data":"Reckless Charge","floor":13,"key":"SMITH"},{"data":"Feel No Pain","floor":15,"key":"SMITH"},{"data":"Disarm","floor":23,"key":"SMITH"},{"data":"Feel No Pain","floor":25,"key":"SMITH"},{"data":"Body Slam","floor":29,"key":"SMITH"},{"data":"Barricade","floor":32,"key":"SMITH"},{"data":"True Grit","floor":40,"key":"SMITH"},{"data":"Offering","floor":44,"key":"SMITH"},{"data":"Sentinel","floor":47,"key":"SMITH"},{"data":"Feel No Pain","floor":49,"key":"SMITH"}],"neow_cost":"NO_GOLD","seed_source_timestamp":993180342109300,"circlet_count":0,"master_deck":["AscendersBane","Strike_R","Strike_R","Defend_R","Defend_R","Defend_R","Defend_R","Bash+1","Reckless Charge+1","Ghostly Armor","Shrug It Off","Feel No Pain+1","Feel No Pain+1","Immolate+1","Offering+1","Sentinel+1","Disarm+1","Ghostly Armor","True Grit+1","Body Slam+1","Battle Trance+1","Body Slam+1","True Grit+1","Barricade+1","Seeing Red","Fiend Fire","Second Wind","Madness","PanicButton","Clothesline+1","Offering+1","Entrench","Entrench+1","Feel No Pain+1"],"relics":["Burning Blood","Ice Cream","Blood Vial","Strawberry","Toy Ornithopter","Matryoshka","Kunai","Eternal Feather","Coffee Dripper","Omamori","Champion Belt","PreservedInsect","Shuriken","Bottled Tornado","Orrery","Snecko Eye","Pantograph","Pocketwatch","Meat on the Bone","FossilizedHelix","Mango"],"potions_floor_usage":[10,16,21,24,33,33,41,41],"damage_taken":[{"damage":4,"enemies":"Jaw Worm","floor":1,"turns":5},{"damage":0,"enemies":"2 Louse","floor":2,"turns":3},{"damage":7,"enemies":"Small Slimes","floor":3,"turns":3},{"damage":5,"enemies":"2 Fungi Beasts","floor":5,"turns":6},{"damage":48,"enemies":"Gremlin Nob","floor":8,"turns":5},{"damage":10,"enemies":"3 Sentries","floor":10,"turns":17},{"damage":15,"enemies":"Slime Boss","floor":16,"turns":9},{"damage":20,"enemies":"3 Byrds","floor":18,"turns":5},{"damage":21,"enemies":"2 Thieves","floor":21,"turns":4},{"damage":31,"enemies":"Shelled Parasite and Fungi","floor":22,"turns":7},{"damage":6,"enemies":"Slavers","floor":24,"turns":1},{"damage":6,"enemies":"Gremlin Leader","floor":27,"turns":5},{"damage":6,"enemies":"Snecko","floor":28,"turns":5},{"damage":6,"enemies":"3 Cultists","floor":30,"turns":4},{"damage":9,"enemies":"Collector","floor":33,"turns":10},{"damage":11,"enemies":"3 Shapes","floor":35,"turns":4},{"damage":0,"enemies":"Orb Walker","floor":38,"turns":3},{"damage":6,"enemies":"3 Darklings","floor":39,"turns":6},{"damage":6,"enemies":"Reptomancer","floor":41,"turns":5},{"damage":12,"enemies":"2 Orb Walkers","floor":42,"turns":4},{"damage":6,"enemies":"Mind Bloom Boss Battle","floor":45,"turns":5},{"damage":6,"enemies":"Nemesis","floor":46,"turns":7},{"damage":0,"enemies":"Time Eater","floor":50,"turns":8},{"damage":6,"enemies":"Donu and Deca","floor":51,"turns":6}],"seed_played":"-1034299196280530686","potions_obtained":[{"floor":1,"key":"Energy Potion"},{"floor":2,"key":"SpeedPotion"},{"floor":10,"key":"SpeedPotion"},{"floor":18,"key":"Ancient Potion"},{"floor":22,"key":"DuplicationPotion"},{"floor":30,"key":"Swift Potion"},{"floor":35,"key":"Energy Potion"},{"floor":39,"key":"Block Potion"}],"is_trial":false,"path_per_floor":["M","M","M","?","M","R","?","E","T","E","R","T","R","?","R","B",null,"M","?","?","M","M","R","E","R","T","E","M","R","M","$","R","B",null,"M","?","$","M","M","R","E","?","T","R","?","E","R","$","R","B","B",null],"character_chosen":"IRONCLAD","items_purchased":["Orrery","PanicButton","Feel No Pain","AttackPotion"],"campfire_rested":0,"item_purchase_floors":[31,37,48,48],"current_hp_per_floor":[70,75,74,67,68,68,57,24,24,27,27,27,36,36,45,43,72,60,60,60,52,29,41,48,60,60,62,64,76,78,78,82,82,82,77,67,67,75,77,82,82,76,76,82,82,96,96,96,96,96,96],"gold":28,"neow_bonus":"ONE_RARE_RELIC","is_prod":false,"is_daily":false,"chose_seed":false,"campfire_upgraded":12,"win_rate":0,"timestamp":1569699084,"path_taken":["M","M","M","?","M","R","?","E","T","E","R","?","R","?","R","BOSS","M","?","?","?","M","R","E","R","T","E","M","R","M","$","R","BOSS","M","?","$","M","M","R","E","?","T","R","?","E","R","$","R","BOSS","BOSS"],"build_version":"2019-09-27","purchased_purges":2,"victory":true,"max_hp_per_floor":[75,75,75,75,75,75,75,82,82,82,82,82,82,82,82,82,82,82,82,82,82,82,82,82,82,82,82,82,82,82,82,82,82,82,82,82,82,82,82,82,82,82,82,82,82,96,96,96,96,96,96],"card_choices":[{"not_picked":["Perfected Strike","Clash"],"picked":"Reckless Charge","floor":1},{"not_picked":["Intimidate","Clothesline"],"picked":"Ghostly Armor","floor":2},{"not_picked":["True Grit","Pommel Strike"],"picked":"Shrug It Off","floor":3},{"not_picked":["Bloodletting","Reckless Charge"],"picked":"Feel No Pain","floor":5},{"not_picked":["True Grit","Body Slam"],"picked":"Feel No Pain","floor":8},{"not_picked":["Feel No Pain","Sever Soul"],"picked":"Immolate","floor":10},{"not_picked":["Bludgeon","Reaper"],"picked":"Offering","floor":16},{"not_picked":["Clothesline+1","Dropkick"],"picked":"Sentinel","floor":18},{"not_picked":["Pummel","Cleave"],"picked":"Disarm","floor":21},{"not_picked":["Burning Pact","Pommel Strike"],"picked":"Ghostly Armor","floor":22},{"not_picked":["Uppercut","Combust","Inflame"],"picked":"SKIP","floor":24},{"not_picked":["Heavy Blade","Wild Strike+1"],"picked":"True Grit+1","floor":27},{"not_picked":["Sword Boomerang","Havoc"],"picked":"Body Slam","floor":28},{"not_picked":["Armaments","Disarm"],"picked":"Battle Trance+1","floor":30},{"not_picked":["Clash+1","Armaments+1"],"picked":"Body Slam+1","floor":31},{"not_picked":["Flex","Twin Strike+1"],"picked":"True Grit","floor":31},{"not_picked":["Disarm","Seeing Red"],"picked":"Barricade","floor":31},{"not_picked":["Uppercut","Havoc"],"picked":"Seeing Red","floor":31},{"not_picked":["Feed","Immolate"],"picked":"Fiend Fire","floor":33},{"not_picked":["Warcry","Havoc"],"picked":"Second Wind","floor":35},{"not_picked":["Deep Breath","Discovery"],"picked":"Madness","floor":36},{"not_picked":["Whirlwind","Cleave+1","Flex"],"picked":"SKIP","floor":38},{"not_picked":["Sword Boomerang","Shrug It Off"],"picked":"Clothesline+1","floor":39},{"not_picked":["Dropkick","Carnage"],"picked":"Offering","floor":41},{"not_picked":["Clash+1","Twin Strike"],"picked":"Entrench","floor":45},{"not_picked":["True Grit","Heavy Blade"],"picked":"Entrench+1","floor":46}],"player_experience":1090201,"relics_obtained":[{"floor":8,"key":"Strawberry"},{"floor":9,"key":"Toy Ornithopter"},{"floor":10,"key":"Matryoshka"},{"floor":12,"key":"Kunai"},{"floor":12,"key":"Eternal Feather"},{"floor":24,"key":"Champion Belt"},{"floor":26,"key":"PreservedInsect"},{"floor":26,"key":"Shuriken"},{"floor":27,"key":"Bottled Tornado"},{"floor":41,"key":"Pantograph"},{"floor":42,"key":"Pocketwatch"},{"floor":43,"key":"Meat on the Bone"},{"floor":45,"key":"FossilizedHelix"},{"floor":46,"key":"Mango"}],"event_choices":[{"cards_removed":["Strike_R"],"damage_healed":0,"gold_gain":0,"player_choice":"Card Removal","damage_taken":7,"max_hp_gain":0,"max_hp_loss":0,"event_name":"Golden Wing","floor":4,"gold_loss":0},{"damage_healed":0,"gold_gain":0,"player_choice":"Success","damage_taken":11,"relics_obtained":["Blood Vial"],"max_hp_gain":0,"max_hp_loss":0,"event_name":"Scrap Ooze","floor":7,"gold_loss":0},{"damage_healed":0,"gold_gain":0,"player_choice":"Ignored","damage_taken":0,"max_hp_gain":0,"max_hp_loss":0,"event_name":"Liars Game","floor":14,"gold_loss":0},{"damage_healed":0,"gold_gain":0,"player_choice":"Obtained Relic","damage_taken":0,"relics_obtained":["Omamori"],"max_hp_gain":0,"max_hp_loss":0,"event_name":"Addict","floor":19,"gold_loss":85},{"damage_healed":0,"gold_gain":0,"player_choice":"Upgraded","damage_taken":0,"max_hp_gain":0,"max_hp_loss":0,"event_name":"Upgrade Shrine","floor":20,"gold_loss":0,"cards_upgraded":["Offering"]},{"damage_healed":0,"gold_gain":0,"player_choice":"Memory 3","damage_taken":10,"max_hp_gain":0,"max_hp_loss":0,"event_name":"SensoryStone","floor":36,"gold_loss":0},{"damage_healed":0,"gold_gain":0,"player_choice":"Fight","damage_taken":0,"max_hp_gain":0,"max_hp_loss":0,"event_name":"Mysterious Sphere","floor":42,"gold_loss":0},{"damage_healed":0,"gold_gain":0,"player_choice":"Fight","damage_taken":0,"max_hp_gain":0,"max_hp_loss":0,"event_name":"MindBloom","floor":45,"gold_loss":0}],"is_beta":true,"boss_relics":[{"not_picked":["Black Star","SacredBark"],"picked":"Coffee Dripper"},{"not_picked":["Fusion Hammer","Cursed Key"],"picked":"Snecko Eye"}],"items_purged_floors":[37,48],"is_endless":false,"potions_floor_spawned":[1,2,8,10,18,22,30,35,39],"ascension_level":20}