{"gold_per_floor":[114,39,39,54,54,88,88,98,98,18,18,36,36,70,70,70],"floor_reached":16,"playtime":1173,"items_purged":["Defend_B","Defend_B"],"score":130,"play_id":"db852b3f-1b1d-4694-828f-b6e5d4a8e2d1","local_time":"20180831231625","is_ascension_mode":true,"campfire_choices":[{"floor":7,"key":"REST"},{"data":"Zap","floor":11,"key":"SMITH"},{"floor":13,"key":"REST"},{"data":"Reinforced Body","floor":15,"key":"SMITH"}],"neow_cost":"NONE","seed_source_timestamp":1471488629756134,"circlet_count":0,"master_deck":["Strike_B","Strike_B+1","Strike_B","Strike_B+1","Defend_B","Defend_B","Zap+1","Dualcast","Reboot","Sunder","Reinforced Body+1","Cold Snap","Self Repair"],"relics":["Cracked Core","Happy Flower","Blood Vial","The Courier","Gremlin Horn"],"potions_floor_usage":[6,12],"damage_taken":[{"damage":8,"enemies":"Small Slimes","floor":1,"turns":3},{"damage":2,"enemies":"Jaw Worm","floor":4,"turns":3},{"damage":44,"enemies":"Lagavulin","floor":6,"turns":7},{"damage":0,"enemies":"Cultist","floor":8,"turns":3},{"damage":7,"enemies":"2 Fungi Beasts","floor":12,"turns":2},{"damage":16,"enemies":"Gremlin Nob","floor":14,"turns":3},{"damage":38,"enemies":"The Guardian","floor":16,"turns":5}],"seed_played":"-5469045774684522194","potions_obtained":[{"floor":1,"key":"Swift Potion"},{"floor":6,"key":"Poison Potion"}],"is_trial":false,"path_per_floor":["M","$","?","M","T","E","R","M","T","$","R","M","R","E","R"],"character_chosen":"DEFECT","items_purchased":[],"campfire_rested":2,"item_purchase_floors":[],"current_hp_per_floor":[67,67,52,50,50,6,28,30,30,30,30,25,47,33,33,0],"gold":70,"neow_bonus":"ONE_RANDOM_RARE_CARD","is_prod":false,"is_daily":false,"chose_seed":false,"campfire_upgraded":2,"win_rate":0,"timestamp":1535775385,"path_taken":["M","$","?","M","?","E","R","M","T","$","R","?","R","E","R","BOSS"],"build_version":"2018-08-30","purchased_purges":2,"victory":false,"max_hp_per_floor":[75,75,75,75,75,75,75,75,75,75,75,75,75,75,75,75],"card_choices":[{"not_picked":["Loop","Heatsinks"],"picked":"Sunder","floor":1},{"not_picked":["Sweeping Beam","Static Discharge","Tempest"],"picked":"SKIP","floor":4},{"not_picked":["Doom and Gloom","Gash"],"picked":"Reinforced Body","floor":6},{"not_picked":["Barrage","Stack"],"picked":"Cold Snap","floor":8},{"not_picked":["Leap","Chaos","Redo"],"picked":"SKIP","floor":12},{"not_picked":["Machine Learning","Steam"],"picked":"Self Repair","floor":14}],"player_experience":373378,"relics_obtained":[{"floor":5,"key":"Happy Flower"},{"floor":6,"key":"Blood Vial"},{"floor":9,"key":"The Courier"},{"floor":14,"key":"Gremlin Horn"}],"event_choices":[{"event_name":"Shining Light","player_choice":"Entered Light","floor":3,"damage_taken":0}],"is_beta":false,"boss_relics":[],"items_purged_floors":[2,10],"is_endless":false,"potions_floor_spawned":[1,6],"killed_by":"The Guardian","ascension_level":4}