{"gold_per_floor":[110,130,80,80,80,124,124,149,149,99,113,113,113,132,132,258,258,283,214,214,132,145,179,179,212,212,23,23,23,23,33,33,33],"floor_reached":33,"playtime":1572,"items_purged":[],"score":351,"play_id":"676c861d-f8c7-43e7-8708-0c40d1dfc655","local_time":"20190718124840","is_ascension_mode":true,"campfire_choices":[{"data":"Whirlwind","floor":7,"key":"SMITH"},{"data":"Perfected Strike","floor":13,"key":"SMITH"},{"data":"Flame Barrier","floor":15,"key":"SMITH"},{"data":"Rage","floor":24,"key":"SMITH"},{"data":"Barricade","floor":28,"key":"SMITH"},{"data":"Perfected Strike","floor":30,"key":"SMITH"},{"data":"Shockwave","floor":32,"key":"SMITH"}],"neow_cost":"TEN_PERCENT_HP_LOSS","seed_source_timestamp":610361689413,"circlet_count":0,"master_deck":["Strike_R","Strike_R","Strike_R","Strike_R","Defend_R","Defend_R","Defend_R","Defend_R","Bash","Whirlwind+1","Flex","Injury","Pommel Strike","Iron Wave","Perfected Strike+1","Pummel","Pommel Strike","Flame Barrier+1","Feed","Pommel Strike","Armaments","Shockwave+1","Bandage Up","Deep Breath","Rage+1","Wild Strike","Body Slam+1","Twin Strike+1","Barricade+1","Perfected Strike+1","Wild Strike"],"relics":["Burning Blood","Prayer Wheel","Shuriken","Pantograph","Art of War","Eternal Feather","Strawberry","Calipers","Omamori","Nloth\u0027s Gift"],"potions_floor_usage":[23,25,25,25],"damage_taken":[{"damage":4,"enemies":"Jaw Worm","floor":1,"turns":4},{"damage":8,"enemies":"2 Louse","floor":2,"turns":3},{"damage":50,"enemies":"3 Sentries","floor":6,"turns":5},{"damage":1,"enemies":"Cultist","floor":8,"turns":3},{"damage":2,"enemies":"3 Louse","floor":11,"turns":2},{"damage":1,"enemies":"Exordium Thugs","floor":14,"turns":3},{"damage":29,"enemies":"Hexaghost","floor":16,"turns":9},{"damage":13,"enemies":"3 Byrds","floor":18,"turns":4},{"damage":6,"enemies":"Chosen","floor":22,"turns":4},{"damage":23,"enemies":"Gremlin Leader","floor":23,"turns":6},{"damage":44,"enemies":"Book of Stabbing","floor":25,"turns":6},{"damage":18,"enemies":"Sentry and Sphere","floor":31,"turns":4},{"damage":110,"enemies":"Automaton","floor":33,"turns":6}],"seed_played":"-5796363830480923074","potions_obtained":[{"floor":1,"key":"BloodPotion"},{"floor":2,"key":"SteroidPotion"},{"floor":6,"key":"Dexterity Potion"},{"floor":11,"key":"Weak Potion"},{"floor":23,"key":"GamblersBrew"},{"floor":31,"key":"Ancient Potion"}],"is_trial":false,"path_per_floor":["M","M","?","$","?","E","R","M","T","$","M","?","R","M","R","B",null,"M","$","?","$","M","E","R","E","T","$","R","?","R","M","R","B"],"character_chosen":"IRONCLAD","items_purchased":["Perfected Strike","Shockwave","Rage","Barricade","Perfected Strike"],"campfire_rested":0,"item_purchase_floors":[10,19,21,27,27],"current_hp_per_floor":[72,70,70,70,70,26,26,31,31,31,35,23,23,28,28,30,62,55,55,34,34,34,28,43,31,31,31,49,49,67,55,73,0],"gold":33,"neow_bonus":"ONE_RARE_RELIC","is_prod":false,"is_daily":false,"chose_seed":false,"campfire_upgraded":7,"win_rate":0,"timestamp":1563446920,"path_taken":["M","M","?","$","?","E","R","M","T","?","M","?","R","M","R","BOSS","M","$","?","$","M","E","R","E","T","?","R","?","R","?","R","BOSS"],"build_version":"2019-07-17","purchased_purges":0,"victory":false,"max_hp_per_floor":[72,72,72,72,72,72,72,72,72,72,72,72,72,72,72,72,72,72,72,72,72,72,79,79,82,82,82,82,82,82,82,82,82],"card_choices":[{"not_picked":["Infernal Blade","Thunderclap","True Grit"],"picked":"SKIP","floor":1},{"not_picked":["Blood for Blood","Anger","Heavy Blade"],"picked":"SKIP","floor":1},{"not_picked":["Dual Wield","Iron Wave"],"picked":"Whirlwind","floor":2},{"not_picked":["Seeing Red","Thunderclap"],"picked":"Flex","floor":2},{"not_picked":["Havoc","Clothesline"],"picked":"Pommel Strike","floor":6},{"not_picked":["Twin Strike","Warcry"],"picked":"Iron Wave","floor":8},{"not_picked":["Thunderclap","Clothesline","Seeing Red"],"picked":"SKIP","floor":8},{"not_picked":["Inflame","Fire Breathing"],"picked":"Pummel","floor":11},{"not_picked":["True Grit","Infernal Blade","Clothesline"],"picked":"SKIP","floor":11},{"not_picked":["Flex","Seeing Red"],"picked":"Pommel Strike","floor":14},{"not_picked":["Intimidate","Bludgeon"],"picked":"Flame Barrier","floor":14},{"not_picked":["Impervious","Berserk"],"picked":"Feed","floor":16},{"not_picked":["True Grit+1","Anger"],"picked":"Pommel Strike","floor":18},{"not_picked":["Flex","Body Slam"],"picked":"Armaments","floor":18},{"not_picked":["Impervious","Dual Wield+1"],"picked":"Wild Strike","floor":22},{"not_picked":["Rampage","Dual Wield"],"picked":"Body Slam+1","floor":22},{"not_picked":["Sever Soul","Clash","Reckless Charge"],"picked":"SKIP","floor":23},{"not_picked":["Armaments","Uppercut"],"picked":"Twin Strike+1","floor":25},{"not_picked":["Rage","Spot Weakness+1"],"picked":"Wild Strike","floor":31},{"not_picked":["Bloodletting","Offering","Thunderclap"],"picked":"SKIP","floor":31}],"player_experience":275619,"relics_obtained":[{"floor":6,"key":"Shuriken"},{"floor":9,"key":"Pantograph"},{"floor":23,"key":"Strawberry"},{"floor":25,"key":"Calipers"},{"floor":26,"key":"Omamori"}],"event_choices":[{"cards_removed":["Strike_R"],"damage_healed":0,"gold_gain":0,"player_choice":"Card Removal","damage_taken":0,"max_hp_gain":0,"max_hp_loss":0,"event_name":"The Cleric","floor":3,"gold_loss":50},{"damage_healed":0,"gold_gain":0,"player_choice":"Take Wound","damage_taken":0,"relics_obtained":["Golden Idol"],"max_hp_gain":0,"max_hp_loss":0,"event_name":"Golden Idol","floor":5,"gold_loss":0,"cards_obtained":["Injury"]},{"damage_healed":0,"gold_gain":0,"player_choice":"Success","damage_taken":12,"relics_obtained":["Art of War"],"max_hp_gain":0,"max_hp_loss":0,"event_name":"Scrap Ooze","floor":12,"gold_loss":0},{"damage_healed":0,"gold_gain":0,"player_choice":"CARD CARD ","damage_taken":21,"max_hp_gain":0,"max_hp_loss":0,"event_name":"Knowing Skull","floor":20,"potions_obtained":[],"gold_loss":0,"cards_obtained":["Bandage Up","Deep Breath"]},{"damage_healed":0,"gold_gain":0,"player_choice":"Traded Relic","damage_taken":0,"relics_obtained":["Nloth\u0027s Gift"],"max_hp_gain":0,"max_hp_loss":0,"event_name":"N\u0027loth","floor":29,"relics_lost":["Golden Idol"],"gold_loss":0}],"is_beta":false,"boss_relics":[{"not_picked":["Tiny House","Velvet Choker"],"picked":"Eternal Feather"}],"items_purged_floors":[],"is_endless":false,"potions_floor_spawned":[1,2,6,11,16,23,31],"killed_by":"Automaton","ascension_level":5}