{"gold_per_floor":[116,116,15,15,35,35,50,91,91,116,116,20,20,55,55,181,181,202,202,202,8,26,26,70,70,70,70,91,0,0,18,18,18],"floor_reached":33,"playtime":1174,"items_purged":["Injury","Strike_R"],"score":403,"play_id":"528be5df-dfe5-4dcb-b52f-d91aef9d3953","local_time":"20190926212146","is_ascension_mode":true,"campfire_choices":[{"data":"Uppercut","floor":6,"key":"SMITH"},{"data":"Body Slam","floor":15,"key":"SMITH"},{"data":"Limit Break","floor":23,"key":"SMITH"},{"data":"Armaments","floor":27,"key":"SMITH"},{"data":"Flex","floor":30,"key":"SMITH"},{"data":"RitualDagger","floor":32,"key":"SMITH"}],"neow_cost":"NONE","seed_source_timestamp":38437607817400,"circlet_count":0,"master_deck":["Strike_R","Strike_R","Strike_R","Strike_R","Defend_R","Defend_R","Defend_R","Bash","Shrug It Off","Uppercut+1","Shrug It Off","Body Slam+1","Shrug It Off","Shrug It Off","Limit Break+1","RitualDagger+1","Flex+1","Armaments+1"],"relics":["Burning Blood","NeowsBlessing","Golden Idol","Mercury Hourglass","Blood Vial","Ornamental Fan","Juzu Bracelet","Odd Mushroom","Busted Crown","FaceOfCleric","Bag of Marbles","Kunai"],"potions_floor_usage":[33],"damage_taken":[{"damage":0,"enemies":"2 Louse","floor":1,"turns":1},{"damage":0,"enemies":"Jaw Worm","floor":5,"turns":1},{"damage":0,"enemies":"Cultist","floor":7,"turns":1},{"damage":14,"enemies":"Gremlin Nob","floor":8,"turns":4},{"damage":11,"enemies":"2 Fungi Beasts","floor":10,"turns":3},{"damage":14,"enemies":"The Mushroom Lair","floor":14,"turns":5},{"damage":29,"enemies":"Hexaghost","floor":16,"turns":12},{"damage":2,"enemies":"3 Byrds","floor":18,"turns":6},{"damage":11,"enemies":"Chosen","floor":22,"turns":5},{"damage":24,"enemies":"Slavers","floor":24,"turns":7},{"damage":11,"enemies":"Shelled Parasite and Fungi","floor":28,"turns":6},{"damage":15,"enemies":"Chosen and Byrds","floor":31,"turns":7},{"damage":35,"enemies":"Collector","floor":33,"turns":6}],"seed_played":"-573298968332295227","potions_obtained":[{"floor":1,"key":"SkillPotion"},{"floor":22,"key":"Energy Potion"},{"floor":28,"key":"Explosive Potion"}],"is_trial":false,"path_per_floor":["M","?","$","?","M","R","M","E","T","M","T","$","?","?","R","B",null,"M","?","?","$","M","R","E","?","T","R","M","?","R","M","R","B"],"character_chosen":"IRONCLAD","items_purchased":["Shrug It Off","Body Slam","Shrug It Off","Flex","Armaments"],"campfire_rested":0,"item_purchase_floors":[3,12,12,21,21],"current_hp_per_floor":[78,78,78,53,59,59,65,57,57,54,54,54,47,41,41,20,65,71,71,65,65,63,63,48,48,48,48,46,46,46,40,40,7],"gold":18,"neow_bonus":"THREE_ENEMY_KILL","is_prod":false,"is_daily":false,"chose_seed":false,"campfire_upgraded":6,"win_rate":0,"timestamp":1569525706,"path_taken":["M","?","?","?","M","R","?","E","T","M","?","$","?","?","R","BOSS","M","?","?","$","M","R","E","?","T","R","M","?","R","M","R","BOSS"],"build_version":"2019-07-17","purchased_purges":2,"victory":false,"max_hp_per_floor":[80,80,80,80,80,80,80,80,80,80,80,80,80,80,80,80,80,80,80,80,80,81,81,82,82,82,82,83,83,83,84,84,84],"card_choices":[{"not_picked":["Blood for Blood","Twin Strike","Heavy Blade"],"picked":"SKIP","floor":1},{"not_picked":["Dual Wield","Wild Strike"],"picked":"Uppercut","floor":5},{"not_picked":["Perfected Strike","Clothesline","Twin Strike"],"picked":"SKIP","floor":7},{"not_picked":["Impervious","Fire Breathing","Clothesline"],"picked":"SKIP","floor":8},{"not_picked":["Wild Strike","Iron Wave"],"picked":"Shrug It Off","floor":10},{"not_picked":["Heavy Blade","Wild Strike"],"picked":"Shrug It Off","floor":14},{"not_picked":["Brutality","Impervious"],"picked":"Limit Break","floor":16},{"not_picked":["Thunderclap"],"picked":"SKIP","floor":18},{"not_picked":["Sword Boomerang"],"picked":"SKIP","floor":22},{"not_picked":["Feel No Pain"],"picked":"SKIP","floor":24},{"not_picked":["Carnage"],"picked":"SKIP","floor":28},{"not_picked":["Searing Blow"],"picked":"SKIP","floor":31}],"player_experience":397716,"relics_obtained":[{"floor":8,"key":"Blood Vial"},{"floor":9,"key":"Ornamental Fan"},{"floor":11,"key":"Juzu Bracelet"},{"floor":14,"key":"Odd Mushroom"},{"floor":24,"key":"Bag of Marbles"},{"floor":26,"key":"Kunai"}],"event_choices":[{"damage_healed":0,"gold_gain":0,"player_choice":"Take Wound","damage_taken":0,"relics_obtained":["Golden Idol"],"max_hp_gain":0,"max_hp_loss":0,"event_name":"Golden Idol","floor":2,"gold_loss":0,"cards_obtained":["Injury"]},{"damage_healed":0,"gold_gain":0,"player_choice":"Success","damage_taken":25,"relics_obtained":["Mercury Hourglass"],"max_hp_gain":0,"max_hp_loss":0,"event_name":"Scrap Ooze","floor":4,"gold_loss":0},{"cards_removed":["Defend_R"],"damage_healed":0,"gold_gain":0,"player_choice":"Card Removal","damage_taken":7,"max_hp_gain":0,"max_hp_loss":0,"event_name":"Golden Wing","floor":13,"gold_loss":0},{"damage_healed":0,"gold_gain":0,"player_choice":"Fought Mushrooms","damage_taken":0,"max_hp_gain":0,"max_hp_loss":0,"event_name":"Mushrooms","floor":14,"gold_loss":0},{"damage_healed":0,"gold_gain":0,"player_choice":"Trade","damage_taken":0,"relics_obtained":["FaceOfCleric"],"max_hp_gain":0,"max_hp_loss":0,"event_name":"FaceTrader","floor":19,"gold_loss":0},{"damage_healed":0,"gold_gain":0,"player_choice":"Joined the Cult","damage_taken":6,"max_hp_gain":0,"max_hp_loss":0,"event_name":"Nest","floor":20,"gold_loss":0,"cards_obtained":["RitualDagger"]},{"damage_healed":0,"gold_gain":0,"player_choice":"Ignored","damage_taken":0,"max_hp_gain":0,"max_hp_loss":0,"event_name":"Ghosts","floor":25,"gold_loss":0},{"damage_healed":0,"gold_gain":0,"player_choice":"Paid Fearfully","damage_taken":0,"max_hp_gain":0,"max_hp_loss":0,"event_name":"Masked Bandits","floor":29,"gold_loss":91}],"is_beta":false,"boss_relics":[{"not_picked":["Runic Dome","White Beast Statue"],"picked":"Busted Crown"}],"items_purged_floors":[3,21],"is_endless":false,"potions_floor_spawned":[1,22,28],"killed_by":"Collector","ascension_level":9}