{"gold_per_floor":[111,111,111,36,59,59,99,99,124,49,69,143,168,68,68,161,161,186,61,61,61,61,101,131,123,158,195,231,243,289,111,111,200,200,213,213,213,51,72,72,90,105,105,123,248,248,287,112,112,112],"floor_reached":51,"playtime":1651,"items_purged":["Defend_P","Strike_P","Defend_P","Defend_P","Defend_P"],"score":1444,"play_id":"4cc1baf6-1035-4fe6-b24f-f266db8584da","local_time":"20190923181715","is_ascension_mode":true,"campfire_choices":[{"data":"Eruption","floor":6.0,"key":"SMITH"},{"data":"Vigilance","floor":8.0,"key":"SMITH"},{"data":"CleanseEvil","floor":15.0,"key":"SMITH"},{"data":"Ghostly","floor":29.0,"key":"SMITH"},{"data":"Ghostly","floor":32.0,"key":"SMITH"},{"data":"Ghostly","floor":40.0,"key":"SMITH"},{"data":"SandsOfTime","floor":49,"key":"SMITH"}],"neow_cost":"NONE","seed_source_timestamp":50357671635400,"circlet_count":0,"master_deck":["AscendersBane","Strike_P+1","Strike_P+1","Eruption+1","Vigilance+1","CleanseEvil+1","SandsOfTime+1","Vault","Halt","Ghostly+1","Ghostly+1","Ghostly+1","Devotion+1","Devotion","Vault"],"special_seed":0,"relics":["PureWater","NeowsBlessing","Golden Idol","Pantograph","Whetstone","Bronze Scales","Centennial Puzzle","Runic Pyramid","MawBank","Vajra","Red Mask","Busted Crown","CultistMask","TheAbacus","Yang","TungstenRod","Boot"],"potions_floor_usage":[50,50],"damage_taken":[{"damage":0.0,"enemies":"Jaw Worm","floor":1.0,"turns":1.0},{"damage":0.0,"enemies":"Small Slimes","floor":5.0,"turns":1.0},{"damage":0.0,"enemies":"Lagavulin","floor":7.0,"turns":1.0},{"damage":0.0,"enemies":"2 Louse","floor":11.0,"turns":2.0},{"damage":0.0,"enemies":"3 Sentries","floor":12.0,"turns":4.0},{"damage":20.0,"enemies":"The Guardian","floor":16.0,"turns":10.0},{"damage":7.0,"enemies":"3 Byrds","floor":18.0,"turns":3.0},{"damage":3.0,"enemies":"Book of Stabbing","floor":23.0,"turns":5.0},{"damage":5.0,"enemies":"2 Thieves","floor":24.0,"turns":4.0},{"damage":4.0,"enemies":"Snake Plant","floor":27.0,"turns":4.0},{"damage":0.0,"enemies":"Chosen and Byrds","floor":28.0,"turns":6.0},{"damage":12.0,"enemies":"Masked Bandits","floor":30.0,"turns":5.0},{"damage":13.0,"enemies":"Collector","floor":33.0,"turns":5.0},{"damage":2.0,"enemies":"3 Shapes","floor":35.0,"turns":3.0},{"damage":4.0,"enemies":"3 Darklings","floor":39.0,"turns":4.0},{"damage":1.0,"enemies":"Sphere and 2 Shapes","floor":41.0,"turns":4.0},{"damage":0.0,"enemies":"Spire Growth","floor":42.0,"turns":5.0},{"damage":0,"enemies":"Writhing Mass","floor":44,"turns":6},{"damage":0,"enemies":"Mind Bloom Boss Battle","floor":45,"turns":4},{"damage":0,"enemies":"Reptomancer","floor":47,"turns":5},{"damage":5,"enemies":"Time Eater","floor":50,"turns":9}],"seed_played":"3050558770447575298","potions_obtained":[{"floor":1.0,"key":"BottledMiracle"},{"floor":5.0,"key":"Strength Potion"},{"floor":16.0,"key":"Fire Potion"},{"floor":18.0,"key":"SteroidPotion"},{"floor":24.0,"key":"PowerPotion"},{"floor":25.0,"key":"FearPotion"},{"floor":35.0,"key":"Explosive Potion"},{"floor":39.0,"key":"EssenceOfSteel"},{"floor":41.0,"key":"DuplicationPotion"}],"is_trial":false,"path_per_floor":["M","?","?","$","M","R","E","R","T","?","M","?","T","$","R","B",null,"M","$","?","$","?","E","M","?","T","M","M","R","?","$","R","B",null,"M","$","?","$","M","R","M","M","T","M","?","?","E","$","R","B",null],"character_chosen":"WATCHER","items_purchased":["Devotion","TheAbacus"],"campfire_rested":0,"item_purchase_floors":[31,38],"current_hp_per_floor":[55,60,37,37,37,37,37,37,37,37,37,37,37,37,37,42,60,53,53,66,66,33,30,25,25,25,21,21,21,9,9,9,20,30,28,28,28,28,24,24,23,23,23,23,33,33,33,33,33,28],"gold":112,"neow_bonus":"THREE_ENEMY_KILL","is_prod":false,"is_daily":false,"chose_seed":false,"campfire_upgraded":7,"win_rate":0,"timestamp":1569237435,"path_taken":["M","?","?","$","M","R","E","R","T","?","?","?","?","?","R","BOSS","M","$","?","$","?","E","M","?","T","M","?","R","?","?","R","BOSS","M","$","?","$","M","R","M","?","T","?","?","?","E","?","R","BOSS"],"build_version":"2019-09-20","purchased_purges":5,"victory":true,"max_hp_per_floor":[61,66,66,66,66,66,66,66,66,66,66,66,66,66,66,66,66,66,66,66,66,33,33,33,33,33,33,33,33,33,33,33,33,33,33,33,33,33,33,33,33,33,33,33,33,33,33,33,33,33],"card_choices":[{"not_picked":["Perseverance","ThirdEye","Scrawl"],"picked":"SKIP","floor":1.0},{"not_picked":["EmptyBody","Sanctity","SashWhip"],"picked":"SKIP","floor":5.0},{"not_picked":["FlowState","ClearTheMind","Worship"],"picked":"SKIP","floor":7.0},{"not_picked":["FollowUp","InnerPeace"],"picked":"CleanseEvil","floor":11.0},{"not_picked":["FlyingSleeves","Alpha"],"picked":"SandsOfTime","floor":12.0},{"not_picked":["Metaphysics","MasterReality"],"picked":"Vault","floor":16.0},{"not_picked":["Sanctity","DeceiveReality"],"picked":"Halt","floor":18.0},{"not_picked":["Protect","FollowUp","Vengeance"],"picked":"SKIP","floor":23.0},{"not_picked":["WindmillStrike","Conclude","SashWhip"],"picked":"SKIP","floor":24.0},{"not_picked":["WindmillStrike","ThirdEye"],"picked":"Devotion+1","floor":27.0},{"not_picked":["Consecrate","BattleHymn","CarveReality"],"picked":"SKIP","floor":28.0},{"not_picked":["Brilliance","Metaphysics"],"picked":"Vault","floor":33.0},{"not_picked":["DeceiveReality"],"picked":"SKIP","floor":35.0},{"not_picked":["FlyingSleeves"],"picked":"SKIP","floor":39.0},{"not_picked":["SashWhip"],"picked":"SKIP","floor":41.0},{"not_picked":["FollowUp"],"picked":"SKIP","floor":42.0},{"not_picked":["ClearTheMind"],"picked":"SKIP","floor":44},{"not_picked":["WreathOfFlame"],"picked":"SKIP","floor":47}],"player_experience":1136705,"relics_obtained":[{"floor":7.0,"key":"Pantograph"},{"floor":9.0,"key":"Whetstone"},{"floor":12.0,"key":"Bronze Scales"},{"floor":13.0,"key":"Centennial Puzzle"},{"floor":23.0,"key":"MawBank"},{"floor":26.0,"key":"Vajra"},{"floor":30.0,"key":"Red Mask"},{"floor":43.0,"key":"Yang"},{"floor":45,"key":"TungstenRod"},{"floor":47,"key":"Boot"}],"event_choices":[{"damage_healed":0.0,"max_hp_gain":5.0,"max_hp_loss":0.0,"gold_gain":0.0,"event_name":"Big Fish","player_choice":"Donut","floor":2.0,"gold_loss":0.0,"damage_taken":0.0},{"damage_healed":0.0,"max_hp_gain":0.0,"max_hp_loss":0.0,"gold_gain":0.0,"event_name":"Golden Idol","player_choice":"Take Damage","floor":3.0,"gold_loss":0.0,"damage_taken":23.0,"relics_obtained":["Golden Idol"]},{"cards_removed":["Strike_P"],"damage_healed":0.0,"max_hp_gain":0.0,"max_hp_loss":0.0,"gold_gain":0.0,"event_name":"The Cleric","player_choice":"Card Removal","floor":10.0,"gold_loss":75.0,"damage_taken":0.0},{"damage_healed":0.0,"max_hp_gain":0.0,"max_hp_loss":0.0,"gold_gain":30.0,"event_name":"Dead Adventurer","player_choice":"Searched \u00272\u0027 times","floor":12.0,"gold_loss":0.0,"damage_taken":0.0},{"damage_healed":13.0,"max_hp_gain":0.0,"max_hp_loss":0.0,"gold_gain":0.0,"event_name":"The Library","player_choice":"Heal","floor":20.0,"gold_loss":0.0,"damage_taken":0.0},{"damage_healed":0.0,"max_hp_gain":0.0,"max_hp_loss":33.0,"gold_gain":0.0,"event_name":"Ghosts","player_choice":"Became a Ghost","floor":22.0,"gold_loss":0.0,"damage_taken":0.0,"cards_obtained":["Ghostly","Ghostly","Ghostly"]},{"damage_healed":0.0,"max_hp_gain":0.0,"max_hp_loss":0.0,"gold_gain":0.0,"event_name":"The Woman in Blue","player_choice":"Bought 1 Potion","floor":25.0,"gold_loss":0.0,"damage_taken":0.0},{"damage_healed":0.0,"max_hp_gain":0.0,"max_hp_loss":0.0,"gold_gain":0.0,"event_name":"Masked Bandits","player_choice":"Fought Bandits","floor":30.0,"gold_loss":0.0,"damage_taken":0.0},{"damage_healed":0.0,"max_hp_gain":0.0,"max_hp_loss":0.0,"gold_gain":0.0,"event_name":"FaceTrader","player_choice":"Trade","floor":37.0,"gold_loss":0.0,"damage_taken":0.0,"relics_obtained":["CultistMask"]},{"damage_healed":0,"gold_gain":0,"player_choice":"Fight","damage_taken":0,"max_hp_gain":0,"max_hp_loss":0,"event_name":"MindBloom","floor":45,"gold_loss":0},{"damage_healed":0,"gold_gain":0,"player_choice":"Memory 1","damage_taken":0,"max_hp_gain":0,"max_hp_loss":0,"event_name":"SensoryStone","floor":46,"gold_loss":0}],"is_beta":true,"boss_relics":[{"not_picked":["HolyWater","Runic Dome"],"picked":"Runic Pyramid"},{"not_picked":["Tiny House","Velvet Choker"],"picked":"Busted Crown"}],"items_purged_floors":[4,14,19,31,48],"is_endless":false,"potions_floor_spawned":[1,5,16,18,24,30,35,39,41],"ascension_level":19}