{"gold_per_floor":[117,117,127,127,52,87,87,112,112,137,147,165,165,196,196,268,268,282,306,87,107,117,145,145,145,145,45,79,79,95,111,111,189,189,209,209,209,224,174,174,199,199,199,215,241,254,326,354,354,354,354,354,354,73,104,104],"floor_reached":57,"playtime":3457,"items_purged":["Strike_G","Strike_G","Strike_G","Strike_G+1"],"score":3087,"play_id":"a6d698a1-0fc1-4f82-b7a9-660779748bbb","local_time":"20190929115235","is_ascension_mode":true,"campfire_choices":[{"data":"Corpse Explosion","floor":7,"key":"SMITH"},{"floor":13,"key":"REST"},{"data":"Crippling Poison","floor":15,"key":"SMITH"},{"data":"Wraith Form v2","floor":24,"key":"SMITH"},{"data":"Deadly Poison","floor":29,"key":"SMITH"},{"data":"Crippling Poison","floor":32,"key":"SMITH"},{"data":"Backstab","floor":40,"key":"SMITH"},{"floor":49,"key":"RECALL"},{"data":"After Image","floor":53,"key":"SMITH"}],"neow_cost":"NONE","seed_source_timestamp":58693542006300,"circlet_count":0,"master_deck":["AscendersBane","Defend_G","Defend_G+1","Defend_G","Defend_G","Defend_G","Survivor","Neutralize+1","Dash","Noxious Fumes+1","Corpse Explosion+1","Quick Slash","Crippling Poison+1","Deadly Poison+1","Backstab+1","Wraith Form v2+1","PiercingWail+1","Backstab","Crippling Poison+1","After Image+1","Footwork+1","Dark Shackles","Backflip+1","Noxious Fumes","Backstab","Backflip+1","Adrenaline","Backflip"],"relics":["Ring of the Snake","NeowsBlessing","Blue Candle","Ninja Scroll","Whetstone","Art of War","Centennial Puzzle","Pen Nib","Sozu","Bag of Marbles","TwistedFunnel","Orichalcum","MutagenicStrength","Blood Vial","Smiling Mask","Runic Pyramid","Happy Flower","Mercury Hourglass","Frozen Egg 2","Pocketwatch","War Paint"],"potions_floor_usage":[8,14,56,56],"damage_taken":[{"damage":0,"enemies":"Small Slimes","floor":1,"turns":1},{"damage":0,"enemies":"Cultist","floor":3,"turns":1},{"damage":0,"enemies":"Lagavulin","floor":6,"turns":2},{"damage":18,"enemies":"Gremlin Nob","floor":8,"turns":4},{"damage":10,"enemies":"Lagavulin","floor":10,"turns":5},{"damage":0,"enemies":"2 Louse","floor":11,"turns":1},{"damage":5,"enemies":"Red Slaver","floor":12,"turns":3},{"damage":22,"enemies":"Gremlin Nob","floor":14,"turns":4},{"damage":7,"enemies":"The Guardian","floor":16,"turns":9},{"damage":0,"enemies":"Chosen","floor":18,"turns":3},{"damage":8,"enemies":"Spheric Guardian","floor":21,"turns":3},{"damage":8,"enemies":"Snecko","floor":22,"turns":3},{"damage":0,"enemies":"Slavers","floor":23,"turns":4},{"damage":0,"enemies":"Book of Stabbing","floor":28,"turns":3},{"damage":0,"enemies":"Chosen and Byrds","floor":30,"turns":1},{"damage":0,"enemies":"Snake Plant","floor":31,"turns":2},{"damage":8,"enemies":"Automaton","floor":33,"turns":7},{"damage":0,"enemies":"3 Darklings","floor":35,"turns":4},{"damage":0,"enemies":"Orb Walker","floor":38,"turns":1},{"damage":0,"enemies":"Reptomancer","floor":41,"turns":4},{"damage":0,"enemies":"Maw","floor":44,"turns":6},{"damage":3,"enemies":"Nemesis","floor":45,"turns":5},{"damage":0,"enemies":"3 Darklings","floor":46,"turns":2},{"damage":0,"enemies":"Reptomancer","floor":48,"turns":4},{"damage":11,"enemies":"Time Eater","floor":50,"turns":12},{"damage":27,"enemies":"Awakened One","floor":51,"turns":17},{"damage":0,"enemies":"Shield and Spear","floor":55,"turns":6},{"damage":46,"enemies":"The Heart","floor":56,"turns":13}],"seed_played":"-4904250141351521406","potions_obtained":[{"floor":1,"key":"SteroidPotion"},{"floor":6,"key":"AttackPotion"},{"floor":8,"key":"Strength Potion"},{"floor":12,"key":"Block Potion"},{"floor":16,"key":"EssenceOfSteel"}],"is_trial":false,"path_per_floor":["M","?","M","?","$","E","R","E","T","E","M","M","R","E","R","B",null,"M","T","$","M","M","E","R","?","T","$","E","R","M","M","R","B",null,"M","?","?","M","$","R","E","?","T","M","E","M","T","E","R","B","B",null,"R","$","E","B",null],"character_chosen":"THE_SILENT","items_purchased":["TwistedFunnel","Adrenaline","Backflip"],"campfire_rested":1,"item_purchase_floors":[20,54,54],"current_hp_per_floor":[59,59,59,59,59,59,59,41,41,31,31,26,45,23,23,16,54,54,54,54,46,38,38,38,38,38,38,40,40,42,44,44,38,59,61,61,51,53,53,53,55,55,55,57,56,58,58,60,60,51,26,54,54,54,56,12],"gold":104,"neow_bonus":"THREE_ENEMY_KILL","is_prod":false,"is_daily":false,"chose_seed":false,"campfire_upgraded":7,"win_rate":0,"timestamp":1569772355,"path_taken":["M","?","?","?","$","E","R","E","T","E","M","M","R","E","R","BOSS","M","?","$","M","M","E","R","?","T","$","E","R","?","?","R","BOSS","M","?","?","M","$","R","E","?","T","?","E","M","?","E","R","BOSS","BOSS","R","$","E","BOSS"],"build_version":"2019-07-17","purchased_purges":4,"victory":true,"max_hp_per_floor":[66,66,66,66,66,66,66,66,66,66,66,66,66,66,66,66,66,66,66,66,66,66,66,66,66,66,66,66,66,66,66,66,66,66,66,63,63,63,63,63,63,63,63,63,63,63,63,63,63,63,63,63,63,63,63,63],"card_choices":[{"not_picked":["Expertise","PiercingWail"],"picked":"Dash","floor":1},{"not_picked":["Expertise","Dagger Spray"],"picked":"Noxious Fumes","floor":3},{"not_picked":["Caltrops","Doppelganger"],"picked":"Corpse Explosion","floor":6},{"not_picked":["Bane","Heel Hook"],"picked":"Quick Slash","floor":8},{"not_picked":["Reflex","Noxious Fumes"],"picked":"Crippling Poison","floor":10},{"not_picked":["Quick Slash","Poisoned Stab","Dagger Spray"],"picked":"SKIP","floor":11},{"not_picked":["Underhanded Strike","Distraction"],"picked":"Deadly Poison","floor":12},{"not_picked":["Terror","Riddle With Holes"],"picked":"Backstab","floor":14},{"not_picked":["Phantasmal Killer","Glass Knife"],"picked":"Wraith Form v2","floor":16},{"not_picked":["Flying Knee+1","Predator"],"picked":"PiercingWail+1","floor":18},{"not_picked":["Bane","Heel Hook+1","Choke"],"picked":"SKIP","floor":21},{"not_picked":["Masterful Stab","Flying Knee","Cloak And Dagger"],"picked":"SKIP","floor":22},{"not_picked":["Underhanded Strike","Quick Slash"],"picked":"Backstab","floor":23},{"not_picked":["Accuracy+1","Blade Dance","Distraction"],"picked":"SKIP","floor":28},{"not_picked":["Dagger Spray","Cloak And Dagger"],"picked":"Crippling Poison","floor":30},{"not_picked":["Dodge and Roll","Blade Dance","Poisoned Stab"],"picked":"SKIP","floor":31},{"not_picked":["Unload","Grand Finale"],"picked":"After Image","floor":33},{"not_picked":["Crippling Poison","Dagger Spray+1"],"picked":"Footwork+1","floor":35},{"not_picked":["Discovery","The Bomb"],"picked":"Dark Shackles","floor":37},{"not_picked":["Poisoned Stab","Prepared"],"picked":"Backflip+1","floor":38},{"not_picked":["Tools of the Trade","Flying Knee"],"picked":"Noxious Fumes","floor":41},{"not_picked":["Predator+1","Dagger Spray","Underhanded Strike"],"picked":"SKIP","floor":44},{"not_picked":["Acrobatics","Tools of the Trade"],"picked":"Backflip","floor":45},{"not_picked":["Deadly Poison","Dagger Throw+1","Flying Knee"],"picked":"SKIP","floor":46},{"not_picked":["Slice","Predator","Flying Knee"],"picked":"SKIP","floor":48},{"not_picked":["Tools of the Trade+1","Dagger Spray","Dash"],"picked":"SKIP","floor":55}],"player_experience":1041605,"relics_obtained":[{"floor":6,"key":"Ninja Scroll"},{"floor":8,"key":"Whetstone"},{"floor":9,"key":"Art of War"},{"floor":10,"key":"Centennial Puzzle"},{"floor":14,"key":"Pen Nib"},{"floor":19,"key":"Bag of Marbles"},{"floor":23,"key":"Orichalcum"},{"floor":26,"key":"Blood Vial"},{"floor":28,"key":"Smiling Mask"},{"floor":41,"key":"Happy Flower"},{"floor":45,"key":"Mercury Hourglass"},{"floor":47,"key":"Frozen Egg 2"},{"floor":48,"key":"Pocketwatch"},{"floor":55,"key":"War Paint"}],"event_choices":[{"damage_healed":0,"gold_gain":0,"player_choice":"Gave Potion","damage_taken":0,"relics_obtained":["Blue Candle"],"max_hp_gain":0,"max_hp_loss":0,"event_name":"WeMeetAgain","floor":2,"gold_loss":0},{"damage_healed":0,"gold_gain":0,"player_choice":"Upgraded","damage_taken":0,"max_hp_gain":0,"max_hp_loss":0,"event_name":"Upgrade Shrine","floor":4,"gold_loss":0,"cards_upgraded":["Noxious Fumes"]},{"damage_healed":0,"gold_gain":0,"player_choice":"Inject Mutagens","damage_taken":0,"relics_obtained":["MutagenicStrength"],"max_hp_gain":0,"max_hp_loss":0,"event_name":"Drug Dealer","floor":25,"gold_loss":0},{"damage_healed":0,"gold_gain":0,"player_choice":"Max HP","damage_taken":0,"max_hp_gain":0,"max_hp_loss":3,"event_name":"Winding Halls","floor":36,"gold_loss":0},{"damage_healed":0,"gold_gain":0,"player_choice":"Memory 3","damage_taken":10,"max_hp_gain":0,"max_hp_loss":0,"event_name":"SensoryStone","floor":37,"gold_loss":0},{"damage_healed":0,"gold_gain":0,"cards_transformed":["Strike_G"],"player_choice":"Transformed","damage_taken":0,"max_hp_gain":0,"max_hp_loss":0,"event_name":"Transmorgrifier","floor":42,"gold_loss":0,"cards_obtained":["Backstab"]}],"is_beta":false,"boss_relics":[{"not_picked":["Black Star","Eternal Feather"],"picked":"Sozu"},{"not_picked":["Tiny House","Empty Cage"],"picked":"Runic Pyramid"}],"items_purged_floors":[5,27,39,54],"is_endless":false,"potions_floor_spawned":[1,6,8,12,16,21,22,23,30,35,38,41,46,48,55],"ascension_level":20}