{"gold_per_floor":[113,138,158,174,18,18,48,76,153,172,172,190,190,206,206,206],"floor_reached":16,"playtime":1047,"items_purged":["Strike_B"],"score":128,"play_id":"6c83935e-f3f4-471e-b6ed-b10f48ed1838","local_time":"20180908104444","is_ascension_mode":true,"campfire_choices":[{"data":"Zap","floor":6,"key":"SMITH"},{"floor":13,"key":"REST"},{"floor":15,"key":"DIG"}],"neow_cost":"","seed_source_timestamp":440355507103429,"circlet_count":0,"master_deck":["Strike_B","Strike_B","Strike_B","Defend_B","Defend_B","Defend_B","Defend_B","Zap+1","Dualcast","Tempest","Leap","Consume","Self Repair","Leap","Conserve Battery","Coolheaded","Machine Learning"],"relics":["Cracked Core","Boot","Odd Mushroom","Shovel","Dodecahedron","Orichalcum","Unceasing Top"],"potions_floor_usage":[8,12,16],"damage_taken":[{"damage":1,"enemies":"Cultist","floor":1,"turns":3},{"damage":0,"enemies":"Small Slimes","floor":3,"turns":3},{"damage":0,"enemies":"2 Louse","floor":4,"turns":2},{"damage":47,"enemies":"The Mushroom Lair","floor":7,"turns":5},{"damage":12,"enemies":"Lagavulin","floor":8,"turns":5},{"damage":6,"enemies":"2 Fungi Beasts","floor":10,"turns":3},{"damage":1,"enemies":"3 Louse","floor":12,"turns":5},{"damage":1,"enemies":"Exordium Wildlife","floor":14,"turns":4},{"damage":51,"enemies":"Hexaghost","floor":16,"turns":15}],"seed_played":"-8120690268847606095","potions_obtained":[{"floor":3,"key":"Poison Potion"},{"floor":4,"key":"GamblersBrew"},{"floor":8,"key":"Ancient Potion"},{"floor":10,"key":"SkillPotion"}],"is_trial":false,"path_per_floor":["M","T","M","M","$","R","?","E","T","M","?","M","R","M","R"],"character_chosen":"DEFECT","items_purchased":["Self Repair"],"campfire_rested":1,"item_purchase_floors":[5],"current_hp_per_floor":[74,74,74,74,74,74,27,15,15,16,13,19,41,47,47,0],"gold":206,"neow_bonus":"","is_prod":false,"is_daily":false,"chose_seed":false,"campfire_upgraded":1,"win_rate":0,"timestamp":1536421484,"path_taken":["M","?","M","M","$","R","?","E","T","M","?","M","R","M","R","BOSS"],"build_version":"2018-09-06","purchased_purges":1,"victory":false,"max_hp_per_floor":[75,75,75,75,75,75,75,75,75,75,75,75,75,75,75,75],"card_choices":[{"not_picked":["Compile Driver","Recycle"],"picked":"Tempest","floor":1},{"not_picked":["Compile Driver","Rebound"],"picked":"Leap","floor":3},{"not_picked":["Chill","BootSequence"],"picked":"Consume","floor":4},{"not_picked":["Streamline","Hello World"],"picked":"Leap","floor":7},{"not_picked":["Thunder Strike","Hologram"],"picked":"Conserve Battery","floor":8},{"not_picked":["Steam","Leap"],"picked":"Coolheaded","floor":10},{"not_picked":["Storm","Sweeping Beam","Barrage"],"picked":"SKIP","floor":12},{"not_picked":["Stack","Leap"],"picked":"Machine Learning","floor":14}],"player_experience":460856,"relics_obtained":[{"floor":2,"key":"Boot"},{"floor":7,"key":"Odd Mushroom"},{"floor":8,"key":"Shovel"},{"floor":9,"key":"Dodecahedron"},{"floor":15,"key":"Unceasing Top"}],"event_choices":[{"event_name":"Mushrooms","player_choice":"Fought Mushrooms","floor":7,"damage_taken":0},{"event_name":"Scrap Ooze","player_choice":"success","floor":11,"damage_taken":3}],"is_beta":false,"boss_relics":[],"items_purged_floors":[5],"is_endless":false,"potions_floor_spawned":[3,4,8,10],"killed_by":"Hexaghost","ascension_level":5}