{"gold_per_floor":[115,130,130,146,165,165,183,183,232,264,281,7,7,7,7,132,132,148,171,171,194,48,48,79,91,127,139,175,201,232,268,280,411,423,454,426,461,69,90,90,103,103,103,103],"floor_reached":44,"playtime":3180,"items_purged":["Injury"],"score":518,"play_id":"fd47e9f3-a44d-4e6a-9e6c-40da66abfdc6","local_time":"20190811185452","is_ascension_mode":true,"campfire_choices":[{"data":"Echo Form","floor":6.0,"key":"SMITH"},{"floor":8.0,"key":"REST"},{"data":"Zap","floor":15.0,"key":"SMITH"},{"floor":23.0,"key":"REST"},{"floor":25.0,"key":"REST"},{"data":"Creative AI","floor":27.0,"key":"SMITH"},{"floor":32.0,"key":"REST"},{"floor":40,"key":"REST"}],"neow_cost":"NONE","seed_source_timestamp":0,"circlet_count":0,"master_deck":["Strike_B","Strike_B+1","Strike_B","Defend_B","Defend_B","Defend_B","Defend_B","Zap+1","Dualcast","Cold Snap+1","Coolheaded","Echo Form+1","Reinforced Body","Capacitor","Ball Lightning","Capacitor","Cold Snap","Rainbow","Creative AI+1","Coolheaded+1","Defragment+1","Fusion+1","FTL","Amplify","Bandage Up","Redo","Pain"],"special_seed":0,"relics":["Cracked Core","NeowsBlessing","Regal Pillow","Meat on the Bone","Golden Idol","GremlinMask","Busted Crown","MawBank","Bag of Marbles","Whetstone","Fusion Hammer","Mango","Blood Vial"],"potions_floor_usage":[39,41,41],"damage_taken":[{"damage":0.0,"enemies":"Cultist","floor":1.0,"turns":1.0},{"damage":0.0,"enemies":"2 Louse","floor":2.0,"turns":1.0},{"damage":0.0,"enemies":"Jaw Worm","floor":4.0,"turns":1.0},{"damage":9.0,"enemies":"3 Louse","floor":5.0,"turns":4.0},{"damage":32.0,"enemies":"Exordium Thugs","floor":7.0,"turns":7.0},{"damage":28.0,"enemies":"Lagavulin","floor":10.0,"turns":9.0},{"damage":15.0,"enemies":"Lots of Slimes","floor":11.0,"turns":8.0},{"damage":15.0,"enemies":"Slime Boss","floor":16.0,"turns":10.0},{"damage":0.0,"enemies":"Chosen","floor":18.0,"turns":5.0},{"damage":13.0,"enemies":"3 Byrds","floor":19.0,"turns":3.0},{"damage":38.0,"enemies":"3 Cultists","floor":21.0,"turns":6.0},{"damage":70.0,"enemies":"Slavers","floor":24.0,"turns":6.0},{"damage":34.0,"enemies":"Centurion and Healer","floor":29.0,"turns":6.0},{"damage":25.0,"enemies":"Shelled Parasite and Fungi","floor":30.0,"turns":6.0},{"damage":1.0,"enemies":"Snecko","floor":31.0,"turns":4.0},{"damage":35.0,"enemies":"Collector","floor":33.0,"turns":12.0},{"damage":39.0,"enemies":"Orb Walker","floor":35.0,"turns":6.0},{"damage":24.0,"enemies":"3 Shapes","floor":37.0,"turns":8.0},{"damage":31,"enemies":"Writhing Mass","floor":39,"turns":11},{"damage":45,"enemies":"Transient","floor":41,"turns":5},{"damage":55,"enemies":"3 Darklings","floor":44,"turns":3}],"seed_played":"-2540421835451535153","potions_obtained":[{"floor":2.0,"key":"LiquidBronze"},{"floor":4.0,"key":"Energy Potion"},{"floor":10.0,"key":"Weak Potion"},{"floor":16.0,"key":"Dexterity Potion"},{"floor":21.0,"key":"SkillPotion"},{"floor":29.0,"key":"EssenceOfSteel"},{"floor":30.0,"key":"EssenceOfSteel"},{"floor":33.0,"key":"EssenceOfSteel"},{"floor":35.0,"key":"FearPotion"}],"is_trial":false,"path_per_floor":["M","M","?","M","M","R","M","R","T","E","M","$","?","?","R","B",null,"M","M","?","M","$","R","E","R","T","R","T","M","M","M","R","B",null,"M","?","M","$","M","R","M","?","T","M"],"character_chosen":"DEFECT","items_purchased":["Capacitor","Cold Snap","Rainbow","Defragment","Bandage Up","Mango"],"campfire_rested":5,"item_purchase_floors":[12,12,12,22,38,38],"current_hp_per_floor":[75,75,75,75,66,66,34,56,56,28,25,25,25,25,25,22,75,75,62,62,36,36,73,15,52,52,52,52,30,17,28,65,42,75,48,48,36,50,35,76,47,47,47,0],"gold":103,"neow_bonus":"THREE_ENEMY_KILL","is_prod":false,"is_daily":false,"chose_seed":false,"campfire_upgraded":3,"win_rate":0,"timestamp":1565542492,"path_taken":["M","M","?","?","?","R","M","R","T","E","M","$","?","?","R","BOSS","M","M","?","M","?","R","E","R","T","R","?","M","M","M","R","BOSS","M","?","M","$","M","R","?","?","T","?"],"build_version":"2019-07-17","purchased_purges":1,"victory":false,"max_hp_per_floor":[75,75,75,75,75,75,75,75,75,75,75,75,75,75,75,75,75,75,75,75,75,75,75,75,75,75,75,75,75,75,75,75,75,75,75,75,75,89,89,89,89,86,86,86],"card_choices":[{"not_picked":["Go for the Eyes","Turbo"],"picked":"Cold Snap","floor":1.0},{"not_picked":["Tempest","Leap"],"picked":"Coolheaded","floor":2.0},{"not_picked":["Steam","Rebound"],"picked":"Echo Form","floor":4.0},{"not_picked":["Skim","Lockon"],"picked":"Reinforced Body","floor":5.0},{"not_picked":["Auto Shields","Leap","Redo"],"picked":"SKIP","floor":7.0},{"not_picked":["Conserve Battery","Stack"],"picked":"Capacitor","floor":10.0},{"not_picked":["Lockon","Genetic Algorithm"],"picked":"Ball Lightning","floor":11.0},{"not_picked":["Core Surge","Thunder Strike"],"picked":"Creative AI","floor":16.0},{"not_picked":["Gash+1"],"picked":"SKIP","floor":18.0},{"not_picked":["Sweeping Beam"],"picked":"SKIP","floor":19.0},{"not_picked":[],"picked":"Coolheaded+1","floor":21.0},{"not_picked":["Steam Power+1"],"picked":"SKIP","floor":24.0},{"not_picked":["Streamline+1"],"picked":"SKIP","floor":29.0},{"not_picked":[],"picked":"Fusion+1","floor":30.0},{"not_picked":[],"picked":"FTL","floor":31.0},{"not_picked":[],"picked":"Amplify","floor":33.0},{"not_picked":["Rebound+1"],"picked":"SKIP","floor":35.0},{"not_picked":["Auto Shields"],"picked":"SKIP","floor":37.0},{"not_picked":[],"picked":"Redo","floor":39},{"not_picked":["Barrage+1"],"picked":"SKIP","floor":41}],"player_experience":289495,"relics_obtained":[{"floor":9.0,"key":"Regal Pillow"},{"floor":10.0,"key":"Meat on the Bone"},{"floor":24.0,"key":"MawBank"},{"floor":26.0,"key":"Bag of Marbles"},{"floor":28.0,"key":"Whetstone"},{"floor":43,"key":"Blood Vial"}],"event_choices":[{"cards_removed":["Strike_B"],"damage_healed":0.0,"max_hp_gain":0.0,"max_hp_loss":0.0,"gold_gain":0.0,"event_name":"Bonfire Elementals","player_choice":"Offered Basic","floor":3.0,"gold_loss":0.0,"damage_taken":0.0},{"damage_healed":0.0,"max_hp_gain":0.0,"max_hp_loss":0.0,"gold_gain":0.0,"event_name":"Golden Idol","player_choice":"Take Wound","floor":13.0,"gold_loss":0.0,"damage_taken":0.0,"relics_obtained":["Golden Idol"],"cards_obtained":["Injury"]},{"damage_healed":0.0,"max_hp_gain":0.0,"max_hp_loss":0.0,"gold_gain":0.0,"event_name":"FaceTrader","player_choice":"Trade","floor":14.0,"gold_loss":0.0,"damage_taken":0.0,"relics_obtained":["GremlinMask"]},{"damage_healed":0.0,"max_hp_gain":0.0,"max_hp_loss":0.0,"gold_gain":0.0,"event_name":"N\u0027loth","player_choice":"Ignored","floor":20.0,"gold_loss":0.0,"damage_taken":0.0},{"damage_healed":0.0,"max_hp_gain":0.0,"max_hp_loss":0.0,"gold_gain":0.0,"event_name":"Designer","player_choice":"Upgrade","floor":36.0,"gold_loss":40.0,"damage_taken":0.0,"cards_upgraded":["Defragment"]},{"damage_healed":0,"gold_gain":0,"cards_transformed":["Parasite"],"player_choice":"Transformed","damage_taken":0,"max_hp_gain":0,"max_hp_loss":0,"event_name":"Transmorgrifier","floor":42,"gold_loss":0,"cards_obtained":["Pain"]}],"is_beta":false,"boss_relics":[{"not_picked":["Pandora\u0027s Box","Black Star"],"picked":"Busted Crown"},{"not_picked":["Nuclear Battery","Runic Dome"],"picked":"Fusion Hammer"}],"items_purged_floors":[22],"is_endless":false,"potions_floor_spawned":[2,4,10,16,21,29,30,33,35],"killed_by":"3 Darklings","ascension_level":4}