{"gold_per_floor":[109,109,120,45,195,195,195,195,220,220,233,276,276,295,295,295],"floor_reached":16,"playtime":483,"items_purged":["Strike_G"],"score":296,"play_id":"71ece26f-fda8-432f-97ee-86303d870382","local_time":"20190420205758","is_ascension_mode":true,"campfire_choices":[{"data":"Skewer","floor":6.0,"key":"SMITH"},{"data":"Neutralize","floor":8.0,"key":"SMITH"},{"data":"After Image","floor":13,"key":"SMITH"},{"data":"Dodge and Roll","floor":15,"key":"SMITH"}],"neow_cost":"NONE","seed_source_timestamp":268746054177355,"circlet_count":0,"master_deck":["AscendersBane","Defend_G","Defend_G","Defend_G","Defend_G","Defend_G","Strike_G","Strike_G","Strike_G","Strike_G","Survivor","Neutralize+1","Phantasmal Killer+1","Skewer+1","Poisoned Stab","Doubt","Predator","After Image+1","Dodge and Roll+1"],"special_seed":0,"relics":["Ring of the Snake","Darkstone Periapt","Anchor","Golden Idol","Bag of Marbles"],"potions_floor_usage":[16],"damage_taken":[{"damage":0.0,"enemies":"2 Louse","floor":1.0,"turns":5.0},{"damage":0.0,"enemies":"Small Slimes","floor":3.0,"turns":4.0},{"damage":0.0,"enemies":"Jaw Worm","floor":11.0,"turns":2.0},{"damage":20,"enemies":"3 Sentries","floor":12,"turns":10},{"damage":6,"enemies":"Exordium Wildlife","floor":14,"turns":4},{"damage":36,"enemies":"Hexaghost","floor":16,"turns":11}],"seed_played":"2758227765827667029","potions_obtained":[{"floor":11.0,"key":"Regen Potion"},{"floor":12,"key":"Weak Potion"}],"is_trial":false,"path_per_floor":["M","?","M","$","?","R","?","R","T","?","M","E","R","M","R","B"],"character_chosen":"THE_SILENT","items_purchased":[],"campfire_rested":0,"item_purchase_floors":[],"current_hp_per_floor":[59,59,59,59,59,59,48,48,48,48,48,28,28,22,22,0],"gold":295,"neow_bonus":"ONE_RANDOM_RARE_CARD","is_prod":false,"is_daily":false,"chose_seed":false,"campfire_upgraded":4,"win_rate":0,"timestamp":1555808278,"path_taken":["M","?","M","$","?","R","?","R","T","?","M","E","R","?","R","BOSS"],"build_version":"2019-01-23","purchased_purges":1,"victory":false,"max_hp_per_floor":[66,66,66,66,66,66,66,66,66,60,60,60,60,60,60,60],"card_choices":[{"not_picked":["Poisoned Stab","Concentrate"],"picked":"Skewer","floor":1.0},{"not_picked":["Bane","Skewer"],"picked":"Poisoned Stab","floor":3.0},{"not_picked":["Terror","Accuracy"],"picked":"Predator","floor":11.0},{"not_picked":["Acrobatics","Poisoned Stab"],"picked":"After Image","floor":12},{"not_picked":["Quick Slash","Calculated Gamble"],"picked":"Dodge and Roll","floor":14}],"player_experience":738395,"relics_obtained":[{"floor":9.0,"key":"Anchor"},{"floor":12,"key":"Bag of Marbles"}],"event_choices":[{"damage_healed":0.0,"max_hp_gain":0.0,"max_hp_loss":0.0,"gold_gain":0.0,"event_name":"Living Wall","player_choice":"Grow","floor":2.0,"gold_loss":0.0,"damage_taken":0.0,"cards_upgraded":["Phantasmal Killer"]},{"damage_healed":0.0,"max_hp_gain":0.0,"max_hp_loss":0.0,"gold_gain":150.0,"event_name":"Liars Game","player_choice":"AGREE","floor":5.0,"gold_loss":0.0,"damage_taken":0.0,"cards_obtained":["Doubt"]},{"damage_healed":0.0,"max_hp_gain":0.0,"max_hp_loss":0.0,"gold_gain":0.0,"event_name":"Scrap Ooze","player_choice":"Success","floor":7.0,"gold_loss":0.0,"damage_taken":11.0,"relics_obtained":["Darkstone Periapt"]},{"damage_healed":0.0,"max_hp_gain":0.0,"max_hp_loss":6.0,"gold_gain":0.0,"event_name":"Golden Idol","player_choice":"Lose Max HP","floor":10.0,"gold_loss":0.0,"damage_taken":0.0,"relics_obtained":["Golden Idol"]}],"is_beta":false,"boss_relics":[],"items_purged_floors":[4],"is_endless":false,"potions_floor_spawned":[11,12,14],"killed_by":"Hexaghost","ascension_level":20}