{"gold_per_floor":[116,116,131,146,160,194,194,222,268,268,268,284,17,33,33,132,132,146,56,68,88,107,107,107],"floor_reached":24,"playtime":2137,"items_purged":[],"score":231,"play_id":"c93e8b69-1153-4fcd-b090-bbbc7c8e2b45","local_time":"20190908184420","is_ascension_mode":true,"campfire_choices":[{"floor":7,"key":"REST"},{"data":"Loop","floor":10,"key":"SMITH"},{"floor":15,"key":"REST"},{"data":"Apotheosis","floor":23,"key":"SMITH"}],"neow_cost":"PERCENT_DAMAGE","seed_source_timestamp":9890415017000,"circlet_count":0,"master_deck":["Strike_B","Strike_B","Strike_B","Defend_B","Defend_B","Defend_B","Zap","Dualcast+1","Rebound","Loop+1","Cold Snap","Gash","Capacitor","Double Energy","Barrage","Defragment","Apotheosis+1","Leap","Blizzard","Rainbow","Gash","Scrape","Capacitor","Chill"],"relics":["Cracked Core","Turnip","Art of War","Gremlin Horn","Strawberry","Bag of Marbles","Lizard Tail"],"potions_floor_usage":[6,6,16,21,21,22],"damage_taken":[{"damage":4,"enemies":"Jaw Worm","floor":1,"turns":4},{"damage":1,"enemies":"Cultist","floor":3,"turns":3},{"damage":12,"enemies":"Small Slimes","floor":4,"turns":5},{"damage":9,"enemies":"3 Louse","floor":5,"turns":3},{"damage":7,"enemies":"3 Sentries","floor":6,"turns":6},{"damage":28,"enemies":"Lagavulin","floor":8,"turns":6},{"damage":0,"enemies":"Exordium Wildlife","floor":12,"turns":1},{"damage":14,"enemies":"Looter","floor":14,"turns":4},{"damage":5,"enemies":"Slime Boss","floor":16,"turns":12},{"damage":18,"enemies":"Spheric Guardian","floor":18,"turns":6},{"damage":1,"enemies":"Chosen","floor":20,"turns":6},{"damage":8,"enemies":"3 Cultists","floor":21,"turns":6},{"damage":58,"enemies":"Cultist and Chosen","floor":22,"turns":9},{"damage":42,"enemies":"Shelled Parasite and Fungi","floor":24,"turns":3}],"seed_played":"9125065613536811760","potions_obtained":[{"floor":4,"key":"PowerPotion"},{"floor":5,"key":"GamblersBrew"},{"floor":8,"key":"GamblersBrew"},{"floor":12,"key":"Poison Potion"},{"floor":14,"key":"GamblersBrew"},{"floor":16,"key":"Swift Potion"},{"floor":20,"key":"Fire Potion"}],"is_trial":false,"path_per_floor":["M","?","M","M","M","E","R","E","T","R","?","M","$","M","R","B",null,"M","?","M","M","M","R","M"],"character_chosen":"DEFECT","items_purchased":["Defragment","Apotheosis","Leap"],"campfire_rested":2,"item_purchase_floors":[13,13,13],"current_hp_per_floor":[50,50,49,37,28,21,43,15,22,22,22,22,22,8,32,27,82,64,64,63,55,41,41,0],"gold":107,"neow_bonus":"ONE_RARE_RELIC","is_prod":false,"is_daily":false,"chose_seed":false,"campfire_upgraded":2,"win_rate":0,"timestamp":1567986260,"path_taken":["M","?","M","?","M","E","R","E","T","R","?","?","$","M","R","BOSS","M","?","M","M","M","R","M"],"build_version":"2019-07-17","purchased_purges":0,"victory":false,"max_hp_per_floor":[75,75,75,75,75,75,75,75,82,82,82,82,82,82,82,82,82,82,82,82,82,82,82,82],"card_choices":[{"not_picked":["BootSequence","Turbo"],"picked":"Rebound","floor":1},{"not_picked":["Self Repair","Static Discharge"],"picked":"Loop","floor":3},{"not_picked":["Tempest","Sunder"],"picked":"Cold Snap","floor":4},{"not_picked":["Turbo","Redo"],"picked":"Gash","floor":5},{"not_picked":["Seek","Barrage"],"picked":"Capacitor","floor":6},{"not_picked":["Melter","Rebound"],"picked":"Double Energy","floor":8},{"not_picked":["Leap","Ball Lightning"],"picked":"Barrage","floor":12},{"not_picked":["Ball Lightning","Heatsinks"],"picked":"Blizzard","floor":14},{"not_picked":["Reboot","Buffer"],"picked":"Rainbow","floor":16},{"not_picked":["Heatsinks","Tempest"],"picked":"Gash","floor":18},{"not_picked":["Conserve Battery","Force Field"],"picked":"Scrape","floor":20},{"not_picked":["Conserve Battery","Redo+1"],"picked":"Capacitor","floor":21},{"not_picked":["Steam Power+1","Reinforced Body"],"picked":"Chill","floor":22}],"player_experience":193960,"relics_obtained":[{"floor":6,"key":"Art of War"},{"floor":8,"key":"Gremlin Horn"},{"floor":9,"key":"Strawberry"}],"event_choices":[{"cards_removed":["Strike_B"],"damage_healed":0,"gold_gain":0,"player_choice":"Purged","damage_taken":0,"max_hp_gain":0,"max_hp_loss":0,"event_name":"Purifier","floor":2,"gold_loss":0},{"damage_healed":0,"gold_gain":0,"player_choice":"Gave Potion","damage_taken":0,"relics_obtained":["Bag of Marbles"],"max_hp_gain":0,"max_hp_loss":0,"event_name":"WeMeetAgain","floor":11,"gold_loss":0},{"cards_removed":["Defend_B"],"damage_healed":0,"gold_gain":0,"player_choice":"Upgrade and Remove","damage_taken":0,"max_hp_gain":0,"max_hp_loss":0,"event_name":"Designer","floor":19,"gold_loss":90,"cards_upgraded":["Dualcast"]}],"is_beta":false,"boss_relics":[{"not_picked":["Snecko Eye","Coffee Dripper"],"picked":"Lizard Tail"}],"items_purged_floors":[],"is_endless":false,"potions_floor_spawned":[4,5,8,12,14,16,20],"killed_by":"Shelled Parasite and Fungi","ascension_level":2}