{"gold_per_floor":[109,10,26,36,36,36,54,54,135,135],"floor_reached":10,"playtime":365,"items_purged":[],"score":116,"play_id":"acc00dc2-f581-4b04-9c8a-54bc2f19960c","local_time":"20190420204854","is_ascension_mode":true,"campfire_choices":[{"data":"Bash","floor":6,"key":"SMITH"},{"data":"Flame Barrier","floor":8,"key":"SMITH"}],"neow_cost":"NONE","seed_source_timestamp":268371510447716,"circlet_count":0,"master_deck":["AscendersBane","Strike_R","Strike_R","Strike_R","Strike_R","Defend_R","Defend_R","Defend_R","Defend_R","Bash+1","True Grit","Flash of Steel","Shrug It Off","Flame Barrier+1"],"relics":["Burning Blood","Orichalcum","Kunai"],"potions_floor_usage":[],"damage_taken":[{"damage":8,"enemies":"Small Slimes","floor":1,"turns":4},{"damage":10,"enemies":"Jaw Worm","floor":3,"turns":5},{"damage":0,"enemies":"2 Louse","floor":4,"turns":3},{"damage":25,"enemies":"2 Fungi Beasts","floor":7,"turns":6},{"damage":44,"enemies":"3 Sentries","floor":10,"turns":10}],"seed_played":"8956498794172566029","potions_obtained":[{"floor":3,"key":"Ancient Potion"}],"is_trial":false,"path_per_floor":["M","$","M","M","?","R","M","R","T","?"],"character_chosen":"IRONCLAD","items_purchased":["Flash of Steel"],"campfire_rested":0,"item_purchase_floors":[2],"current_hp_per_floor":[66,66,62,68,61,61,42,42,42,0],"gold":135,"neow_bonus":"RANDOM_COMMON_RELIC","is_prod":false,"is_daily":false,"chose_seed":false,"campfire_upgraded":2,"win_rate":0,"timestamp":1555807734,"path_taken":["M","$","M","M","?","R","M","R","T","?"],"build_version":"2019-01-23","purchased_purges":0,"victory":false,"max_hp_per_floor":[75,75,75,75,75,75,75,75,75,75],"card_choices":[{"not_picked":["Warcry","Clash"],"picked":"True Grit","floor":1},{"not_picked":["Flex","Body Slam"],"picked":"Shrug It Off","floor":3},{"not_picked":["Havoc","Flex"],"picked":"Flame Barrier","floor":4},{"not_picked":["Barricade","Clash","Burning Pact"],"picked":"SKIP","floor":7}],"player_experience":738030,"relics_obtained":[{"floor":9,"key":"Kunai"}],"event_choices":[{"cards_removed":["Strike_R"],"damage_healed":0,"gold_gain":0,"player_choice":"Card Removal","damage_taken":7,"max_hp_gain":0,"max_hp_loss":0,"event_name":"Golden Wing","floor":5,"gold_loss":0},{"damage_healed":0,"gold_gain":0,"player_choice":"Searched \u00271\u0027 times","damage_taken":0,"max_hp_gain":0,"max_hp_loss":0,"event_name":"Dead Adventurer","floor":10,"gold_loss":0}],"is_beta":false,"boss_relics":[],"items_purged_floors":[],"is_endless":false,"potions_floor_spawned":[3],"killed_by":"3 Sentries","ascension_level":20}