{"gold_per_floor":[111,111,127,77,5,5,40,59,59,78,116,291,291],"floor_reached":13,"playtime":254,"items_purged":[],"score":177,"play_id":"94183f1d-5ef1-49ab-91c9-22597b178e25","local_time":"20190928181814","is_ascension_mode":true,"campfire_choices":[{"data":"Glacier","floor":6,"key":"SMITH"}],"neow_cost":"NONE","seed_source_timestamp":28914010780300,"circlet_count":0,"master_deck":["AscendersBane","Strike_B","Strike_B","Strike_B","Strike_B","Defend_B","Defend_B","Defend_B","Defend_B","Zap","Dualcast","Hologram","Cold Snap","Glacier+1","Darkness","Redo","Coolheaded","Doubt"],"relics":["Cracked Core","NeowsBlessing","Golden Idol","PreservedInsect","Kunai","Bird Faced Urn"],"potions_floor_usage":[11],"damage_taken":[{"damage":0,"enemies":"Cultist","floor":1,"turns":1},{"damage":0,"enemies":"Jaw Worm","floor":3,"turns":1},{"damage":0,"enemies":"Lagavulin","floor":7,"turns":1},{"damage":5,"enemies":"Small Slimes","floor":8,"turns":3},{"damage":11,"enemies":"Blue Slaver","floor":10,"turns":4},{"damage":29,"enemies":"Gremlin Nob","floor":11,"turns":4},{"damage":25,"enemies":"Gremlin Gang","floor":13,"turns":2}],"seed_played":"8013488698986365561","potions_obtained":[{"floor":7,"key":"EssenceOfSteel"},{"floor":11,"key":"SkillPotion"}],"is_trial":false,"path_per_floor":["M","?","M","?","$","R","E","M","T","M","E","?","M"],"character_chosen":"DEFECT","items_purchased":["Glacier"],"campfire_rested":0,"item_purchase_floors":[5],"current_hp_per_floor":[68,68,68,68,68,68,68,63,63,52,23,23,0],"gold":291,"neow_bonus":"THREE_ENEMY_KILL","is_prod":false,"is_daily":false,"chose_seed":false,"campfire_upgraded":1,"win_rate":0,"timestamp":1569687494,"path_taken":["M","?","M","?","?","R","E","M","T","M","E","?","?"],"build_version":"2019-07-17","purchased_purges":0,"victory":false,"max_hp_per_floor":[75,75,75,75,75,75,75,75,75,75,75,75,75],"card_choices":[{"not_picked":["Redo","Sweeping Beam"],"picked":"Hologram","floor":1},{"not_picked":["Conserve Battery","Compile Driver"],"picked":"Cold Snap","floor":3},{"not_picked":["Leap","Melter"],"picked":"Darkness","floor":7},{"not_picked":["Conserve Battery","Go for the Eyes"],"picked":"Redo","floor":8},{"not_picked":["Amplify","Steam","Beam Cell"],"picked":"SKIP","floor":10},{"not_picked":["Storm","Turbo"],"picked":"Coolheaded","floor":11}],"player_experience":411720,"relics_obtained":[{"floor":7,"key":"PreservedInsect"},{"floor":9,"key":"Kunai"},{"floor":11,"key":"Bird Faced Urn"}],"event_choices":[{"damage_healed":0,"gold_gain":0,"player_choice":"Take Wound","damage_taken":0,"relics_obtained":["Golden Idol"],"max_hp_gain":0,"max_hp_loss":0,"event_name":"Golden Idol","floor":2,"gold_loss":0,"cards_obtained":["Injury"]},{"cards_removed":["Injury"],"damage_healed":0,"gold_gain":0,"player_choice":"Card Removal","damage_taken":0,"max_hp_gain":0,"max_hp_loss":0,"event_name":"The Cleric","floor":4,"gold_loss":50},{"damage_healed":0,"gold_gain":175,"player_choice":"AGREE","damage_taken":0,"max_hp_gain":0,"max_hp_loss":0,"event_name":"Liars Game","floor":12,"gold_loss":0,"cards_obtained":["Doubt"]}],"is_beta":false,"boss_relics":[],"items_purged_floors":[],"is_endless":false,"potions_floor_spawned":[7,11],"killed_by":"Gremlin Gang","ascension_level":10}