{"gold_per_floor":[14,14,26,46,46,46,73,88,88,88,105,139,139],"floor_reached":13,"playtime":350,"items_purged":[],"score":195,"play_id":"223703fb-aa25-4bf0-9d90-58566a8a2b5b","local_time":"20190826132808","is_ascension_mode":true,"campfire_choices":[{"data":"Riddle With Holes","floor":6,"key":"SMITH"},{"data":"Neutralize","floor":10,"key":"SMITH"}],"neow_cost":"NO_GOLD","seed_source_timestamp":85741441123729,"circlet_count":0,"master_deck":["AscendersBane","Strike_G","Strike_G","Strike_G","Strike_G","Strike_G","Defend_G","Defend_G","Defend_G","Defend_G","Defend_G","Survivor","Neutralize+1","After Image","Riddle With Holes+1","Adrenaline"],"relics":["Ring of the Snake","Nunchaku","Ginger","Peace Pipe","Ornamental Fan"],"potions_floor_usage":[7,7],"damage_taken":[{"damage":1,"enemies":"Small Slimes","floor":1,"turns":4},{"damage":0,"enemies":"Cultist","floor":3,"turns":5},{"damage":0,"enemies":"2 Louse","floor":4,"turns":3},{"damage":13,"enemies":"Lagavulin","floor":7,"turns":6},{"damage":10,"enemies":"Large Slime","floor":8,"turns":8},{"damage":3,"enemies":"Blue Slaver","floor":11,"turns":4},{"damage":36,"enemies":"Gremlin Nob","floor":12,"turns":5}],"seed_played":"-2321822358768558263","potions_obtained":[{"floor":1,"key":"PowerPotion"},{"floor":4,"key":"GhostInAJar"}],"is_trial":false,"path_per_floor":["M","?","M","M","?","R","E","M","T","R","M","E","?"],"character_chosen":"THE_SILENT","items_purchased":[],"campfire_rested":0,"item_purchase_floors":[],"current_hp_per_floor":[58,58,58,58,63,63,50,40,40,40,37,1,0],"gold":139,"neow_bonus":"THREE_RARE_CARDS","is_prod":false,"is_daily":false,"chose_seed":false,"campfire_upgraded":2,"win_rate":0,"timestamp":1566800888,"path_taken":["M","?","M","?","?","R","E","M","T","R","M","E","?"],"build_version":"2019-07-17","purchased_purges":0,"victory":false,"max_hp_per_floor":[66,66,66,66,71,71,71,71,71,71,71,71,71],"card_choices":[{"not_picked":["Tools of the Trade","Wraith Form v2"],"picked":"After Image","floor":0},{"not_picked":["Catalyst","Poisoned Stab"],"picked":"Masterful Stab","floor":1},{"not_picked":["Outmaneuver","Underhanded Strike","Sucker Punch"],"picked":"SKIP","floor":3},{"not_picked":["PiercingWail","Blur"],"picked":"Riddle With Holes","floor":4},{"not_picked":["Cloak And Dagger","Poisoned Stab","Outmaneuver"],"picked":"SKIP","floor":7},{"not_picked":["Cloak And Dagger","Predator"],"picked":"Adrenaline","floor":8},{"not_picked":["Backflip","Outmaneuver","Cloak And Dagger"],"picked":"SKIP","floor":11},{"not_picked":["Tactician","Flying Knee","Outmaneuver"],"picked":"SKIP","floor":12}],"player_experience":1082616,"relics_obtained":[{"floor":7,"key":"Ginger"},{"floor":9,"key":"Peace Pipe"},{"floor":12,"key":"Ornamental Fan"}],"event_choices":[{"cards_removed":["Masterful Stab"],"damage_healed":0,"gold_gain":0,"player_choice":"Gave Card","damage_taken":0,"relics_obtained":["Nunchaku"],"max_hp_gain":0,"max_hp_loss":0,"event_name":"WeMeetAgain","floor":2,"gold_loss":0},{"damage_healed":0,"gold_gain":0,"player_choice":"Donut","damage_taken":0,"max_hp_gain":5,"max_hp_loss":0,"event_name":"Big Fish","floor":5,"gold_loss":0}],"is_beta":false,"boss_relics":[],"items_purged_floors":[],"is_endless":false,"potions_floor_spawned":[1,4],"ascension_level":21}