{"gold_per_floor":[119,119,139,214,234,234,269,269,269,280,340,367,367],"floor_reached":13,"playtime":578,"items_purged":[],"score":236,"play_id":"e8af3d58-964a-4622-a445-a3839f91a55b","local_time":"20190421104021","is_ascension_mode":true,"campfire_choices":[{"data":"Neutralize","floor":6.0,"key":"SMITH"},{"data":"Flechettes","floor":8.0,"key":"SMITH"}],"neow_cost":"NONE","seed_source_timestamp":317977037055602,"circlet_count":0,"master_deck":["AscendersBane","Defend_G","Defend_G","Defend_G","Defend_G","Defend_G","Strike_G","Strike_G","Strike_G","Strike_G","Strike_G","Survivor","Neutralize+1","Poisoned Stab","Deadly Poison","PiercingWail","Flechettes+1","Deadly Poison","Backstab","PiercingWail"],"special_seed":0,"relics":["Ring of the Snake","Blue Candle","Kunai","Omamori","Snake Skull"],"potions_floor_usage":[],"damage_taken":[{"damage":0.0,"enemies":"Small Slimes","floor":1.0,"turns":4.0},{"damage":0.0,"enemies":"Cultist","floor":3.0,"turns":3.0},{"damage":0.0,"enemies":"2 Louse","floor":5.0,"turns":4.0},{"damage":19.0,"enemies":"Lagavulin","floor":7.0,"turns":6.0},{"damage":0.0,"enemies":"Large Slime","floor":10.0,"turns":5.0},{"damage":32.0,"enemies":"3 Sentries","floor":11.0,"turns":10.0},{"damage":0.0,"enemies":"Gremlin Nob","floor":12.0,"turns":3.0},{"damage":4,"enemies":"Lots of Slimes","floor":13,"turns":2}],"seed_played":"-6647163637416021944","potions_obtained":[{"floor":3.0,"key":"SpeedPotion"},{"floor":10.0,"key":"FearPotion"}],"is_trial":false,"path_per_floor":["M","?","M","?","M","R","E","R","T","M","?","E","M"],"character_chosen":"THE_SILENT","items_purchased":[],"campfire_rested":0,"item_purchase_floors":[],"current_hp_per_floor":[59,64,64,53,53,53,34,34,34,34,2,2,0],"gold":367,"neow_bonus":"THREE_CARDS","is_prod":false,"is_daily":false,"chose_seed":false,"campfire_upgraded":2,"win_rate":0,"timestamp":1555857621,"path_taken":["M","?","M","?","M","R","E","R","T","M","?","E","M"],"build_version":"2019-01-23","purchased_purges":0,"victory":false,"max_hp_per_floor":[66,71,71,71,71,71,71,71,71,71,71,71,71],"card_choices":[{"not_picked":["Acrobatics","Deadly Poison"],"picked":"Poisoned Stab","floor":0.0},{"not_picked":["Predator","Underhanded Strike"],"picked":"Deadly Poison","floor":1.0},{"not_picked":["Reflex","Masterful Stab","Slice"],"picked":"SKIP","floor":3.0},{"not_picked":["Outmaneuver","Escape Plan"],"picked":"PiercingWail","floor":5.0},{"not_picked":["Backflip","Sucker Punch"],"picked":"Flechettes","floor":7.0},{"not_picked":["Distraction","Heel Hook"],"picked":"Deadly Poison","floor":10.0},{"not_picked":["Dodge and Roll","Sucker Punch"],"picked":"Backstab","floor":11.0},{"not_picked":["Dagger Throw","Outmaneuver"],"picked":"PiercingWail","floor":12.0}],"player_experience":744681,"relics_obtained":[{"floor":7.0,"key":"Blue Candle"},{"floor":9.0,"key":"Kunai"},{"floor":11.0,"key":"Omamori"},{"floor":12.0,"key":"Snake Skull"}],"event_choices":[{"damage_healed":0.0,"max_hp_gain":5.0,"max_hp_loss":0.0,"gold_gain":0.0,"event_name":"Big Fish","player_choice":"Donut","floor":2.0,"gold_loss":0.0,"damage_taken":0.0},{"damage_healed":0.0,"max_hp_gain":0.0,"max_hp_loss":0.0,"gold_gain":75.0,"event_name":"World of Goop","player_choice":"Gather Gold","floor":4.0,"gold_loss":0.0,"damage_taken":11.0},{"damage_healed":0.0,"max_hp_gain":0.0,"max_hp_loss":0.0,"gold_gain":0.0,"event_name":"Dead Adventurer","player_choice":"Searched \u00271\u0027 times","floor":11.0,"gold_loss":0.0,"damage_taken":0.0}],"is_beta":false,"boss_relics":[],"items_purged_floors":[],"is_endless":false,"potions_floor_spawned":[3,10,11],"killed_by":"Lots of Slimes","ascension_level":20}