{"gold_per_floor":[117,117,36,46,64,64,64,64,64,77,77,105,105,117,117,191,191,201,201,211,227,227,227,239,258,258,277,287,287],"floor_reached":29,"playtime":1111,"items_purged":[],"score":458,"play_id":"2244c9ea-9e84-4f63-bffd-5f859cedaef7","local_time":"20190504164301","is_ascension_mode":true,"campfire_choices":[{"data":"Crippling Poison","floor":6,"key":"SMITH"},{"data":"Noxious Fumes","floor":8,"key":"SMITH"},{"data":"Catalyst","floor":11,"key":"SMITH"},{"floor":15,"key":"REST"},{"data":"Wraith Form v2","floor":23,"key":"SMITH"}],"neow_cost":"NONE","seed_source_timestamp":1097316196044728,"circlet_count":0,"master_deck":["AscendersBane","Defend_G","Defend_G","Defend_G","Defend_G+1","Defend_G+1","Strike_G+1","Strike_G+1","Strike_G","Survivor","Neutralize","Crippling Poison+1","Noxious Fumes+1","Footwork","Cloak And Dagger","Poisoned Stab","Catalyst+1","After Image","Footwork","Wraith Form v2+1","Caltrops","Cloak And Dagger","Envenom","Deadly Poison+1","After Image","PiercingWail","Bouncing Flask"],"relics":["Ring of the Snake","NeowsBlessing","The Courier","Whetstone","Snecko Eye"],"potions_floor_usage":[12,25,25],"damage_taken":[{"damage":0,"enemies":"Small Slimes","floor":1,"turns":1},{"damage":0,"enemies":"Cultist","floor":4,"turns":1},{"damage":0,"enemies":"Jaw Worm","floor":5,"turns":1},{"damage":2,"enemies":"Blue Slaver","floor":10,"turns":4},{"damage":22,"enemies":"Gremlin Nob","floor":12,"turns":5},{"damage":2,"enemies":"Exordium Wildlife","floor":14,"turns":5},{"damage":21,"enemies":"The Guardian","floor":16,"turns":8},{"damage":12,"enemies":"Shell Parasite","floor":18,"turns":5},{"damage":2,"enemies":"2 Thieves","floor":20,"turns":4},{"damage":12,"enemies":"Centurion and Healer","floor":21,"turns":8},{"damage":15,"enemies":"3 Cultists","floor":24,"turns":6},{"damage":1,"enemies":"Cultist and Chosen","floor":25,"turns":6},{"damage":6,"enemies":"Snake Plant","floor":27,"turns":4},{"damage":0,"enemies":"Snecko","floor":28,"turns":5},{"damage":5,"enemies":"3 Cultists","floor":29,"turns":2}],"seed_played":"-1725260186176663218","potions_obtained":[{"floor":1,"key":"Ancient Potion"},{"floor":5,"key":"SpeedPotion"},{"floor":16,"key":"Poison Potion"},{"floor":18,"key":"Fire Potion"},{"floor":25,"key":"Explosive Potion"},{"floor":28,"key":"Block Potion"}],"is_trial":false,"path_per_floor":["M","?","$","M","M","R","?","R","T","M","R","E","?","M","R","B",null,"M","?","M","M","?","R","M","M","T","M","M","M"],"character_chosen":"THE_SILENT","items_purchased":["Footwork"],"campfire_rested":1,"item_purchase_floors":[3],"current_hp_per_floor":[59,59,59,59,59,59,39,39,39,37,37,15,15,13,32,11,52,40,40,38,26,26,26,11,10,10,4,4,0],"gold":287,"neow_bonus":"THREE_ENEMY_KILL","is_prod":false,"is_daily":false,"chose_seed":false,"campfire_upgraded":4,"win_rate":0,"timestamp":1557002581,"path_taken":["M","?","$","?","M","R","?","R","T","M","R","E","?","M","R","BOSS","M","?","M","M","?","R","M","M","T","?","M","?"],"build_version":"2019-01-23","purchased_purges":0,"victory":false,"max_hp_per_floor":[66,66,66,66,66,66,66,66,66,66,66,66,66,66,66,66,66,66,66,66,66,66,66,66,66,66,66,66,66],"card_choices":[{"not_picked":["Quick Slash","Underhanded Strike"],"picked":"Crippling Poison","floor":1},{"not_picked":["Concentrate","Sucker Punch"],"picked":"Cloak And Dagger","floor":4},{"not_picked":["Masterful Stab","Flechettes"],"picked":"Poisoned Stab","floor":5},{"not_picked":["Quick Slash","Underhanded Strike"],"picked":"Catalyst","floor":10},{"not_picked":["Escape Plan","Outmaneuver"],"picked":"After Image","floor":12},{"not_picked":["Underhanded Strike","Cloak And Dagger"],"picked":"Footwork","floor":14},{"not_picked":["Die Die Die","Venomology"],"picked":"Wraith Form v2","floor":16},{"not_picked":["Outmaneuver","Blur"],"picked":"Caltrops","floor":18},{"not_picked":["Slice","Dagger Spray"],"picked":"Cloak And Dagger","floor":20},{"not_picked":["Sucker Punch","Distraction","Bane"],"picked":"SKIP","floor":21},{"not_picked":["Prepared","Bane"],"picked":"Deadly Poison+1","floor":24},{"not_picked":["Outmaneuver","Dagger Throw"],"picked":"After Image","floor":25},{"not_picked":["Underhanded Strike","Sucker Punch"],"picked":"PiercingWail","floor":27},{"not_picked":["Dagger Throw","Prepared"],"picked":"Bouncing Flask","floor":28}],"player_experience":819274,"relics_obtained":[{"floor":9,"key":"The Courier"},{"floor":12,"key":"Whetstone"}],"event_choices":[{"damage_healed":0,"gold_gain":0,"cards_transformed":["Strike_G"],"player_choice":"Transformed","damage_taken":0,"max_hp_gain":0,"max_hp_loss":0,"event_name":"Transmorgrifier","floor":2,"gold_loss":0,"cards_obtained":["Noxious Fumes"]},{"damage_healed":0,"gold_gain":0,"player_choice":"Entered Light","damage_taken":20,"max_hp_gain":0,"max_hp_loss":0,"event_name":"Shining Light","floor":7,"gold_loss":0,"cards_upgraded":["Defend_G","Defend_G"]},{"damage_healed":0,"gold_gain":0,"player_choice":"Searched \u00270\u0027 times","damage_taken":0,"max_hp_gain":0,"max_hp_loss":0,"event_name":"Dead Adventurer","floor":13,"gold_loss":0},{"damage_healed":0,"gold_gain":0,"player_choice":"Ignored","damage_taken":0,"max_hp_gain":0,"max_hp_loss":0,"event_name":"Vampires","floor":19,"gold_loss":0},{"damage_healed":0,"gold_gain":0,"cards_transformed":["Strike_G"],"player_choice":"Transformed","damage_taken":0,"max_hp_gain":0,"max_hp_loss":0,"event_name":"Transmorgrifier","floor":22,"gold_loss":0,"cards_obtained":["Envenom"]}],"is_beta":false,"boss_relics":[{"not_picked":["Tiny House","Ring of the Serpent"],"picked":"Snecko Eye"}],"items_purged_floors":[],"is_endless":false,"potions_floor_spawned":[1,5,16,18,25,28],"killed_by":"3 Cultists","ascension_level":20}