{"gold_per_floor":[110,60,78,3,19,19,52,52,128,146,46,71,97,132,132,230,230,246,266,26,26,26,42,70,70,70,82,102,136,164,208,220,332,344,373,437,469,481,508,549,411,428,428,428,1,14,14,30,30,30],"floor_reached":50,"playtime":7845,"items_purged":["Defend_B","Strike_B","Defend_B","Writhe","Strike_B"],"score":605,"play_id":"4fe3d6d8-663b-411a-ae84-54b0b9e75b0c","local_time":"20180824125616","is_ascension_mode":true,"campfire_choices":[{"data":"Zap","floor":6.0,"key":"SMITH"},{"data":"Defragment","floor":8.0,"key":"SMITH"},{"floor":15.0,"key":"REST"},{"data":"Auto Shields","floor":32,"key":"SMITH"},{"data":"Loop","floor":44,"key":"SMITH"},{"data":"Auto Shields","floor":49,"key":"SMITH"}],"neow_cost":"NONE","seed_source_timestamp":0,"circlet_count":0,"master_deck":["Strike_B","Defend_B","Defend_B","Zap+1","Dualcast","Loop+1","Self Repair","Defragment+1","Auto Shields+1","White Noise","Sunder","Machine Learning","Cold Snap","Auto Shields+1","FTL","FTL","Go for the Eyes","Fission","Chaos+1","Conserve Battery","Ball Lightning+1","Go for the Eyes","Amplify","Darkness+1","Go for the Eyes","Go for the Eyes","Machine Learning","Redo+1"],"special_seed":0,"relics":["Cracked Core","Blood Vial","Darkstone Periapt","Question Card","Odd Mushroom","Dodecahedron","Coffee Dripper","Cables","Shuriken","Sundial","MawBank","Turnip","Busted Crown","Thread and Needle","Ginger","Torii","Strawberry","Bottled Tornado"],"potions_floor_usage":[24,36,36,50],"damage_taken":[{"damage":1.0,"enemies":"Cultist","floor":1.0,"turns":4.0},{"damage":2.0,"enemies":"2 Louse","floor":3.0,"turns":3.0},{"damage":8.0,"enemies":"Jaw Worm","floor":5.0,"turns":4.0},{"damage":21.0,"enemies":"Lagavulin","floor":7.0,"turns":6.0},{"damage":9.0,"enemies":"3 Louse","floor":10.0,"turns":4.0},{"damage":28.0,"enemies":"Gremlin Nob","floor":12.0,"turns":4.0},{"damage":9.0,"enemies":"The Mushroom Lair","floor":13.0,"turns":4.0},{"damage":10.0,"enemies":"Lagavulin","floor":14.0,"turns":6.0},{"damage":43.0,"enemies":"Hexaghost","floor":16.0,"turns":9.0},{"damage":12.0,"enemies":"Chosen","floor":18.0,"turns":5.0},{"damage":10.0,"enemies":"3 Byrds","floor":19.0,"turns":3.0},{"damage":13,"enemies":"Shelled Parasite and Fungi","floor":23,"turns":6},{"damage":9,"enemies":"Book of Stabbing","floor":24,"turns":5},{"damage":24,"enemies":"Snake Plant","floor":27,"turns":3},{"damage":22,"enemies":"Sentry and Sphere","floor":28,"turns":5},{"damage":38,"enemies":"Slavers","floor":29,"turns":5},{"damage":14,"enemies":"Centurion and Healer","floor":30,"turns":6},{"damage":14,"enemies":"Book of Stabbing","floor":31,"turns":4},{"damage":8,"enemies":"Champ","floor":33,"turns":8},{"damage":1,"enemies":"3 Shapes","floor":35,"turns":3},{"damage":20,"enemies":"Mysterious Sphere","floor":36,"turns":4},{"damage":12,"enemies":"Orb Walker","floor":37,"turns":3},{"damage":13,"enemies":"Mind Bloom Boss Battle","floor":38,"turns":6},{"damage":59,"enemies":"Flame Bruiser 2 Orb","floor":39,"turns":8},{"damage":16,"enemies":"Nemesis","floor":40,"turns":5},{"damage":0,"enemies":"Transient","floor":42,"turns":5},{"damage":0,"enemies":"Maw","floor":46,"turns":6},{"damage":18,"enemies":"Flame Bruiser 2 Orb","floor":48,"turns":5},{"damage":81,"enemies":"Awakened One","floor":50,"turns":5}],"seed_played":"2754924983800785868","potions_obtained":[{"floor":3.0,"key":"PowerPotion"},{"floor":7.0,"key":"Poison Potion"},{"floor":13.0,"key":"Ancient Potion"},{"floor":18.0,"key":"GamblersBrew"},{"floor":19.0,"key":"Fruit Juice"},{"floor":24,"key":"SpeedPotion"},{"floor":35,"key":"GamblersBrew"},{"floor":36,"key":"Fruit Juice"},{"floor":42,"key":"SteroidPotion"},{"floor":48,"key":"Weak Potion"}],"is_trial":false,"path_per_floor":["M","?","M","$","M","R","E","R","T","M","$","E","?","E","R","B",null,"M","M","$","?","?","M","E","?","T","M","M","E","M","E","R","B",null,"M","?","M","?","M","E","$","M","T","R","$","M","?","M","R"],"character_chosen":"DEFECT","items_purchased":["Auto Shields","FTL","Bottled Tornado"],"campfire_rested":1,"item_purchase_floors":[20,20,45],"current_hp_per_floor":[74,74,72,72,71,71,57,57,57,57,57,38,38,37,59,32,75,70,74,74,80,80,83,76,76,76,61,55,33,28,23,23,24,86,85,78,68,64,21,7,7,30,37,37,37,46,86,75,75,0],"gold":30,"neow_bonus":"THREE_CARDS","is_prod":false,"is_daily":false,"chose_seed":false,"campfire_upgraded":5,"win_rate":0,"timestamp":1535133376,"path_taken":["M","?","M","$","M","R","E","R","T","M","$","E","?","E","R","BOSS","M","M","$","?","?","M","E","?","T","M","?","E","M","E","R","BOSS","M","?","M","?","?","E","$","M","T","R","$","M","?","M","R","BOSS"],"build_version":"2018-08-23v2","purchased_purges":5,"victory":false,"max_hp_per_floor":[75,75,75,75,75,75,75,75,75,75,75,75,75,75,75,75,75,75,80,80,86,86,86,86,86,86,86,86,86,86,86,86,86,86,86,91,91,91,91,91,91,91,98,98,98,98,86,86,86,86],"card_choices":[{"not_picked":["Streamline","Sweeping Beam"],"picked":"Loop","floor":0.0},{"not_picked":["Rebound","Reinforced Body","Sweeping Beam"],"picked":"SKIP","floor":1.0},{"not_picked":["Hologram","Rebound"],"picked":"Self Repair","floor":3.0},{"not_picked":["Compile Driver","Hologram","Steam"],"picked":"SKIP","floor":5.0},{"not_picked":["Sweeping Beam","Steam"],"picked":"Defragment","floor":7.0},{"not_picked":["Gash","Barrage","Redo"],"picked":"SKIP","floor":10.0},{"not_picked":["Ball Lightning","Blizzard"],"picked":"Auto Shields","floor":12.0},{"not_picked":["Darkness","Hologram","Storm"],"picked":"White Noise","floor":13.0},{"not_picked":["Redo","Doom and Gloom","Rainbow"],"picked":"Sunder","floor":14.0},{"not_picked":["All For One","Buffer","Fission"],"picked":"Machine Learning","floor":16.0},{"not_picked":["Redo+1","Loop","Hologram"],"picked":"Cold Snap","floor":18.0},{"not_picked":["Leap","Force Field","Tempest","Reinforced Body"],"picked":"SKIP","floor":19.0},{"not_picked":["Ball Lightning","Turbo","Cold Snap+1"],"picked":"Go for the Eyes","floor":23},{"not_picked":["Rebound+1","Storm+1","Streamline"],"picked":"Fission","floor":24},{"not_picked":["Blizzard","Barrage+1","Beam Cell"],"picked":"Chaos+1","floor":27},{"not_picked":["Beam Cell+1","Turbo+1","Rebound"],"picked":"Conserve Battery","floor":28},{"not_picked":["Skim","Redo","Hologram","Steam Power"],"picked":"SKIP","floor":29},{"not_picked":["Hologram","Rip and Tear","Sunder"],"picked":"Ball Lightning+1","floor":30},{"not_picked":["Scrape","Sweeping Beam+1","Beam Cell"],"picked":"Go for the Eyes","floor":31},{"not_picked":["Fission","Thunder Strike","Rainbow"],"picked":"Amplify","floor":33},{"not_picked":["Sweeping Beam+1","Leap"],"picked":"SKIP","floor":35},{"not_picked":["Blizzard"],"picked":"Darkness+1","floor":36},{"not_picked":["Force Field","Beam Cell"],"picked":"SKIP","floor":37},{"not_picked":["Cold Snap"],"picked":"Go for the Eyes","floor":38},{"not_picked":["Double Energy+1"],"picked":"Go for the Eyes","floor":39},{"not_picked":["Genetic Algorithm+1"],"picked":"Machine Learning","floor":40},{"not_picked":["Genetic Algorithm","White Noise"],"picked":"SKIP","floor":42},{"not_picked":["Stack+1","Redo+1"],"picked":"SKIP","floor":46},{"not_picked":["Stack+1"],"picked":"Redo+1","floor":46},{"not_picked":["Genetic Algorithm","Compile Driver"],"picked":"SKIP","floor":48}],"player_experience":223043,"relics_obtained":[{"floor":7.0,"key":"Blood Vial"},{"floor":9.0,"key":"Darkstone Periapt"},{"floor":12.0,"key":"Question Card"},{"floor":13.0,"key":"Odd Mushroom"},{"floor":14.0,"key":"Dodecahedron"},{"floor":24,"key":"Shuriken"},{"floor":26,"key":"Sundial"},{"floor":29,"key":"MawBank"},{"floor":31,"key":"Turnip"},{"floor":36,"key":"Thread and Needle"},{"floor":38,"key":"Ginger"},{"floor":40,"key":"Torii"},{"floor":43,"key":"Strawberry"}],"event_choices":[{"event_name":"The Cleric","player_choice":"Card Removal","floor":2.0,"damage_taken":0.0},{"event_name":"Mushrooms","player_choice":"Fought Mushrooms","floor":13.0,"damage_taken":0.0},{"event_name":"The Mausoleum","player_choice":"Yes","floor":21.0,"damage_taken":0.0},{"event_name":"The Library","player_choice":"Read","floor":22,"damage_taken":0},{"event_name":"Beggar","player_choice":"Ignored","floor":25,"damage_taken":0},{"event_name":"Mysterious Sphere","player_choice":"Fight","floor":36,"damage_taken":0},{"event_name":"MindBloom","player_choice":"Fight","floor":38,"damage_taken":0},{"event_name":"The Moai Head","player_choice":"Heal","floor":47,"damage_taken":0}],"is_beta":false,"boss_relics":[{"not_picked":["FrozenCore","Runic Dome"],"picked":"Coffee Dripper"},{"not_picked":["Cursed Key","Black Star"],"picked":"Busted Crown"}],"items_purged_floors":[4,11,20,41,45],"is_endless":false,"potions_floor_spawned":[3,7,13,18,19,24,35,36,42,48],"killed_by":"Awakened One","ascension_level":1}