{"gold_per_floor":[116,129,141,159,179,179,179,204,204,204],"floor_reached":10,"playtime":431,"items_purged":[],"score":140,"play_id":"e6cdabbf-b439-4d8c-8afd-6168c600bb7a","local_time":"20190502195550","is_ascension_mode":true,"campfire_choices":[{"data":"Armaments","floor":6.0,"key":"SMITH"}],"neow_cost":"PERCENT_DAMAGE","seed_source_timestamp":936739422366199,"circlet_count":0,"master_deck":["AscendersBane","Strike_R","Strike_R","Strike_R","Strike_R","Defend_R","Defend_R","Defend_R","Defend_R","Bash","Reaper","Sword Boomerang","Armaments+1","Clothesline","Feel No Pain"],"special_seed":0,"relics":["Burning Blood","Pen Nib","Darkstone Periapt"],"potions_floor_usage":[10,10],"damage_taken":[{"damage":7.0,"enemies":"Small Slimes","floor":1.0,"turns":4.0},{"damage":11.0,"enemies":"Cultist","floor":2.0,"turns":4.0},{"damage":3.0,"enemies":"2 Louse","floor":3.0,"turns":4.0},{"damage":1.0,"enemies":"Looter","floor":4.0,"turns":4.0},{"damage":42.0,"enemies":"Gremlin Gang","floor":5.0,"turns":8.0},{"damage":48.0,"enemies":"Gremlin Nob","floor":8.0,"turns":5.0},{"damage":16,"enemies":"Large Slime","floor":10,"turns":5}],"seed_played":"-8677972663759128432","potions_obtained":[{"floor":1.0,"key":"SpeedPotion"},{"floor":2.0,"key":"Swift Potion"},{"floor":4.0,"key":"EssenceOfSteel"},{"floor":8.0,"key":"EssenceOfSteel"}],"is_trial":false,"path_per_floor":["M","M","M","M","M","R","?","E","T","M"],"character_chosen":"IRONCLAD","items_purchased":[],"campfire_rested":0,"item_purchase_floors":[],"current_hp_per_floor":[55,56,67,72,46,46,46,10,10,0],"gold":204,"neow_bonus":"THREE_RARE_CARDS","is_prod":false,"is_daily":false,"chose_seed":false,"campfire_upgraded":1,"win_rate":0,"timestamp":1556841350,"path_taken":["M","M","M","M","M","R","?","E","T","?"],"build_version":"2019-01-23","purchased_purges":0,"victory":false,"max_hp_per_floor":[75,75,75,75,75,75,75,75,75,75],"card_choices":[{"not_picked":["Double Tap","Demon Form"],"picked":"Reaper","floor":0.0},{"not_picked":["Fire Breathing","True Grit"],"picked":"Sword Boomerang","floor":1.0},{"not_picked":["Rage","Thunderclap"],"picked":"Armaments","floor":2.0},{"not_picked":["Warcry","Wild Strike","Sword Boomerang"],"picked":"SKIP","floor":3.0},{"not_picked":["Searing Blow","Iron Wave"],"picked":"Clothesline","floor":4.0},{"not_picked":["Thunderclap","Body Slam","Twin Strike"],"picked":"SKIP","floor":5.0},{"not_picked":["Clothesline","Infernal Blade"],"picked":"Feel No Pain","floor":8.0}],"player_experience":816407,"relics_obtained":[{"floor":8.0,"key":"Pen Nib"},{"floor":9.0,"key":"Darkstone Periapt"}],"event_choices":[{"cards_removed":["Strike_R"],"damage_healed":0.0,"max_hp_gain":0.0,"max_hp_loss":0.0,"gold_gain":0.0,"event_name":"Bonfire Elementals","player_choice":"Offered Basic","floor":7.0,"gold_loss":0.0,"damage_taken":0.0}],"is_beta":false,"boss_relics":[],"items_purged_floors":[],"is_endless":false,"potions_floor_spawned":[1,2,4,8],"killed_by":"Large Slime","ascension_level":20}