{"gold_per_floor":[117,117,117,135,155,155,190,209,258,258,287,301,301,325,325,399,399,399,369,369,294,294,294,294,294,294,294,294,294,294,294,294,294],"floor_reached":33,"playtime":8801,"items_purged":[],"score":520,"play_id":"531ffbaa-c2eb-4d7f-a662-3d777f7be17c","local_time":"20190617112620","is_ascension_mode":true,"campfire_choices":[{"floor":6,"key":"REST"},{"floor":10,"key":"REST"},{"floor":15,"key":"REST"},{"floor":25,"key":"REST"},{"floor":27,"key":"REST"},{"floor":32,"key":"REST"}],"neow_cost":"NONE","seed_source_timestamp":2869192904371917,"circlet_count":0,"master_deck":["AscendersBane","Defend_G","Defend_G","Defend_G","Defend_G","Defend_G","Strike_G","Strike_G","Strike_G","Survivor","Neutralize","All Out Attack","Endless Agony+1","Dash+1","PiercingWail","Riddle With Holes+1","After Image","Cloak And Dagger+1","Prepared+1","RitualDagger+1","Backflip","Well Laid Plans+1","Skewer+1","Backflip"],"relics":["Ring of the Snake","Potion Belt","Molten Egg 2","Boot","Bag of Marbles","Dodecahedron","Odd Mushroom","Ectoplasm","Shuriken","Singing Bowl","Pen Nib","MawBank"],"potions_floor_usage":[7,7,8,11,16,16,19,23,24,28,33],"damage_taken":[{"damage":0,"enemies":"2 Louse","floor":1,"turns":4},{"damage":4,"enemies":"Cultist","floor":4,"turns":5},{"damage":0,"enemies":"Small Slimes","floor":5,"turns":3},{"damage":31,"enemies":"Lagavulin","floor":7,"turns":8},{"damage":1,"enemies":"Looter","floor":8,"turns":4},{"damage":19,"enemies":"3 Sentries","floor":11,"turns":9},{"damage":6,"enemies":"Blue Slaver","floor":12,"turns":3},{"damage":0,"enemies":"The Mushroom Lair","floor":14,"turns":3},{"damage":16,"enemies":"The Guardian","floor":16,"turns":14},{"damage":0,"enemies":"Chosen","floor":18,"turns":6},{"damage":3,"enemies":"2 Thieves","floor":19,"turns":3},{"damage":31,"enemies":"Gremlin Leader","floor":23,"turns":6},{"damage":13,"enemies":"3 Cultists","floor":24,"turns":5},{"damage":20,"enemies":"Slavers","floor":28,"turns":4},{"damage":10,"enemies":"Snake Plant","floor":29,"turns":3},{"damage":4,"enemies":"Centurion and Healer","floor":30,"turns":2},{"damage":0,"enemies":"Chosen and Byrds","floor":31,"turns":4},{"damage":45,"enemies":"Automaton","floor":33,"turns":6}],"seed_played":"4872472752442661149","potions_obtained":[{"floor":3,"key":"Swift Potion"},{"floor":3,"key":"GhostInAJar"},{"floor":5,"key":"EssenceOfSteel"},{"floor":7,"key":"SpeedPotion"},{"floor":8,"key":"GamblersBrew"},{"floor":12,"key":"Block Potion"},{"floor":16,"key":"Fire Potion"},{"floor":18,"key":"SteroidPotion"},{"floor":23,"key":"SkillPotion"},{"floor":24,"key":"LiquidBronze"},{"floor":31,"key":"Explosive Potion"}],"is_trial":false,"path_per_floor":["M","?","?","M","M","R","E","M","T","R","E","M","?","?","R","B",null,"M","M","?","?","T","E","M","R","T","R","E","M","M","M","R","B"],"character_chosen":"THE_SILENT","items_purchased":[],"campfire_rested":6,"item_purchase_floors":[],"current_hp_per_floor":[59,48,48,44,44,63,32,31,31,50,31,25,25,25,44,28,57,57,54,48,48,48,17,4,23,23,42,22,14,12,12,33,0],"gold":294,"neow_bonus":"RANDOM_COMMON_RELIC","is_prod":false,"is_daily":false,"chose_seed":false,"campfire_upgraded":0,"win_rate":0,"timestamp":1560788780,"path_taken":["M","?","?","M","?","R","E","M","T","R","E","M","?","?","R","BOSS","M","M","?","?","?","E","?","R","T","R","E","M","M","M","R","BOSS"],"build_version":"2019-01-23","purchased_purges":0,"victory":false,"max_hp_per_floor":[66,66,66,66,66,66,66,66,66,66,66,66,66,66,66,66,66,66,66,66,66,66,66,66,66,66,66,66,68,70,70,70,70],"card_choices":[{"not_picked":["PiercingWail","Blade Dance"],"picked":"All Out Attack","floor":1},{"not_picked":["Slice+1","Concentrate"],"picked":"Endless Agony+1","floor":4},{"not_picked":["Cloak And Dagger","Expertise","Deflect"],"picked":"SKIP","floor":5},{"not_picked":["Concentrate","All Out Attack+1","Eviscerate+1"],"picked":"SKIP","floor":7},{"not_picked":["Quick Slash+1","Outmaneuver"],"picked":"Dash+1","floor":8},{"not_picked":["Doppelganger","Dagger Throw+1"],"picked":"PiercingWail","floor":11},{"not_picked":["Outmaneuver","Dagger Throw+1"],"picked":"Riddle With Holes+1","floor":12},{"not_picked":["Bullet Time","Grand Finale+1"],"picked":"After Image","floor":16},{"not_picked":["Poisoned Stab+1","Flying Knee+1"],"picked":"Cloak And Dagger+1","floor":18},{"not_picked":["Setup","Quick Slash+1"],"picked":"Prepared+1","floor":19},{"not_picked":["Quick Slash+1","Blade Dance"],"picked":"Backflip","floor":23},{"not_picked":["All Out Attack+1","Acrobatics"],"picked":"Well Laid Plans+1","floor":24},{"not_picked":["Slice+1","Wraith Form v2"],"picked":"Skewer+1","floor":28},{"not_picked":["Slice+1","Caltrops","Deadly Poison"],"picked":"Singing Bowl","floor":29},{"not_picked":["Dagger Throw+1","Deflect","Cloak And Dagger"],"picked":"Singing Bowl","floor":30},{"not_picked":["Eviscerate+1","Finisher+1"],"picked":"Backflip","floor":31}],"player_experience":1316152,"relics_obtained":[{"floor":7,"key":"Boot"},{"floor":9,"key":"Bag of Marbles"},{"floor":11,"key":"Dodecahedron"},{"floor":14,"key":"Odd Mushroom"},{"floor":22,"key":"Shuriken"},{"floor":23,"key":"Singing Bowl"},{"floor":26,"key":"Pen Nib"},{"floor":28,"key":"MawBank"}],"event_choices":[{"damage_healed":0,"gold_gain":0,"player_choice":"Success","damage_taken":11,"relics_obtained":["Molten Egg 2"],"max_hp_gain":0,"max_hp_loss":0,"event_name":"Scrap Ooze","floor":2,"gold_loss":0},{"damage_healed":0,"gold_gain":0,"player_choice":"Got Potions","damage_taken":0,"max_hp_gain":0,"max_hp_loss":0,"event_name":"Lab","floor":3,"gold_loss":0},{"cards_removed":["Strike_G"],"damage_healed":0,"gold_gain":0,"player_choice":"Forget","damage_taken":0,"max_hp_gain":0,"max_hp_loss":0,"event_name":"Living Wall","floor":13,"gold_loss":0},{"damage_healed":0,"gold_gain":0,"player_choice":"Fought Mushrooms","damage_taken":0,"max_hp_gain":0,"max_hp_loss":0,"event_name":"Mushrooms","floor":14,"gold_loss":0},{"damage_healed":0,"gold_gain":0,"player_choice":"Joined the Cult","damage_taken":6,"max_hp_gain":0,"max_hp_loss":0,"event_name":"Nest","floor":20,"gold_loss":0,"cards_obtained":["RitualDagger"]},{"cards_removed":["Strike_G"],"damage_healed":0,"gold_gain":0,"player_choice":"Gave Gold","damage_taken":0,"max_hp_gain":0,"max_hp_loss":0,"event_name":"Beggar","floor":21,"gold_loss":75}],"is_beta":false,"boss_relics":[{"not_picked":["HoveringKite","Orrery"],"picked":"Ectoplasm"}],"items_purged_floors":[],"is_endless":false,"potions_floor_spawned":[5,7,8,12,16,18,23,24,31],"killed_by":"Automaton","ascension_level":15}