{"gold_per_floor":[115,40,40,40,56,56,71,104,104,104,104,114,134,9,9,109,109,34,54,54,54,67,67],"floor_reached":23,"playtime":1234,"items_purged":["Strike_B"],"score":242,"play_id":"d62fdef2-3b8c-4b6f-af8b-acb13b7b6546","local_time":"20190607182000","is_ascension_mode":true,"campfire_choices":[{"data":"Streamline","floor":6,"key":"SMITH"},{"data":"Cold Snap","floor":11,"key":"SMITH"},{"floor":15,"key":"REST"}],"neow_cost":"NONE","seed_source_timestamp":0,"circlet_count":0,"master_deck":["Strike_B","Strike_B","Defend_B","Defend_B","Defend_B","Defend_B","Zap","Dualcast","Panacea","Cold Snap","Streamline+1","Sunder","Cold Snap+1","Cold Snap","Tempest","Creative AI","Seek","Reinforced Body","Redo","Writhe","Defragment"],"special_seed":0,"relics":["FrozenCore","Pear","CultistMask","Thread and Needle","The Courier","Mango"],"potions_floor_usage":[12,16,16],"damage_taken":[{"damage":4,"enemies":"Small Slimes","floor":1,"turns":3},{"damage":0,"enemies":"2 Louse","floor":5,"turns":2},{"damage":4,"enemies":"Cultist","floor":7,"turns":3},{"damage":30,"enemies":"Gremlin Nob","floor":8,"turns":4},{"damage":6,"enemies":"Exordium Wildlife","floor":12,"turns":2},{"damage":0,"enemies":"Blue Slaver","floor":13,"turns":3},{"damage":42,"enemies":"The Guardian","floor":16,"turns":11},{"damage":13,"enemies":"2 Thieves","floor":18,"turns":5},{"damage":0,"enemies":"Shell Parasite","floor":19,"turns":9},{"damage":4,"enemies":"Snecko","floor":22,"turns":9},{"damage":86,"enemies":"Slavers","floor":23,"turns":8}],"seed_played":"2459000363188460808","potions_obtained":[{"floor":5,"key":"Poison Potion"},{"floor":7,"key":"FearPotion"},{"floor":12,"key":"Poison Potion"},{"floor":22,"key":"SteroidPotion"}],"is_trial":false,"path_per_floor":["M","$","?","?","M","R","M","E","T","?","R","M","M","$","R","B",null,"M","M","?","?","M","E"],"character_chosen":"DEFECT","items_purchased":["Creative AI"],"campfire_rested":1,"item_purchase_floors":[14],"current_hp_per_floor":[71,71,78,78,78,78,74,44,44,44,44,38,38,38,63,21,85,72,72,72,86,82,0],"gold":67,"neow_bonus":"RANDOM_COLORLESS","is_prod":false,"is_daily":false,"chose_seed":false,"campfire_upgraded":2,"win_rate":0,"timestamp":1559924400,"path_taken":["M","$","?","?","?","R","M","E","T","?","R","M","M","$","R","BOSS","M","M","?","?","?","E"],"build_version":"2019-01-23","purchased_purges":1,"victory":false,"max_hp_per_floor":[75,75,85,85,85,85,85,85,85,85,85,85,85,85,85,85,85,85,85,85,99,99,99],"card_choices":[{"not_picked":["Double Energy","Conserve Battery"],"picked":"Cold Snap","floor":1},{"not_picked":["Recycle","Hologram"],"picked":"Streamline","floor":5},{"not_picked":["Ball Lightning","Scrape"],"picked":"Sunder","floor":7},{"not_picked":["FTL","Blizzard"],"picked":"Cold Snap","floor":8},{"not_picked":["Rebound","Self Repair"],"picked":"Cold Snap","floor":12},{"not_picked":["White Noise","Compile Driver"],"picked":"Tempest","floor":13},{"not_picked":["Amplify","Reboot"],"picked":"Seek","floor":16},{"not_picked":["Compile Driver+1","FTL+1"],"picked":"Reinforced Body","floor":18},{"not_picked":["Sunder","Stack"],"picked":"Redo","floor":19},{"not_picked":["Chill","Go for the Eyes"],"picked":"Defragment","floor":22}],"player_experience":206167,"relics_obtained":[{"floor":8,"key":"Thread and Needle"},{"floor":9,"key":"The Courier"}],"event_choices":[{"damage_healed":0,"gold_gain":0,"player_choice":"Success","damage_taken":3,"relics_obtained":["Pear"],"max_hp_gain":0,"max_hp_loss":0,"event_name":"Scrap Ooze","floor":3,"gold_loss":0},{"damage_healed":0,"gold_gain":0,"player_choice":"Trade","damage_taken":0,"relics_obtained":["CultistMask"],"max_hp_gain":0,"max_hp_loss":0,"event_name":"FaceTrader","floor":4,"gold_loss":0},{"cards_removed":["Strike_B"],"damage_healed":0,"gold_gain":0,"player_choice":"Forget","damage_taken":0,"max_hp_gain":0,"max_hp_loss":0,"event_name":"Living Wall","floor":10,"gold_loss":0},{"damage_healed":0,"gold_gain":0,"player_choice":"Ignored","damage_taken":0,"max_hp_gain":0,"max_hp_loss":0,"event_name":"Beggar","floor":20,"gold_loss":0},{"damage_healed":0,"gold_gain":0,"player_choice":"Opened","damage_taken":0,"relics_obtained":["Mango"],"max_hp_gain":0,"max_hp_loss":0,"event_name":"The Mausoleum","floor":21,"gold_loss":0,"cards_obtained":["Writhe"]}],"is_beta":false,"boss_relics":[{"not_picked":["Calling Bell","Orrery"],"picked":"FrozenCore"}],"items_purged_floors":[2],"is_endless":false,"potions_floor_spawned":[5,7,12,22],"killed_by":"Slavers","ascension_level":3}