{"gold_per_floor":[119,44,44,64,64,64,94,94,94,152,172,182,215,225,225,296,296,309,319,173,186,186],"floor_reached":22,"playtime":5195,"items_purged":["Strike_B"],"score":387,"play_id":"7feeb133-a3d4-4402-878d-4881bf8edf05","local_time":"20190605203853","is_ascension_mode":true,"campfire_choices":[{"data":"Dualcast","floor":6,"key":"SMITH"},{"data":"Sunder","floor":8,"key":"SMITH"},{"data":"Capacitor","floor":15,"key":"SMITH"}],"neow_cost":"NONE","seed_source_timestamp":1901046132651993,"circlet_count":0,"master_deck":["AscendersBane","Strike_B","Strike_B","Defend_B","Defend_B","Defend_B","Defend_B","Zap+1","Dualcast+1","Cold Snap","Sunder+1","FTL","Darkness","Capacitor+1","Coolheaded","Ball Lightning","Fission","Redo+1","Streamline+1","Loop","Conserve Battery+1"],"relics":["FrozenCore","NeowsBlessing","Gambling Chip","Dodecahedron","Ornamental Fan","Anchor"],"potions_floor_usage":[13,16,16,19],"damage_taken":[{"damage":0,"enemies":"2 Louse","floor":1,"turns":1},{"damage":0,"enemies":"Jaw Worm","floor":4,"turns":1},{"damage":0,"enemies":"Lagavulin","floor":7,"turns":1},{"damage":12,"enemies":"3 Sentries","floor":10,"turns":6},{"damage":0,"enemies":"Small Slimes","floor":11,"turns":1},{"damage":0,"enemies":"2 Fungi Beasts","floor":12,"turns":1},{"damage":6,"enemies":"3 Sentries","floor":13,"turns":5},{"damage":2,"enemies":"Exordium Thugs","floor":14,"turns":3},{"damage":16,"enemies":"The Guardian","floor":16,"turns":7},{"damage":0,"enemies":"Chosen","floor":18,"turns":4},{"damage":16,"enemies":"3 Byrds","floor":19,"turns":6},{"damage":17,"enemies":"Centurion and Healer","floor":21,"turns":6},{"damage":37,"enemies":"Colosseum Slavers","floor":22,"turns":4}],"seed_played":"-6189674503059819897","potions_obtained":[{"floor":7,"key":"Poison Potion"},{"floor":11,"key":"Energy Potion"},{"floor":13,"key":"Poison Potion"},{"floor":18,"key":"Block Potion"}],"is_trial":false,"path_per_floor":["M","?","?","M","?","R","E","R","T","?","M","M","E","M","R","B",null,"M","M","$","M","?"],"character_chosen":"DEFECT","items_purchased":["Loop"],"campfire_rested":0,"item_purchase_floors":[20],"current_hp_per_floor":[64,64,69,69,69,69,69,69,69,57,57,57,51,49,49,33,65,65,49,49,32,0],"gold":186,"neow_bonus":"THREE_ENEMY_KILL","is_prod":false,"is_daily":false,"chose_seed":false,"campfire_upgraded":3,"win_rate":0,"timestamp":1559785133,"path_taken":["M","?","?","M","?","R","E","R","T","?","M","M","E","?","R","BOSS","M","M","$","?","?"],"build_version":"2019-01-23","purchased_purges":1,"victory":false,"max_hp_per_floor":[71,71,76,76,76,76,76,76,76,76,76,76,76,76,76,76,76,76,76,76,76,76],"card_choices":[{"not_picked":["Barrage","Streamline"],"picked":"Cold Snap","floor":1},{"not_picked":["Beam Cell","Streamline","Force Field"],"picked":"SKIP","floor":4},{"not_picked":["FTL","Gash"],"picked":"Sunder","floor":7},{"not_picked":["Compile Driver","Coolheaded"],"picked":"FTL","floor":10},{"not_picked":["Sweeping Beam","Sunder"],"picked":"Darkness","floor":11},{"not_picked":["Gash","Beam Cell"],"picked":"Capacitor","floor":12},{"not_picked":["Storm","Sweeping Beam"],"picked":"Coolheaded","floor":13},{"not_picked":["Heatsinks","Steam"],"picked":"Ball Lightning","floor":14},{"not_picked":["Hyperbeam","Amplify"],"picked":"Fission","floor":16},{"not_picked":["Leap","Conserve Battery"],"picked":"Redo+1","floor":18},{"not_picked":["Hologram","White Noise"],"picked":"Streamline+1","floor":19},{"not_picked":["Fusion","Steam"],"picked":"Conserve Battery+1","floor":21}],"player_experience":1245233,"relics_obtained":[{"floor":7,"key":"Gambling Chip"},{"floor":9,"key":"Dodecahedron"},{"floor":10,"key":"Ornamental Fan"},{"floor":13,"key":"Anchor"}],"event_choices":[{"cards_removed":["Strike_B"],"damage_healed":0,"gold_gain":0,"player_choice":"Card Removal","damage_taken":0,"max_hp_gain":0,"max_hp_loss":0,"event_name":"The Cleric","floor":2,"gold_loss":75},{"damage_healed":0,"gold_gain":0,"player_choice":"Donut","damage_taken":0,"max_hp_gain":5,"max_hp_loss":0,"event_name":"Big Fish","floor":3,"gold_loss":0},{"damage_healed":0,"gold_gain":0,"player_choice":"Grow","damage_taken":0,"max_hp_gain":0,"max_hp_loss":0,"event_name":"Living Wall","floor":5,"gold_loss":0,"cards_upgraded":["Zap"]},{"damage_healed":0,"gold_gain":0,"player_choice":"Searched \u00271\u0027 times","damage_taken":0,"max_hp_gain":0,"max_hp_loss":0,"event_name":"Dead Adventurer","floor":10,"gold_loss":0},{"damage_healed":0,"gold_gain":0,"player_choice":"Fight","damage_taken":0,"max_hp_gain":0,"max_hp_loss":0,"event_name":"Colosseum","floor":22,"gold_loss":0}],"is_beta":false,"boss_relics":[{"not_picked":["Empty Cage","Sozu"],"picked":"FrozenCore"}],"items_purged_floors":[20],"is_endless":false,"potions_floor_spawned":[7,11,12,13,18],"killed_by":"Colosseum Slavers","ascension_level":15}