{"gold_per_floor":[112,187,187,206,222,255,63,63,136,156,106,106,139,139,139,264,264,189,189,189,189,203,232,232,243,295,310,310,310,322,98,98,198,198,210,310,310,310,156,190,208,208,231,259,10,21,35,70,70,70,70,70,70,102,102],"floor_reached":56,"playtime":6833,"items_purged":["Strike_R","Strike_R"],"score":1545,"play_id":"9dabc855-4797-475f-955b-8126efcc68d5","local_time":"20190602001628","is_ascension_mode":true,"campfire_choices":[{"floor":8,"key":"REST"},{"data":"Flame Barrier","floor":12,"key":"SMITH"},{"data":"Armaments","floor":15,"key":"SMITH"},{"data":"Flame Barrier","floor":24,"key":"SMITH"},{"floor":32,"key":"RECALL"},{"data":"Barricade","floor":42,"key":"SMITH"},{"data":"Shrug It Off","floor":49,"key":"SMITH"},{"data":"Armaments","floor":52,"key":"SMITH"}],"neow_cost":"NONE","seed_source_timestamp":133342794763218,"circlet_count":0,"master_deck":["Strike_R","Strike_R","Defend_R","Defend_R","Defend_R","Defend_R","Bash","Flame Barrier+1","Armaments+1","Barricade+1","Metallicize","Armaments+1","Injury","Feed","Flame Barrier+1","Flame Barrier+1","Shrug It Off+1","Shrug It Off+1","Demon Form","Madness","Madness","Shrug It Off+1"],"relics":["Burning Blood","NeowsBlessing","Regal Pillow","Orichalcum","Anchor","Gremlin Horn","Oddly Smooth Stone","Bloody Idol","Snecko Eye","Bronze Scales","Bag of Preparation","Nilry\u0027s Codex","Bag of Marbles","Coffee Dripper","Champion Belt","Omamori","Mango","Bottled Lightning","Juzu Bracelet","Kunai"],"potions_floor_usage":[6,16,55],"damage_taken":[{"damage":0,"enemies":"2 Louse","floor":1,"turns":1},{"damage":0,"enemies":"Small Slimes","floor":4,"turns":1},{"damage":0,"enemies":"Jaw Worm","floor":5,"turns":1},{"damage":52,"enemies":"Lagavulin","floor":6,"turns":14},{"damage":5,"enemies":"Red Slaver","floor":10,"turns":7},{"damage":9,"enemies":"3 Sentries","floor":13,"turns":17},{"damage":7,"enemies":"Hexaghost","floor":16,"turns":16},{"damage":6,"enemies":"2 Thieves","floor":18,"turns":5},{"damage":0,"enemies":"Chosen","floor":22,"turns":9},{"damage":37,"enemies":"Slavers","floor":23,"turns":11},{"damage":19,"enemies":"3 Cultists","floor":25,"turns":7},{"damage":0,"enemies":"Centurion and Healer","floor":27,"turns":25},{"damage":1,"enemies":"Snecko","floor":30,"turns":19},{"damage":0,"enemies":"Collector","floor":33,"turns":52},{"damage":0,"enemies":"Orb Walker","floor":35,"turns":5},{"damage":0,"enemies":"Mind Bloom Boss Battle","floor":36,"turns":22},{"damage":0,"enemies":"Reptomancer","floor":40,"turns":15},{"damage":0,"enemies":"3 Darklings","floor":41,"turns":10},{"damage":0,"enemies":"Giant Head","floor":44,"turns":12},{"damage":20,"enemies":"4 Shapes","floor":46,"turns":9},{"damage":8,"enemies":"Jaw Worm Horde","floor":47,"turns":6},{"damage":42,"enemies":"Reptomancer","floor":48,"turns":10},{"damage":0,"enemies":"Time Eater","floor":50,"turns":12},{"damage":14,"enemies":"Shield and Spear","floor":54,"turns":9},{"damage":45,"enemies":"The Heart","floor":55,"turns":12}],"seed_played":"8984808591149152127","potions_obtained":[{"floor":4,"key":"Explosive Potion"},{"floor":6,"key":"FearPotion"},{"floor":13,"key":"PowerPotion"},{"floor":16,"key":"FairyPotion"},{"floor":22,"key":"Energy Potion"},{"floor":30,"key":"Fire Potion"}],"is_trial":false,"path_per_floor":["M","?","?","M","M","E","$","R","T","M","?","R","E","?","R","B",null,"M","?","?","?","M","E","R","M","T","M","?","?","M","$","R","B",null,"M","?","?","?","$","E","M","R","T","E","$","M","M","E","R","B",null,"R","$","E","B",null],"character_chosen":"IRONCLAD","items_purchased":["Anchor","Metallicize","Bag of Marbles","Shrug It Off","Bottled Lightning"],"campfire_rested":1,"item_purchase_floors":[7,7,31,39,45],"current_hp_per_floor":[80,69,51,57,63,17,17,56,56,57,57,57,54,54,54,53,80,80,80,80,80,84,62,62,58,63,78,62,62,76,76,76,91,104,108,112,98,98,98,112,119,119,119,137,137,131,137,110,110,116,147,147,147,144,105],"gold":102,"neow_bonus":"THREE_ENEMY_KILL","is_prod":false,"is_daily":false,"chose_seed":false,"campfire_upgraded":6,"win_rate":0,"timestamp":1559427388,"path_taken":["M","?","?","?","M","E","?","R","T","M","?","R","E","?","R","BOSS","M","?","?","?","M","E","R","M","T","?","?","?","?","$","R","BOSS","M","?","?","?","$","E","M","R","T","E","?","M","M","E","R","BOSS","R","$","E","BOSS"],"build_version":"2019-01-23","purchased_purges":2,"victory":true,"max_hp_per_floor":[80,80,80,80,80,80,80,80,80,80,80,80,80,80,80,80,80,80,80,80,80,84,88,88,92,92,96,96,96,100,100,100,104,104,108,112,112,112,112,115,119,119,119,137,137,140,143,147,147,147,147,147,147,147,147],"card_choices":[{"not_picked":["Flex","True Grit","Wild Strike"],"picked":"SKIP","floor":1},{"not_picked":["Fire Breathing","Dropkick"],"picked":"Flame Barrier","floor":4},{"not_picked":["Blood for Blood","Thunderclap"],"picked":"Armaments","floor":5},{"not_picked":["Flame Barrier","Twin Strike"],"picked":"Barricade","floor":6},{"not_picked":["Spot Weakness","Clothesline","Perfected Strike"],"picked":"SKIP","floor":10},{"not_picked":["Uppercut","Inflame"],"picked":"Armaments","floor":13},{"not_picked":["Dark Embrace","Impervious"],"picked":"Feed","floor":16},{"not_picked":["Infernal Blade+1","Blood for Blood"],"picked":"Flame Barrier","floor":18},{"not_picked":["Thunderclap+1","Heavy Blade","Evolve+1"],"picked":"SKIP","floor":22},{"not_picked":["Carnage","Flex"],"picked":"Shrug It Off+1","floor":23},{"not_picked":["Seeing Red+1","Wild Strike"],"picked":"Shrug It Off","floor":25},{"not_picked":["Warcry","Heavy Blade","Havoc"],"picked":"SKIP","floor":27},{"not_picked":["Sever Soul","Rupture","Juggernaut"],"picked":"SKIP","floor":30},{"not_picked":["Immolate","Feed"],"picked":"Demon Form","floor":33},{"not_picked":["Searing Blow+1","Hemokinesis","Burning Pact+1"],"picked":"SKIP","floor":35},{"not_picked":["Infernal Blade","Anger","Thunderclap+1"],"picked":"SKIP","floor":40},{"not_picked":["Sentinel+1","Havoc","Blood for Blood"],"picked":"SKIP","floor":41},{"not_picked":["Fire Breathing+1","Carnage","Corruption"],"picked":"SKIP","floor":44},{"not_picked":["Wild Strike","Sentinel","True Grit"],"picked":"SKIP","floor":46},{"not_picked":["Clash+1","Pommel Strike+1","Combust+1"],"picked":"SKIP","floor":47},{"not_picked":["Reaper","Pommel Strike+1","Havoc+1"],"picked":"SKIP","floor":48},{"not_picked":["Intimidate+1","Sword Boomerang","Flex+1"],"picked":"SKIP","floor":54}],"player_experience":159274,"relics_obtained":[{"floor":6,"key":"Orichalcum"},{"floor":9,"key":"Gremlin Horn"},{"floor":13,"key":"Oddly Smooth Stone"},{"floor":23,"key":"Bronze Scales"},{"floor":26,"key":"Bag of Preparation"},{"floor":28,"key":"Nilry\u0027s Codex"},{"floor":36,"key":"Champion Belt"},{"floor":40,"key":"Omamori"},{"floor":44,"key":"Mango"},{"floor":48,"key":"Juzu Bracelet"},{"floor":54,"key":"Kunai"}],"event_choices":[{"damage_healed":0,"gold_gain":75,"player_choice":"Gather Gold","damage_taken":11,"max_hp_gain":0,"max_hp_loss":0,"event_name":"World of Goop","floor":2,"gold_loss":0},{"damage_healed":0,"gold_gain":0,"player_choice":"Success","damage_taken":18,"relics_obtained":["Regal Pillow"],"max_hp_gain":0,"max_hp_loss":0,"event_name":"Scrap Ooze","floor":3,"gold_loss":0},{"cards_removed":["Strike_R"],"damage_healed":0,"gold_gain":0,"player_choice":"Card Removal","damage_taken":0,"max_hp_gain":0,"max_hp_loss":0,"event_name":"The Cleric","floor":11,"gold_loss":50},{"damage_healed":0,"gold_gain":0,"player_choice":"Take Wound","damage_taken":0,"relics_obtained":["Golden Idol"],"max_hp_gain":0,"max_hp_loss":0,"event_name":"Golden Idol","floor":14,"gold_loss":0,"cards_obtained":["Injury"]},{"damage_healed":0,"gold_gain":0,"player_choice":"Gave Idol","damage_taken":0,"relics_obtained":["Bloody Idol"],"max_hp_gain":0,"max_hp_loss":0,"event_name":"Forgotten Altar","floor":19,"relics_lost":["Golden Idol"],"gold_loss":0},{"damage_healed":0,"gold_gain":0,"player_choice":"Ignored","damage_taken":0,"max_hp_gain":0,"max_hp_loss":0,"event_name":"Ghosts","floor":20,"gold_loss":0},{"damage_healed":0,"gold_gain":0,"player_choice":"Copied","damage_taken":0,"max_hp_gain":0,"max_hp_loss":0,"event_name":"Duplicator","floor":21,"gold_loss":0,"cards_obtained":["Flame Barrier"]},{"damage_healed":0,"gold_gain":0,"player_choice":"Obtained Book","damage_taken":16,"max_hp_gain":0,"max_hp_loss":0,"event_name":"Cursed Tome","floor":28,"gold_loss":0},{"damage_healed":0,"gold_gain":0,"player_choice":"Upgraded","damage_taken":0,"max_hp_gain":0,"max_hp_loss":0,"event_name":"Upgrade Shrine","floor":29,"gold_loss":0,"cards_upgraded":["Shrug It Off"]},{"damage_healed":0,"gold_gain":0,"player_choice":"Fight","damage_taken":0,"max_hp_gain":0,"max_hp_loss":0,"event_name":"MindBloom","floor":36,"gold_loss":0},{"damage_healed":0,"gold_gain":0,"player_choice":"Embrace Madness","damage_taken":14,"max_hp_gain":0,"max_hp_loss":0,"event_name":"Winding Halls","floor":37,"gold_loss":0,"cards_obtained":["Madness","Madness"]},{"damage_healed":0,"gold_gain":0,"player_choice":"Ignored","damage_taken":0,"max_hp_gain":0,"max_hp_loss":0,"event_name":"Tomb of Lord Red Mask","floor":38,"gold_loss":0}],"is_beta":false,"boss_relics":[{"not_picked":["Black Blood","Runic Dome"],"picked":"Snecko Eye"},{"not_picked":["Calling Bell","Empty Cage"],"picked":"Coffee Dripper"}],"items_purged_floors":[31,39],"is_endless":false,"potions_floor_spawned":[4,6,13,16,22,30,40,44,47,48],"ascension_level":2}