{"gold_per_floor":[112,131,2,2,177,204,204,7,7,7,25,25,25],"floor_reached":13,"playtime":362,"items_purged":[],"score":93,"play_id":"323998a2-b3d6-4cd7-abe3-565f68635bf4","local_time":"20190714115614","is_ascension_mode":true,"campfire_choices":[{"floor":7,"key":"REST"}],"neow_cost":"NONE","seed_source_timestamp":173221738812856,"circlet_count":0,"master_deck":["Strike_B","Strike_B","Strike_B","Strike_B","Defend_B","Defend_B","Defend_B","Defend_B+1","Zap+1","Dualcast","Hologram","Capacitor","Gash","Capacitor","Doubt","Creative AI","Apotheosis","Gash"],"relics":["Philosopher\u0027s Stone","Thread and Needle","War Paint","Gremlin Horn","PreservedInsect"],"potions_floor_usage":[],"damage_taken":[{"damage":0,"enemies":"Small Slimes","floor":1,"turns":4},{"damage":8,"enemies":"Jaw Worm","floor":2,"turns":3},{"damage":44,"enemies":"Lagavulin","floor":6,"turns":8},{"damage":0,"enemies":"2 Louse","floor":11,"turns":2},{"damage":43,"enemies":"Gremlin Gang","floor":13,"turns":3}],"seed_played":"6072705619394041944","potions_obtained":[{"floor":6,"key":"Explosive Potion"}],"is_trial":false,"path_per_floor":["M","M","$","?","?","E","R","$","T","?","M","?","M"],"character_chosen":"DEFECT","items_purchased":["Gash","Capacitor","Apotheosis"],"campfire_rested":1,"item_purchase_floors":[3,3,8],"current_hp_per_floor":[75,67,67,49,49,5,27,27,27,27,27,27,0],"gold":25,"neow_bonus":"BOSS_RELIC","is_prod":false,"is_daily":false,"chose_seed":false,"campfire_upgraded":0,"win_rate":0,"timestamp":1563098174,"path_taken":["M","M","$","?","?","E","R","$","T","?","?","?","M"],"build_version":"2019-07-05","purchased_purges":0,"victory":false,"max_hp_per_floor":[75,75,75,75,75,75,75,75,75,75,75,75,75],"card_choices":[{"not_picked":["Redo","Steam"],"picked":"Hologram","floor":1},{"not_picked":["Streamline","Turbo"],"picked":"Capacitor","floor":2},{"not_picked":["FTL","Scrape"],"picked":"Creative AI","floor":6},{"not_picked":["Double Energy","Compile Driver"],"picked":"Gash","floor":11}],"player_experience":261922,"relics_obtained":[{"floor":6,"key":"War Paint"},{"floor":9,"key":"Gremlin Horn"}],"event_choices":[{"damage_healed":0,"gold_gain":0,"player_choice":"Success","damage_taken":18,"relics_obtained":["Thread and Needle"],"max_hp_gain":0,"max_hp_loss":0,"event_name":"Scrap Ooze","floor":4,"gold_loss":0},{"damage_healed":0,"gold_gain":175,"player_choice":"AGREE","damage_taken":0,"max_hp_gain":0,"max_hp_loss":0,"event_name":"Liars Game","floor":5,"gold_loss":0,"cards_obtained":["Doubt"]},{"damage_healed":0,"gold_gain":0,"player_choice":"Gave Potion","damage_taken":0,"relics_obtained":["PreservedInsect"],"max_hp_gain":0,"max_hp_loss":0,"event_name":"WeMeetAgain","floor":10,"gold_loss":0},{"damage_healed":0,"gold_gain":0,"player_choice":"Searched \u00270\u0027 times","damage_taken":0,"max_hp_gain":0,"max_hp_loss":0,"event_name":"Dead Adventurer","floor":12,"gold_loss":0}],"is_beta":false,"boss_relics":[],"items_purged_floors":[],"is_endless":false,"potions_floor_spawned":[6],"killed_by":"Gremlin Gang","ascension_level":3}