{"gold_per_floor":[113,113,0,10,10,44,44,70,97,117,42,60,76,95,95,196,196,209,225,239,256,256,256,288,301,301,129,129,129,205,221,221,318,318,338,338,338,438,313,313,330,343,366,27,41,59,75,75,75,75],"floor_reached":51,"playtime":2965,"items_purged":["Strike_G","Strike_G","Defend_G"],"score":681,"play_id":"4938b3fd-d069-4b8a-b783-e0b50da51284","local_time":"20190926043341","is_ascension_mode":false,"campfire_choices":[{"data":"Accuracy","floor":7,"key":"SMITH"},{"data":"Skewer","floor":15,"key":"SMITH"},{"data":"Adrenaline","floor":23,"key":"SMITH"},{"data":"Accuracy","floor":28,"key":"SMITH"},{"floor":32,"key":"REST"},{"floor":40,"key":"REST"},{"floor":49,"key":"REST"}],"neow_cost":"NONE","seed_source_timestamp":1170177351997900,"circlet_count":0,"master_deck":["Strike_G+1","Strike_G+1","Defend_G+1","Defend_G","Defend_G","Defend_G","Survivor","Skewer+1","Accuracy+1","Blade Dance+1","Outmaneuver","Dash","Leg Sweep","Blur","Adrenaline+1","Cloak And Dagger","Cloak And Dagger+1","PiercingWail+1","After Image","Accuracy+1","J.A.X.","Choke","Adrenaline","A Thousand Cuts","Blade Dance","Footwork","Blur","Blade Dance"],"relics":["Ring of the Snake","NeowsBlessing","Orichalcum","Boot","War Paint","Sozu","Blood Vial","Whetstone","Pear","Philosopher\u0027s Stone","Tingsha","Dream Catcher","Kunai"],"potions_floor_usage":[16,19,46],"damage_taken":[{"damage":0,"enemies":"Jaw Worm","floor":1,"turns":1},{"damage":0,"enemies":"Cultist","floor":4,"turns":1},{"damage":0,"enemies":"3 Sentries","floor":6,"turns":1},{"damage":18,"enemies":"Gremlin Nob","floor":8,"turns":4},{"damage":0,"enemies":"Small Slimes","floor":10,"turns":2},{"damage":0,"enemies":"Red Slaver","floor":12,"turns":4},{"damage":0,"enemies":"2 Fungi Beasts","floor":13,"turns":3},{"damage":3,"enemies":"Blue Slaver","floor":14,"turns":3},{"damage":15,"enemies":"Slime Boss","floor":16,"turns":10},{"damage":0,"enemies":"Shell Parasite","floor":18,"turns":4},{"damage":0,"enemies":"Chosen","floor":19,"turns":5},{"damage":15,"enemies":"Centurion and Healer","floor":20,"turns":8},{"damage":10,"enemies":"3 Cultists","floor":21,"turns":6},{"damage":1,"enemies":"Slavers","floor":24,"turns":6},{"damage":0,"enemies":"Sentry and Sphere","floor":25,"turns":4},{"damage":3,"enemies":"Shelled Parasite and Fungi","floor":31,"turns":6},{"damage":45,"enemies":"Collector","floor":33,"turns":10},{"damage":22,"enemies":"3 Darklings","floor":35,"turns":6},{"damage":6,"enemies":"Mind Bloom Boss Battle","floor":38,"turns":6},{"damage":3,"enemies":"Orb Walker","floor":41,"turns":2},{"damage":3,"enemies":"Sphere and 2 Shapes","floor":42,"turns":2},{"damage":24,"enemies":"Transient","floor":45,"turns":5},{"damage":18,"enemies":"Jaw Worm Horde","floor":46,"turns":5},{"damage":3,"enemies":"Maw","floor":47,"turns":6},{"damage":41,"enemies":"Donu and Deca","floor":50,"turns":12}],"seed_played":"-8184890237600431854","potions_obtained":[{"floor":2,"key":"GhostInAJar"},{"floor":2,"key":"Weak Potion"},{"floor":2,"key":"Swift Potion"},{"floor":13,"key":"Energy Potion"}],"is_trial":false,"path_per_floor":["M","?","$","M","$","E","R","E","T","M","$","M","M","M","R","B",null,"M","M","M","M","?","R","E","M","T","$","R","?","T","M","R","B",null,"M","?","?","?","$","R","M","M","T","$","M","M","M","?","R","B",null],"character_chosen":"THE_SILENT","items_purchased":["Accuracy","Blade Dance","Accuracy","Kunai","Footwork"],"campfire_rested":3,"item_purchase_floors":[3,3,27,44,44],"current_hp_per_floor":[70,70,70,70,70,70,70,52,52,52,52,52,52,49,49,34,70,70,70,55,45,45,45,44,46,46,46,46,46,56,55,79,35,80,58,58,58,54,54,78,77,76,76,76,54,38,37,37,61,22],"gold":75,"neow_bonus":"THREE_ENEMY_KILL","is_prod":false,"is_daily":false,"chose_seed":false,"campfire_upgraded":4,"win_rate":0,"timestamp":1569486821,"path_taken":["M","?","$","M","$","E","R","E","T","M","?","M","M","M","R","BOSS","M","?","M","M","?","R","E","?","T","?","R","?","?","M","R","BOSS","M","?","?","?","?","R","M","M","T","$","M","M","?","?","R","BOSS"],"build_version":"2019-07-17","purchased_purges":3,"victory":true,"max_hp_per_floor":[70,70,70,70,70,70,70,70,70,70,70,70,70,70,70,70,70,70,70,70,70,70,70,70,70,70,70,70,70,80,80,80,80,80,80,80,80,80,80,80,80,80,80,80,80,80,80,80,80,80],"card_choices":[{"not_picked":["Bane","Calculated Gamble"],"picked":"Skewer","floor":1},{"not_picked":["Dodge and Roll","Deadly Poison"],"picked":"Outmaneuver","floor":4},{"not_picked":["Slice","Backflip","Sucker Punch"],"picked":"SKIP","floor":6},{"not_picked":["PiercingWail","Wraith Form v2"],"picked":"Dash","floor":8},{"not_picked":["Deadly Poison","Dodge and Roll","Backflip"],"picked":"SKIP","floor":10},{"not_picked":["PiercingWail","Skewer"],"picked":"Leg Sweep","floor":12},{"not_picked":["Prepared","Acrobatics"],"picked":"Blur","floor":13},{"not_picked":["Skewer","PiercingWail","Leg Sweep"],"picked":"SKIP","floor":14},{"not_picked":["Bullet Time","Night Terror"],"picked":"Adrenaline","floor":16},{"not_picked":["Deadly Poison","Crippling Poison+1","Sucker Punch"],"picked":"SKIP","floor":18},{"not_picked":["Distraction","Deadly Poison"],"picked":"Cloak And Dagger","floor":19},{"not_picked":["Sucker Punch","Outmaneuver"],"picked":"Cloak And Dagger+1","floor":20},{"not_picked":["Cloak And Dagger","Slice+1"],"picked":"PiercingWail+1","floor":21},{"not_picked":["Blur+1","Venomology"],"picked":"After Image","floor":24},{"not_picked":["Poisoned Stab","Bane+1","PiercingWail"],"picked":"SKIP","floor":25},{"not_picked":["Skewer","Poisoned Stab"],"picked":"Choke","floor":31},{"not_picked":["Night Terror","Unload"],"picked":"Adrenaline","floor":33},{"not_picked":["Masterful Stab+1","Flying Knee+1","Prepared+1"],"picked":"SKIP","floor":35},{"not_picked":["Underhanded Strike+1","Heel Hook+1"],"picked":"A Thousand Cuts","floor":41},{"not_picked":["Dagger Throw+1","Deadly Poison+1"],"picked":"Blade Dance","floor":42},{"not_picked":["Flying Knee+1","Poisoned Stab","Predator+1"],"picked":"SKIP","floor":45},{"not_picked":["Escape Plan+1","PiercingWail"],"picked":"Blur","floor":46},{"not_picked":["Dagger Throw+1","Backstab+1","Dodge and Roll+1"],"picked":"SKIP","floor":47},{"not_picked":["Dagger Spray+1","Prepared"],"picked":"Blade Dance","floor":49}],"player_experience":87339,"relics_obtained":[{"floor":6,"key":"Orichalcum"},{"floor":8,"key":"Boot"},{"floor":9,"key":"War Paint"},{"floor":24,"key":"Blood Vial"},{"floor":26,"key":"Whetstone"},{"floor":30,"key":"Pear"},{"floor":38,"key":"Tingsha"},{"floor":43,"key":"Dream Catcher"}],"event_choices":[{"damage_healed":0,"gold_gain":0,"player_choice":"Got Potions","damage_taken":0,"max_hp_gain":0,"max_hp_loss":0,"event_name":"Lab","floor":2,"gold_loss":0},{"cards_removed":["Strike_G"],"damage_healed":0,"gold_gain":0,"player_choice":"Purged","damage_taken":0,"max_hp_gain":0,"max_hp_loss":0,"event_name":"Purifier","floor":22,"gold_loss":0},{"damage_healed":0,"gold_gain":0,"player_choice":"Obtain J.A.X.","damage_taken":0,"max_hp_gain":0,"max_hp_loss":0,"event_name":"Drug Dealer","floor":29,"gold_loss":0,"cards_obtained":["J.A.X."]},{"damage_healed":0,"gold_gain":0,"player_choice":"Ignored","damage_taken":0,"max_hp_gain":0,"max_hp_loss":0,"event_name":"Mysterious Sphere","floor":36,"gold_loss":0},{"damage_healed":0,"gold_gain":0,"player_choice":"Ignored","damage_taken":0,"max_hp_gain":0,"max_hp_loss":0,"event_name":"Tomb of Lord Red Mask","floor":37,"gold_loss":0},{"damage_healed":0,"gold_gain":0,"player_choice":"Fight","damage_taken":0,"max_hp_gain":0,"max_hp_loss":0,"event_name":"MindBloom","floor":38,"gold_loss":0},{"cards_removed":["Neutralize"],"damage_healed":0,"gold_gain":0,"player_choice":"Removed Attack","damage_taken":0,"max_hp_gain":0,"max_hp_loss":0,"event_name":"Falling","floor":48,"gold_loss":0}],"is_beta":false,"boss_relics":[{"not_picked":["Orrery","HoveringKite"],"picked":"Sozu"},{"not_picked":["Calling Bell","Empty Cage"],"picked":"Philosopher\u0027s Stone"}],"items_purged_floors":[11,27,39],"is_endless":false,"potions_floor_spawned":[10,12,13,14,20,21,31,33,35,41,42,46],"ascension_level":0}