{"gold_per_floor":[109,125,35,95,95,95,123,123,123,150,150,159,181,193,193,193],"floor_reached":16,"playtime":331,"items_purged":[],"score":322,"play_id":"9008eba7-28b3-455c-86e4-f73b9caba298","local_time":"20190827135246","is_ascension_mode":true,"campfire_choices":[{"data":"Predator","floor":6,"key":"SMITH"},{"data":"Neutralize","floor":8,"key":"SMITH"},{"data":"Dagger Spray","floor":15,"key":"SMITH"}],"neow_cost":"NONE","seed_source_timestamp":173646522256008,"circlet_count":0,"master_deck":["Strike_G","Strike_G","Strike_G","Strike_G","Defend_G","Defend_G","Defend_G","Defend_G","Defend_G","Survivor","Neutralize+1","AscMod:ascendersbane","Predator+1","Backflip","Venomology","Dagger Spray+1"],"relics":["Ring of the Snake","NeowsBlessing","Thread and Needle","Ornamental Fan","Snake Skull","Bag of Marbles"],"potions_floor_usage":[13,13,13,16,16],"damage_taken":[{"damage":0,"enemies":"Jaw Worm","floor":1,"turns":1},{"damage":0,"enemies":"Small Slimes","floor":2,"turns":1},{"damage":0,"enemies":"Gremlin Nob","floor":7,"turns":1},{"damage":12,"enemies":"Lagavulin","floor":10,"turns":8},{"damage":0,"enemies":"2 Louse","floor":12,"turns":3},{"damage":6,"enemies":"Gremlin Nob","floor":13,"turns":5},{"damage":0,"enemies":"Exordium Thugs","floor":14,"turns":5},{"damage":26,"enemies":"Slime Boss","floor":16,"turns":9}],"seed_played":"7113522634061653898","potions_obtained":[{"floor":10,"key":"SpeedPotion"},{"floor":12,"key":"Explosive Potion"},{"floor":13,"key":"Explosive Potion"}],"is_trial":false,"path_per_floor":["M","M","$","?","?","R","E","R","T","E","?","M","E","M","R","B"],"character_chosen":"THE_SILENT","items_purchased":["Predator"],"campfire_rested":0,"item_purchase_floors":[3],"current_hp_per_floor":[59,59,59,48,41,41,41,41,41,29,33,33,27,27,27,1],"gold":193,"neow_bonus":"THREE_ENEMY_KILL","is_prod":false,"is_daily":false,"chose_seed":false,"campfire_upgraded":3,"win_rate":0,"timestamp":1566888766,"path_taken":["M","M","$","?","?","R","E","R","T","E","?","M","E","M","R","BOSS"],"build_version":"2019-07-17","purchased_purges":0,"victory":false,"max_hp_per_floor":[66,66,66,66,66,66,66,66,66,66,71,71,71,71,71,71],"card_choices":[{"not_picked":["Dagger Throw","Setup","Slice"],"picked":"SKIP","floor":1},{"not_picked":["Cloak And Dagger","Underhanded Strike","Heel Hook"],"picked":"SKIP","floor":2},{"not_picked":["Sucker Punch","Acrobatics"],"picked":"Backflip","floor":7},{"not_picked":["Slice","PiercingWail","Setup"],"picked":"SKIP","floor":10},{"not_picked":["Distraction","PiercingWail"],"picked":"Venomology","floor":12},{"not_picked":["All Out Attack","Expertise"],"picked":"Dagger Spray","floor":13},{"not_picked":["Dagger Spray","Quick Slash","Backflip"],"picked":"SKIP","floor":14}],"player_experience":1095334,"relics_obtained":[{"floor":7,"key":"Thread and Needle"},{"floor":9,"key":"Ornamental Fan"},{"floor":10,"key":"Snake Skull"},{"floor":13,"key":"Bag of Marbles"}],"event_choices":[{"damage_healed":0,"gold_gain":75,"player_choice":"Gather Gold","damage_taken":11,"max_hp_gain":0,"max_hp_loss":0,"event_name":"World of Goop","floor":4,"gold_loss":0},{"cards_removed":["Strike_G"],"damage_healed":0,"gold_gain":0,"player_choice":"Card Removal","damage_taken":7,"max_hp_gain":0,"max_hp_loss":0,"event_name":"Golden Wing","floor":5,"gold_loss":0},{"damage_healed":0,"gold_gain":0,"player_choice":"Donut","damage_taken":0,"max_hp_gain":5,"max_hp_loss":0,"event_name":"Big Fish","floor":11,"gold_loss":0}],"is_beta":false,"boss_relics":[],"items_purged_floors":[],"is_endless":false,"potions_floor_spawned":[10,12,13],"killed_by":"Slime Boss","ascension_level":25}