{"gold_per_floor":[107,107,167,167,180,180,205,205,267,282,304,314,339,349,349,411,411,421,421,266,276,64,64,64,64,64,64,78,90,110,110,110,168,168,179,189,64,76,76,76,76,76,118,118,118,129,156,156],"floor_reached":48,"playtime":1287,"items_purged":["Defend_R","Bite+1"],"score":1145,"play_id":"0d69e823-c738-47d4-a0f7-1a44bc8fff86","local_time":"20190806113219","is_ascension_mode":true,"campfire_choices":[{"data":"Whirlwind","floor":6.0,"key":"SMITH"},{"data":"Fiend Fire","floor":8.0,"key":"SMITH"},{"data":"Bash","floor":15,"key":"SMITH"},{"data":"True Grit","floor":23,"key":"SMITH"},{"data":"Shrug It Off","floor":25,"key":"SMITH"},{"data":"Disarm","floor":32,"key":"SMITH"},{"data":"Demon Form","floor":40,"key":"SMITH"},{"data":"Spot Weakness","floor":42,"key":"SMITH"},{"floor":45,"key":"RECALL"}],"neow_cost":"NONE","seed_source_timestamp":54224381375152,"circlet_count":0,"master_deck":["AscendersBane","Defend_R+1","Defend_R+1","Defend_R+1","Bash+1","Spot Weakness+1","Whirlwind+1","Fiend Fire+1","Uppercut+1","Reaper+1","Bite+1","Bite+1","Bite+1","Bite+1","True Grit+1","Shrug It Off+1","Disarm+1","Demon Form+1","Shrug It Off+1"],"special_seed":0,"relics":["Burning Blood","NeowsBlessing","Potion Belt","Omamori","Paper Frog","Nunchaku","Molten Egg 2","Mark of Pain","Medical Kit","Singing Bowl","Mummified Hand","Sozu","Bird Faced Urn"],"potions_floor_usage":[16,16,28,29,30,33,33],"damage_taken":[{"damage":0.0,"enemies":"Jaw Worm","floor":1.0,"turns":1.0},{"damage":0.0,"enemies":"2 Louse","floor":5.0,"turns":1.0},{"damage":0.0,"enemies":"3 Sentries","floor":7.0,"turns":1.0},{"damage":9.0,"enemies":"Small Slimes","floor":10.0,"turns":3.0},{"damage":20,"enemies":"Lagavulin","floor":11,"turns":5},{"damage":2,"enemies":"2 Fungi Beasts","floor":12,"turns":3},{"damage":35,"enemies":"3 Sentries","floor":13,"turns":5},{"damage":7,"enemies":"Looter","floor":14,"turns":3},{"damage":21,"enemies":"The Guardian","floor":16,"turns":11},{"damage":23,"enemies":"Spheric Guardian","floor":18,"turns":4},{"damage":3,"enemies":"3 Byrds","floor":21,"turns":4},{"damage":18,"enemies":"Cultist and Chosen","floor":28,"turns":5},{"damage":4,"enemies":"Snecko","floor":29,"turns":4},{"damage":9,"enemies":"Book of Stabbing","floor":30,"turns":4},{"damage":73,"enemies":"Champ","floor":33,"turns":16},{"damage":0,"enemies":"3 Shapes","floor":35,"turns":1},{"damage":34,"enemies":"3 Darklings","floor":36,"turns":8},{"damage":25,"enemies":"Writhing Mass","floor":38,"turns":7},{"damage":0,"enemies":"Jaw Worm Horde","floor":46,"turns":2},{"damage":76,"enemies":"Nemesis","floor":47,"turns":11},{"damage":50,"enemies":"Spire Growth","floor":48,"turns":3}],"seed_played":"-7417180097213340052","potions_obtained":[{"floor":7.0,"key":"Regen Potion"},{"floor":10.0,"key":"Weak Potion"},{"floor":14,"key":"SkillPotion"},{"floor":16,"key":"Dexterity Potion"},{"floor":18,"key":"Block Potion"},{"floor":28,"key":"Fire Potion"},{"floor":30,"key":"Dexterity Potion"}],"is_trial":false,"path_per_floor":["M","?","?","?","M","R","E","R","T","M","E","M","E","M","R","B",null,"M","?","$","M","$","R","?","R","T","?","M","M","E","$","R","B",null,"M","M","$","M","?","R","$","R","T","$","R","M","E","M"],"character_chosen":"IRONCLAD","items_purchased":["True Grit","Medical Kit"],"campfire_rested":0,"item_purchase_floors":[20,22],"current_hp_per_floor":[73,62,51,55,60,60,65,65,65,61,46,49,19,17,17,13,53,35,35,35,53,53,53,53,53,53,53,49,60,60,60,60,39,52,61,64,64,64,64,64,64,64,64,64,64,66,39,0],"gold":156,"neow_bonus":"THREE_ENEMY_KILL","is_prod":false,"is_daily":false,"chose_seed":false,"campfire_upgraded":8,"win_rate":0,"timestamp":1565065939,"path_taken":["M","?","?","?","M","R","E","R","T","M","E","M","E","M","R","BOSS","M","?","$","M","$","R","?","R","T","?","?","M","E","?","R","BOSS","M","M","?","M","?","R","$","R","T","$","R","?","E","M"],"build_version":"2019-07-18","purchased_purges":2,"victory":false,"max_hp_per_floor":[75,75,75,80,80,80,80,80,80,80,80,80,80,80,80,80,80,80,56,56,56,56,56,56,56,56,56,58,60,60,60,60,60,60,62,64,64,64,64,64,64,64,64,64,64,66,68,68],"card_choices":[{"not_picked":["Armaments","Entrench"],"picked":"Spot Weakness","floor":1.0},{"not_picked":["Clash","Headbutt"],"picked":"Whirlwind","floor":5.0},{"not_picked":["Fire Breathing","Bloodletting"],"picked":"Fiend Fire","floor":7.0},{"not_picked":["Flex","Twin Strike","Cleave"],"picked":"SKIP","floor":10.0},{"not_picked":["Cleave","Headbutt","Spot Weakness"],"picked":"SKIP","floor":11},{"not_picked":["Twin Strike","Perfected Strike","Anger"],"picked":"SKIP","floor":12},{"not_picked":["Wild Strike","Anger","Twin Strike"],"picked":"SKIP","floor":13},{"not_picked":["Shrug It Off","Infernal Blade"],"picked":"Uppercut+1","floor":14},{"not_picked":["Brutality","Demon Form"],"picked":"Reaper+1","floor":16},{"not_picked":["Perfected Strike+1","Cleave+1","Corruption"],"picked":"SKIP","floor":18},{"not_picked":["Flex","Anger+1","Uppercut+1"],"picked":"SKIP","floor":21},{"not_picked":["Perfected Strike+1","Havoc","Entrench+1"],"picked":"Singing Bowl","floor":28},{"not_picked":["Bludgeon+1","Cleave+1","Fire Breathing"],"picked":"Singing Bowl","floor":29},{"not_picked":["Wild Strike+1","Perfected Strike+1"],"picked":"Disarm","floor":30},{"not_picked":["Offering","Immolate+1"],"picked":"Demon Form","floor":33},{"not_picked":["Sword Boomerang+1","Metallicize","Blood for Blood+1"],"picked":"Singing Bowl","floor":35},{"not_picked":["Thunderclap+1","Warcry+1","Flex"],"picked":"Singing Bowl","floor":36},{"not_picked":["Cleave+1","Body Slam+1"],"picked":"Shrug It Off+1","floor":38},{"not_picked":["Fire Breathing","Pommel Strike+1","Clash+1"],"picked":"Singing Bowl","floor":46},{"not_picked":["Dark Embrace","Thunderclap+1","True Grit"],"picked":"Singing Bowl","floor":47}],"player_experience":1049095,"relics_obtained":[{"floor":7.0,"key":"Omamori"},{"floor":9.0,"key":"Paper Frog"},{"floor":11,"key":"Nunchaku"},{"floor":13,"key":"Molten Egg 2"},{"floor":26,"key":"Singing Bowl"},{"floor":30,"key":"Mummified Hand"},{"floor":47,"key":"Bird Faced Urn"}],"event_choices":[{"damage_healed":0.0,"max_hp_gain":0.0,"max_hp_loss":0.0,"gold_gain":0.0,"event_name":"Scrap Ooze","player_choice":"Success","floor":2.0,"gold_loss":0.0,"damage_taken":11.0,"relics_obtained":["Potion Belt"]},{"damage_healed":0.0,"max_hp_gain":0.0,"max_hp_loss":0.0,"gold_gain":75.0,"event_name":"World of Goop","player_choice":"Gather Gold","floor":3.0,"gold_loss":0.0,"damage_taken":11.0},{"damage_healed":0.0,"max_hp_gain":5.0,"max_hp_loss":0.0,"gold_gain":0.0,"event_name":"Big Fish","player_choice":"Donut","floor":4.0,"gold_loss":0.0,"damage_taken":0.0},{"damage_healed":0,"gold_gain":0,"player_choice":"Became a vampire","damage_taken":0,"max_hp_gain":0,"max_hp_loss":24,"event_name":"Vampires","floor":19,"gold_loss":0,"cards_obtained":["Bite","Bite","Bite","Bite","Bite"]},{"damage_healed":0,"gold_gain":0,"player_choice":"Read","damage_taken":0,"max_hp_gain":0,"max_hp_loss":0,"event_name":"The Library","floor":24,"gold_loss":0,"cards_obtained":["Shrug It Off"]},{"damage_healed":0,"gold_gain":0,"player_choice":"Simplicity","damage_taken":0,"max_hp_gain":0,"max_hp_loss":0,"event_name":"Back to Basics","floor":27,"gold_loss":0,"cards_upgraded":["Defend_R","Defend_R","Defend_R"]},{"damage_healed":0,"gold_gain":0,"player_choice":"Ignored","damage_taken":0,"max_hp_gain":0,"max_hp_loss":0,"event_name":"Mysterious Sphere","floor":39,"gold_loss":0}],"is_beta":true,"boss_relics":[{"not_picked":["Black Blood","Runic Cube"],"picked":"Mark of Pain"},{"not_picked":["Orrery","Runic Dome"],"picked":"Sozu"}],"items_purged_floors":[20,37],"is_endless":false,"potions_floor_spawned":[7,10,14,16,18,28,30,35,47],"killed_by":"Spire Growth","ascension_level":23}