{"gold_per_floor":[8,8,48,63,82,108,108,136,194,194,206,206,206,77,77,156,156,176,176,9,9,21,21,21,29,29,29,29,54,54,54,54,116,116,130,140,140,148,160,160,170,2,2,12,12,0,0,0,0,0,0],"floor_reached":52,"playtime":1510,"items_purged":["Strike_R"],"score":1810,"play_id":"537fa863-c828-4f9a-9b70-727b9c76900c","local_time":"20190805022115","is_ascension_mode":true,"campfire_choices":[{"data":"Uppercut","floor":7.0,"key":"SMITH"},{"data":"Whirlwind","floor":10.0,"key":"SMITH"},{"data":"Shockwave","floor":12.0,"key":"SMITH"},{"data":"Bludgeon","floor":15.0,"key":"SMITH"},{"data":"Shrug It Off","floor":23.0,"key":"SMITH"},{"data":"Defend_R","floor":28.0,"key":"SMITH"},{"floor":32.0,"key":"REST"},{"floor":40.0,"key":"RECALL"},{"floor":49.0,"key":"REST"}],"neow_cost":"NO_GOLD","seed_source_timestamp":54083204695865,"circlet_count":0,"master_deck":["AscendersBane","Strike_R","Strike_R","Defend_R","Defend_R","Defend_R","Defend_R+1","Bash","Bludgeon+1","Whirlwind+1","Uppercut+1","Shockwave+1","Shrug It Off+1","Demon Form+1","Disarm+1","Inflame+1","Evolve+1","True Grit+1","Offering","Madness","Madness"],"special_seed":0,"relics":["Burning Blood","Bloody Idol","Calipers","Anchor","Frozen Egg 2","Busted Crown","Ginger","Gambling Chip","Fusion Hammer","Happy Flower","The Courier","Red Mask"],"potions_floor_usage":[],"damage_taken":[{"damage":12.0,"enemies":"Jaw Worm","floor":1.0,"turns":4.0},{"damage":0.0,"enemies":"Small Slimes","floor":4.0,"turns":4.0},{"damage":1.0,"enemies":"Cultist","floor":5.0,"turns":3.0},{"damage":32.0,"enemies":"Gremlin Nob","floor":6.0,"turns":4.0},{"damage":40.0,"enemies":"3 Sentries","floor":8.0,"turns":8.0},{"damage":3.0,"enemies":"Large Slime","floor":11.0,"turns":5.0},{"damage":39.0,"enemies":"The Guardian","floor":16.0,"turns":12.0},{"damage":13.0,"enemies":"Shell Parasite","floor":18.0,"turns":5.0},{"damage":12.0,"enemies":"3 Byrds","floor":22.0,"turns":5.0},{"damage":13.0,"enemies":"Centurion and Healer","floor":25.0,"turns":5.0},{"damage":21.0,"enemies":"Slavers","floor":29.0,"turns":6.0},{"damage":50.0,"enemies":"Automaton","floor":33.0,"turns":11.0},{"damage":0.0,"enemies":"3 Shapes","floor":35.0,"turns":8.0},{"damage":10.0,"enemies":"Orb Walker","floor":36.0,"turns":3.0},{"damage":6.0,"enemies":"Writhing Mass","floor":38.0,"turns":6.0},{"damage":6.0,"enemies":"4 Shapes","floor":39.0,"turns":10.0},{"damage":17.0,"enemies":"Maw","floor":41.0,"turns":6.0},{"damage":14.0,"enemies":"3 Darklings","floor":44.0,"turns":3.0},{"damage":50.0,"enemies":"Donu and Deca","floor":50.0,"turns":7.0},{"damage":22,"enemies":"Awakened One","floor":51,"turns":20}],"seed_played":"7190462905487647636","potions_obtained":[{"floor":4.0,"key":"Regen Potion"},{"floor":8.0,"key":"Regen Potion"},{"floor":25.0,"key":"Weak Potion"},{"floor":29.0,"key":"SpeedPotion"},{"floor":35.0,"key":"Block Potion"},{"floor":36.0,"key":"AttackPotion"}],"is_trial":false,"path_per_floor":["M","?","?","M","M","E","R","E","T","R","M","R","?","$","R","B",null,"M","?","$","?","M","R","?","M","T","?","R","E","?","$","R","B",null,"M","M","?","M","M","R","M","$","T","M","?","?","$","?","R","B","B",null],"character_chosen":"IRONCLAD","items_purchased":["Shrug It Off","Disarm","Inflame+1","Happy Flower"],"campfire_rested":2,"item_purchase_floors":[14,20,20,42],"current_hp_per_floor":[62,62,62,68,68,42,42,23,23,23,26,26,26,26,26,8,53,46,46,46,46,45,45,45,43,43,43,43,33,33,33,53,14,55,66,67,67,68,68,68,62,62,62,59,59,59,59,47,67,23,7],"gold":0,"neow_bonus":"THREE_RARE_CARDS","is_prod":false,"is_daily":false,"chose_seed":false,"campfire_upgraded":6,"win_rate":0,"timestamp":1564946475,"path_taken":["M","?","?","?","M","E","R","E","T","R","M","R","?","$","R","BOSS","M","?","$","?","?","R","?","M","T","?","R","E","?","?","R","BOSS","M","M","?","M","M","R","?","$","T","M","?","?","$","?","R","BOSS","BOSS"],"build_version":"2019-07-18","purchased_purges":1,"victory":true,"max_hp_per_floor":[75,68,68,68,68,68,68,68,68,68,68,68,68,68,68,68,68,68,68,68,68,68,68,68,68,68,68,68,68,68,68,68,68,68,68,68,68,68,68,68,68,68,68,68,68,68,68,68,68,68,68],"card_choices":[{"not_picked":["Offering","Double Tap"],"picked":"Bludgeon","floor":0.0},{"not_picked":["Iron Wave","Wild Strike","Headbutt"],"picked":"SKIP","floor":1.0},{"not_picked":["Headbutt","Pommel Strike","Thunderclap"],"picked":"SKIP","floor":4.0},{"not_picked":["Pummel","Headbutt"],"picked":"Whirlwind","floor":5.0},{"not_picked":["Whirlwind","Blood for Blood"],"picked":"Uppercut","floor":6.0},{"not_picked":["Sword Boomerang","Wild Strike","Bludgeon"],"picked":"SKIP","floor":8.0},{"not_picked":["Cleave","Wild Strike"],"picked":"Shockwave","floor":11.0},{"not_picked":["Reaper","Impervious"],"picked":"Demon Form+1","floor":16.0},{"not_picked":["Dropkick"],"picked":"SKIP","floor":18.0},{"not_picked":["Clash"],"picked":"SKIP","floor":22.0},{"not_picked":[],"picked":"True Grit+1","floor":25.0},{"not_picked":["Shockwave"],"picked":"SKIP","floor":29.0},{"not_picked":[],"picked":"Offering","floor":33.0},{"not_picked":["Reckless Charge"],"picked":"SKIP","floor":35.0},{"not_picked":["Burning Pact"],"picked":"SKIP","floor":36.0},{"not_picked":["Rupture+1"],"picked":"SKIP","floor":38.0},{"not_picked":["Thunderclap"],"picked":"SKIP","floor":39.0},{"not_picked":["Shrug It Off"],"picked":"SKIP","floor":41.0},{"not_picked":["Heavy Blade"],"picked":"SKIP","floor":44.0}],"player_experience":1046747,"relics_obtained":[{"floor":6.0,"key":"Calipers"},{"floor":8.0,"key":"Anchor"},{"floor":9.0,"key":"Frozen Egg 2"},{"floor":26.0,"key":"Ginger"},{"floor":29.0,"key":"Gambling Chip"},{"floor":43.0,"key":"The Courier"}],"event_choices":[{"damage_healed":0.0,"max_hp_gain":0.0,"max_hp_loss":7.0,"gold_gain":0.0,"event_name":"Golden Idol","player_choice":"Lose Max HP","floor":2.0,"gold_loss":0.0,"damage_taken":0.0,"relics_obtained":["Golden Idol"]},{"damage_healed":0.0,"max_hp_gain":0.0,"max_hp_loss":0.0,"gold_gain":50.0,"event_name":"Golden Shrine","player_choice":"Pray","floor":3.0,"gold_loss":0.0,"damage_taken":0.0},{"damage_healed":0.0,"max_hp_gain":0.0,"max_hp_loss":0.0,"gold_gain":0.0,"event_name":"Liars Game","player_choice":"Ignored","floor":13.0,"gold_loss":0.0,"damage_taken":0.0},{"damage_healed":0.0,"max_hp_gain":0.0,"max_hp_loss":0.0,"gold_gain":0.0,"event_name":"Forgotten Altar","player_choice":"Gave Idol","floor":19.0,"relics_lost":["Golden Idol"],"gold_loss":0.0,"damage_taken":0.0,"relics_obtained":["Bloody Idol"]},{"damage_healed":0.0,"max_hp_gain":0.0,"max_hp_loss":0.0,"gold_gain":0.0,"event_name":"Upgrade Shrine","player_choice":"Upgraded","floor":21.0,"gold_loss":0.0,"damage_taken":0.0,"cards_upgraded":["Disarm"]},{"damage_healed":0.0,"max_hp_gain":0.0,"max_hp_loss":0.0,"gold_gain":0.0,"event_name":"The Library","player_choice":"Read","floor":24.0,"gold_loss":0.0,"damage_taken":0.0,"cards_obtained":["Evolve"]},{"damage_healed":0.0,"max_hp_gain":0.0,"max_hp_loss":0.0,"gold_gain":0.0,"event_name":"Ghosts","player_choice":"Ignored","floor":27.0,"gold_loss":0.0,"damage_taken":0.0},{"cards_removed":["Strike_R"],"damage_healed":0.0,"max_hp_gain":0.0,"max_hp_loss":0.0,"gold_gain":0.0,"event_name":"Back to Basics","player_choice":"Elegance","floor":30.0,"gold_loss":0.0,"damage_taken":0.0},{"cards_removed":["Strike_R"],"damage_healed":0.0,"max_hp_gain":0.0,"max_hp_loss":0.0,"gold_gain":0.0,"event_name":"Purifier","player_choice":"Purged","floor":37.0,"gold_loss":0.0,"damage_taken":0.0},{"damage_healed":0.0,"max_hp_gain":0.0,"max_hp_loss":0.0,"gold_gain":0.0,"event_name":"SensoryStone","player_choice":"Memory 1","floor":45.0,"gold_loss":0.0,"damage_taken":0.0},{"damage_healed":0.0,"max_hp_gain":0.0,"max_hp_loss":0.0,"gold_gain":0.0,"event_name":"Tomb of Lord Red Mask","player_choice":"Paid","floor":46.0,"gold_loss":12.0,"damage_taken":0.0,"relics_obtained":["Red Mask"]},{"damage_healed":0.0,"max_hp_gain":0.0,"max_hp_loss":0.0,"gold_gain":0.0,"event_name":"Winding Halls","player_choice":"Embrace Madness","floor":48.0,"gold_loss":0.0,"damage_taken":12.0,"cards_obtained":["Madness","Madness"]}],"is_beta":true,"boss_relics":[{"not_picked":["Black Star","Mark of Pain"],"picked":"Busted Crown"},{"not_picked":["Empty Cage","Astrolabe"],"picked":"Fusion Hammer"}],"items_purged_floors":[14],"is_endless":false,"potions_floor_spawned":[4,8,25,29,35,36,41],"ascension_level":22}