{"gold_per_floor":[214,229,247,34,53,78,78,103,103,114,4,24,24,49,49,123,123,134,49,49,49,49,49,82,92,92,92,111,166,38,55,55,132,132,152,152,62,75,75,75,75,75,75,86,86,11,25,40,40,40,40,40,40,40,69,69],"floor_reached":56,"playtime":7054,"items_purged":["Strike_B+1"],"score":1935,"play_id":"046721c0-0ba1-43eb-96b0-a2f9fe094104","local_time":"20190421205255","is_ascension_mode":true,"campfire_choices":[{"data":"Defragment","floor":7.0,"key":"SMITH"},{"floor":13.0,"key":"REST"},{"data":"Capacitor","floor":15.0,"key":"SMITH"},{"floor":23.0,"key":"DIG"},{"floor":27.0,"key":"REST"},{"floor":32.0,"key":"REST"},{"data":"Blizzard","floor":40.0,"key":"SMITH"},{"floor":42.0,"key":"DIG"},{"floor":45.0,"key":"RECALL"},{"floor":49.0,"key":"REST"},{"floor":53,"key":"DIG"}],"neow_cost":"NONE","seed_source_timestamp":347979787945872,"circlet_count":0,"master_deck":["AscendersBane","Strike_B+1","Strike_B+1","Strike_B+1","Defend_B+1","Defend_B+1","Defend_B+1","Defend_B+1","Dualcast","Conserve Battery+1","Ball Lightning","Cold Snap","Defragment+1","Genetic Algorithm+1","Capacitor+1","Conserve Battery+1","Consume+1","Amplify+1","Seek+1","Leap+1","Rebound","Seek+1","Coolheaded+1","Core Surge","Glacier+1","Deep Breath+1","Reprogram+1","Fission+1","Blizzard+1","Consume+1","Coolheaded+1","Skim+1"],"special_seed":0,"relics":["Cracked Core","Sling","Oddly Smooth Stone","Pen Nib","Toxic Egg 2","Mango","Inserter","Shovel","War Paint","Blue Candle","Letter Opener","Tiny Chest","Snecko Eye","Cables","Turnip","Dodecahedron","Strawberry"],"potions_floor_usage":[55,56],"damage_taken":[{"damage":0.0,"enemies":"Cultist","floor":1.0,"turns":3.0},{"damage":1.0,"enemies":"2 Louse","floor":2.0,"turns":2.0},{"damage":0.0,"enemies":"Jaw Worm","floor":3.0,"turns":4.0},{"damage":6.0,"enemies":"Looter","floor":5.0,"turns":3.0},{"damage":26.0,"enemies":"Gremlin Nob","floor":6.0,"turns":4.0},{"damage":8.0,"enemies":"Lagavulin","floor":8.0,"turns":5.0},{"damage":6.0,"enemies":"2 Fungi Beasts","floor":10.0,"turns":3.0},{"damage":3.0,"enemies":"Red Slaver","floor":12.0,"turns":4.0},{"damage":4.0,"enemies":"Gremlin Nob","floor":14.0,"turns":4.0},{"damage":2.0,"enemies":"Hexaghost","floor":16.0,"turns":11.0},{"damage":12.0,"enemies":"3 Byrds","floor":18.0,"turns":5.0},{"damage":35.0,"enemies":"Slavers","floor":24.0,"turns":8.0},{"damage":0.0,"enemies":"Spheric Guardian","floor":25.0,"turns":6.0},{"damage":10.0,"enemies":"3 Cultists","floor":28.0,"turns":5.0},{"damage":29.0,"enemies":"Gremlin Leader","floor":29.0,"turns":12.0},{"damage":0.0,"enemies":"Chosen and Byrds","floor":31.0,"turns":11.0},{"damage":14.0,"enemies":"Automaton","floor":33.0,"turns":18.0},{"damage":0.0,"enemies":"3 Darklings","floor":35.0,"turns":10.0},{"damage":0.0,"enemies":"3 Shapes","floor":38.0,"turns":13.0},{"damage":0.0,"enemies":"Spire Growth","floor":44.0,"turns":5.0},{"damage":0.0,"enemies":"4 Shapes","floor":47.0,"turns":6.0},{"damage":13.0,"enemies":"Jaw Worm Horde","floor":48.0,"turns":7.0},{"damage":3,"enemies":"Donu and Deca","floor":50,"turns":67},{"damage":0,"enemies":"Time Eater","floor":51,"turns":20},{"damage":50,"enemies":"Shield and Spear","floor":55,"turns":14},{"damage":75,"enemies":"The Heart","floor":56,"turns":2}],"seed_played":"-6458552103149739357","potions_obtained":[{"floor":2.0,"key":"Dexterity Potion"},{"floor":3.0,"key":"Dexterity Potion"},{"floor":28.0,"key":"Strength Potion"}],"is_trial":false,"path_per_floor":["M","M","M","$","M","E","R","E","T","M","$","M","R","E","R","B",null,"M","?","?","?","?","R","E","M","T","R","M","E","$","M","R","B",null,"M","T","$","M","?","R","?","R","T","M","R","$","M","M","R","B","B",null,"R","$","E","B"],"character_chosen":"DEFECT","items_purchased":["Sling","Conserve Battery+1","SteroidPotion","Glacier+1","Deep Breath+1","Blizzard"],"campfire_rested":4,"item_purchase_floors":[4,11,11,30,30,37],"current_hp_per_floor":[64,63,63,63,57,31,31,23,23,17,17,14,35,45,45,43,75,63,63,63,63,63,63,28,28,28,53,43,14,14,14,39,25,70,70,70,70,70,70,70,70,70,70,70,70,70,70,57,82,79,79,84,84,84,41,0],"gold":69,"neow_bonus":"HUNDRED_GOLD","is_prod":false,"is_daily":false,"chose_seed":false,"campfire_upgraded":3,"win_rate":0,"timestamp":1555894375,"path_taken":["M","M","M","$","M","E","R","E","T","?","$","M","R","E","R","BOSS","M","?","?","?","?","R","E","M","T","R","M","E","$","?","R","BOSS","M","?","$","M","?","R","?","R","T","M","R","$","?","?","R","BOSS","BOSS","R","$","E","BOSS"],"build_version":"2019-01-23","purchased_purges":1,"victory":false,"max_hp_per_floor":[71,71,71,71,71,71,71,71,71,71,71,71,71,85,85,85,85,85,85,85,85,85,85,85,85,85,85,85,85,85,85,85,85,85,85,85,85,85,85,85,85,85,85,85,85,85,85,85,85,85,85,85,85,85,92,92],"card_choices":[{"not_picked":["Beam Cell","Double Energy"],"picked":"Conserve Battery","floor":1.0},{"not_picked":["Leap","Sweeping Beam"],"picked":"Cold Snap","floor":2.0},{"not_picked":["Beam Cell","Hello World"],"picked":"Ball Lightning","floor":3.0},{"not_picked":["Ball Lightning","Chill"],"picked":"Cold Snap","floor":5.0},{"not_picked":["Coolheaded","Chaos"],"picked":"Defragment","floor":6.0},{"not_picked":["Cold Snap","Double Energy"],"picked":"Genetic Algorithm","floor":8.0},{"not_picked":["Ball Lightning","Streamline"],"picked":"Capacitor","floor":10.0},{"not_picked":["Darkness+1","Aggregate+1"],"picked":"Consume+1","floor":12.0},{"not_picked":["Hello World","Go for the Eyes"],"picked":"Amplify+1","floor":14.0},{"not_picked":["Electrodynamics","Meteor Strike"],"picked":"Seek+1","floor":16.0},{"not_picked":["Barrage","Steam Power+1"],"picked":"Leap+1","floor":18.0},{"not_picked":["Conserve Battery+1","Sunder"],"picked":"Seek+1","floor":24.0},{"not_picked":["Go for the Eyes","Storm","Gash"],"picked":"SKIP","floor":25.0},{"not_picked":["Conserve Battery+1","Redo+1"],"picked":"Coolheaded+1","floor":28.0},{"not_picked":["Chaos+1","Streamline"],"picked":"Core Surge","floor":29.0},{"not_picked":["Capacitor","Cold Snap"],"picked":"Reprogram+1","floor":31.0},{"not_picked":["Rainbow+1","Reboot+1"],"picked":"Fission+1","floor":33.0},{"not_picked":["Sweeping Beam","Compile Driver+1","Beam Cell"],"picked":"SKIP","floor":35.0},{"not_picked":["BootSequence+1","Tempest+1"],"picked":"Consume+1","floor":38.0},{"not_picked":["Go for the Eyes","Gash+1"],"picked":"Coolheaded+1","floor":44.0},{"not_picked":["Capacitor+1","Self Repair","Go for the Eyes+1"],"picked":"SKIP","floor":47.0},{"not_picked":["Beam Cell","Capacitor","Genetic Algorithm+1"],"picked":"SKIP","floor":48.0},{"not_picked":["Redo+1","Turbo+1"],"picked":"Skim+1","floor":55}],"player_experience":752899,"relics_obtained":[{"floor":6.0,"key":"Oddly Smooth Stone"},{"floor":8.0,"key":"Pen Nib"},{"floor":9.0,"key":"Toxic Egg 2"},{"floor":14.0,"key":"Mango"},{"floor":23.0,"key":"War Paint"},{"floor":24.0,"key":"Blue Candle"},{"floor":26.0,"key":"Letter Opener"},{"floor":29.0,"key":"Tiny Chest"},{"floor":36.0,"key":"Cables"},{"floor":42.0,"key":"Turnip"},{"floor":53,"key":"Dodecahedron"},{"floor":55,"key":"Strawberry"}],"event_choices":[{"damage_healed":0.0,"max_hp_gain":0.0,"max_hp_loss":0.0,"gold_gain":0.0,"event_name":"Addict","player_choice":"Obtained Relic","floor":19.0,"gold_loss":85.0,"damage_taken":0.0,"relics_obtained":["Shovel"]},{"damage_healed":0.0,"max_hp_gain":0.0,"max_hp_loss":0.0,"gold_gain":0.0,"event_name":"Back to Basics","player_choice":"Simplicity","floor":20.0,"gold_loss":0.0,"damage_taken":0.0,"cards_upgraded":["Strike_B","Strike_B","Strike_B","Strike_B","Defend_B","Defend_B","Defend_B","Defend_B"]},{"damage_healed":0.0,"max_hp_gain":0.0,"max_hp_loss":0.0,"gold_gain":0.0,"event_name":"Beggar","player_choice":"Ignored","floor":21.0,"gold_loss":0.0,"damage_taken":0.0},{"damage_healed":0.0,"max_hp_gain":0.0,"max_hp_loss":0.0,"gold_gain":0.0,"cards_transformed":["Zap"],"event_name":"Transmorgrifier","player_choice":"Transformed","floor":22.0,"gold_loss":0.0,"damage_taken":0.0,"cards_obtained":["Rebound"]},{"damage_healed":0.0,"max_hp_gain":0.0,"max_hp_loss":0.0,"gold_gain":0.0,"event_name":"Mysterious Sphere","player_choice":"Ignored","floor":39.0,"gold_loss":0.0,"damage_taken":0.0},{"cards_removed":["Cold Snap"],"damage_healed":0.0,"max_hp_gain":0.0,"max_hp_loss":0.0,"gold_gain":0.0,"event_name":"Falling","player_choice":"Removed Attack","floor":41.0,"gold_loss":0.0,"damage_taken":0.0}],"is_beta":false,"boss_relics":[{"not_picked":["Astrolabe","Velvet Choker"],"picked":"Inserter"},{"not_picked":["FrozenCore","Black Star"],"picked":"Snecko Eye"}],"items_purged_floors":[46],"is_endless":false,"potions_floor_spawned":[2,3,12,14,16,18,28,29,35,44],"killed_by":"The Heart","ascension_level":20}