{"gold_per_floor":[116,130,130,150,75,75,106,106,132,166,54,68,18,18,18,119,119,133,133,133,152,152,152],"floor_reached":23,"playtime":1990,"items_purged":["Strike_B"],"score":246,"play_id":"4f4f42df-03ac-4300-b884-10a07eab9f86","local_time":"20180909145835","is_ascension_mode":true,"campfire_choices":[{"data":"Dualcast","floor":6,"key":"SMITH"},{"floor":8,"key":"REST"},{"floor":15,"key":"REST"}],"neow_cost":"NONE","seed_source_timestamp":541034101121109,"circlet_count":0,"master_deck":["Strike_B","Strike_B","Defend_B","Defend_B","Defend_B+1","Zap+1","Dualcast+1","Consume+1","Chill","Coolheaded+1","FTL","FTL","All For One+1","Reinforced Body","Auto Shields+1","Necronomicurse"],"relics":["Cracked Core","Regal Pillow","War Paint","The Courier","Inserter","Necronomicon"],"potions_floor_usage":[4,10,16,23],"damage_taken":[{"damage":0,"enemies":"2 Louse","floor":1,"turns":1},{"damage":7,"enemies":"Jaw Worm","floor":2,"turns":3},{"damage":7,"enemies":"Small Slimes","floor":4,"turns":3},{"damage":43,"enemies":"Gremlin Nob","floor":7,"turns":5},{"damage":20,"enemies":"3 Sentries","floor":10,"turns":9},{"damage":0,"enemies":"2 Fungi Beasts","floor":12,"turns":2},{"damage":11,"enemies":"Slime Boss","floor":16,"turns":9},{"damage":0,"enemies":"Chosen","floor":18,"turns":4},{"damage":2,"enemies":"Shell Parasite","floor":21,"turns":3},{"damage":59,"enemies":"Gremlin Leader","floor":23,"turns":5}],"seed_played":"-8444699742937039095","potions_obtained":[{"floor":2,"key":"PowerPotion"},{"floor":7,"key":"Block Potion"},{"floor":10,"key":"Strength Potion"},{"floor":21,"key":"EssenceOfSteel"}],"is_trial":false,"path_per_floor":["M","M","?","M","$","R","E","R","T","E","$","M","?","?","R","B",null,"M","?","?","M","?"],"character_chosen":"DEFECT","items_purchased":["FTL","FTL"],"campfire_rested":2,"item_purchase_floors":[11,11],"current_hp_per_floor":[75,68,61,54,54,54,11,48,48,28,28,28,28,28,65,54,70,70,70,70,68,52,0],"gold":152,"neow_bonus":"UPGRADE_CARD","is_prod":false,"is_daily":false,"chose_seed":false,"campfire_upgraded":1,"win_rate":0,"timestamp":1536523115,"path_taken":["M","M","?","M","$","R","E","R","T","E","$","M","?","?","R","BOSS","M","?","?","?","?","E"],"build_version":"2018-09-06","purchased_purges":1,"victory":false,"max_hp_per_floor":[75,75,75,75,75,75,75,75,75,75,75,75,75,75,75,75,75,75,75,75,75,75,75],"card_choices":[{"not_picked":["Compile Driver","Static Discharge","Rip and Tear"],"picked":"SKIP","floor":1},{"not_picked":["Storm","Sweeping Beam","Stack"],"picked":"SKIP","floor":2},{"not_picked":["Hologram","Melter"],"picked":"Consume","floor":4},{"not_picked":["Heatsinks","Reinforced Body"],"picked":"Chill","floor":7},{"not_picked":["Consume","Cold Snap"],"picked":"Coolheaded","floor":10},{"not_picked":["Leap","Turbo","Hologram"],"picked":"SKIP","floor":12},{"not_picked":["Meteor Strike","Fission"],"picked":"All For One","floor":16},{"not_picked":["Melter+1","Leap+1","Double Energy"],"picked":"SKIP","floor":18},{"not_picked":["Fusion","Go for the Eyes"],"picked":"Auto Shields+1","floor":21}],"player_experience":461903,"relics_obtained":[{"floor":7,"key":"Regal Pillow"},{"floor":9,"key":"War Paint"},{"floor":10,"key":"The Courier"},{"floor":22,"key":"Necronomicon"}],"event_choices":[{"event_name":"Golden Wing","player_choice":"Card Removal","floor":3,"damage_taken":0},{"event_name":"The Cleric","player_choice":"Card Removal","floor":13,"damage_taken":0},{"event_name":"Upgrade Shrine","player_choice":"Upgraded","floor":14,"damage_taken":0},{"event_name":"Upgrade Shrine","player_choice":"Upgraded","floor":19,"damage_taken":0},{"event_name":"The Library","player_choice":"Read","floor":20,"damage_taken":0},{"event_name":"Cursed Tome","player_choice":"Obtained Book","floor":22,"damage_taken":0}],"is_beta":false,"boss_relics":[{"not_picked":["Nuclear Battery","FrozenCore"],"picked":"Inserter"}],"items_purged_floors":[5],"is_endless":false,"potions_floor_spawned":[2,7,10,21],"killed_by":"Gremlin Leader","ascension_level":5}