{"gold_per_floor":[113,113,133,58,38,38,57,57,87,125,25,43,43],"floor_reached":13,"playtime":879,"items_purged":["Strike_B","Strike_B"],"score":91,"play_id":"05490ffc-5adb-4b3d-ad1e-5295cc2ec856","local_time":"20190601210422","is_ascension_mode":true,"campfire_choices":[{"data":"Gash","floor":6,"key":"SMITH"}],"neow_cost":"TEN_PERCENT_HP_LOSS","seed_source_timestamp":127821792700103,"circlet_count":0,"master_deck":["Strike_B","Strike_B","Defend_B","Defend_B","Defend_B","Defend_B","Zap","Dualcast","Streamline","Gash+1","Conserve Battery"],"relics":["Cracked Core","Turnip","Golden Idol","Ancient Tea Set","Tiny Chest","Juzu Bracelet"],"potions_floor_usage":[13],"damage_taken":[{"damage":1,"enemies":"Cultist","floor":1,"turns":3},{"damage":7,"enemies":"Jaw Worm","floor":3,"turns":3},{"damage":1,"enemies":"2 Louse","floor":7,"turns":2},{"damage":25,"enemies":"3 Sentries","floor":10,"turns":7},{"damage":2,"enemies":"Looter","floor":12,"turns":3},{"damage":27,"enemies":"Gremlin Nob","floor":13,"turns":3}],"seed_played":"6464472359881806859","potions_obtained":[{"floor":3,"key":"FocusPotion"},{"floor":7,"key":"FearPotion"},{"floor":10,"key":"LiquidBronze"}],"is_trial":false,"path_per_floor":["M","?","M","$","?","R","M","T","T","E","$","M","E"],"character_chosen":"DEFECT","items_purchased":[],"campfire_rested":0,"item_purchase_floors":[],"current_hp_per_floor":[67,50,43,43,43,43,42,42,42,17,17,15,0],"gold":43,"neow_bonus":"ONE_RARE_RELIC","is_prod":false,"is_daily":false,"chose_seed":false,"campfire_upgraded":1,"win_rate":0,"timestamp":1559415862,"path_taken":["M","?","M","?","?","R","M","?","T","E","$","M","E"],"build_version":"2019-01-23","purchased_purges":2,"victory":false,"max_hp_per_floor":[68,68,68,68,68,68,68,68,68,68,68,68,68],"card_choices":[{"not_picked":["Sweeping Beam","Ball Lightning"],"picked":"Streamline","floor":1},{"not_picked":["Streamline","Redo"],"picked":"Gash","floor":3},{"not_picked":["Gash","Heatsinks"],"picked":"Conserve Battery","floor":7},{"not_picked":["Beam Cell","Go for the Eyes","Recycle"],"picked":"SKIP","floor":10},{"not_picked":["Force Field","Recycle","Stack"],"picked":"SKIP","floor":12}],"player_experience":153838,"relics_obtained":[{"floor":8,"key":"Ancient Tea Set"},{"floor":9,"key":"Tiny Chest"},{"floor":10,"key":"Juzu Bracelet"}],"event_choices":[{"damage_healed":0,"gold_gain":0,"player_choice":"Take Damage","damage_taken":17,"relics_obtained":["Golden Idol"],"max_hp_gain":0,"max_hp_loss":0,"event_name":"Golden Idol","floor":2,"gold_loss":0},{"damage_healed":0,"gold_gain":0,"player_choice":"Left Gold","damage_taken":0,"max_hp_gain":0,"max_hp_loss":0,"event_name":"World of Goop","floor":5,"gold_loss":20}],"is_beta":false,"boss_relics":[],"items_purged_floors":[4,11],"is_endless":false,"potions_floor_spawned":[3,7,10],"killed_by":"Gremlin Nob","ascension_level":2}