{"gold_per_floor":[109,120,120,138,154,180,180,190,190,222,234,234,244,14,14,86,86,101,101,101,111,23,50,50,78,130,130,140,100,100,134,134,212,212,232,242,82,182,182,213,225,225,225,245,271,287,12,46,46,46],"floor_reached":50,"playtime":3865,"items_purged":["Strike_G","Writhe"],"score":1400,"play_id":"a1e1a737-2b5d-4010-8c19-8c4bb45066f8","local_time":"20190623213412","is_ascension_mode":true,"campfire_choices":[{"floor":7,"key":"REST"},{"floor":12,"key":"REST"},{"data":"After Image","floor":15,"key":"SMITH"},{"data":"Malaise","floor":24,"key":"SMITH"},{"data":"Bouncing Flask","floor":27,"key":"SMITH"},{"floor":30,"key":"REST"},{"floor":32,"key":"REST"},{"floor":42,"key":"REST"},{"floor":49,"key":"RECALL"}],"neow_cost":"NONE","seed_source_timestamp":0,"circlet_count":0,"master_deck":["AscendersBane","Survivor","Neutralize","PiercingWail","Poisoned Stab","Die Die Die","Quick Slash","Deadly Poison","Quick Slash","Well Laid Plans","Bouncing Flask+1","After Image+1","Dash+1","Well Laid Plans","Malaise+1","Tools of the Trade","After Image","Doppelganger","Sucker Punch+1","Endless Agony+1","Distraction","Dash+1","Sucker Punch+1","Deflect","Backflip","Cloak And Dagger","Cloak And Dagger","Tactician","Deflect","Noxious Fumes","Tools of the Trade","Finisher+1","Catalyst","Footwork","Cloak And Dagger","Backflip+1","Blur","Deflect+1","Finesse","Deflect+1"],"special_seed":0,"relics":["Philosopher\u0027s Stone","Oddly Smooth Stone","Molten Egg 2","Bronze Scales","Pandora\u0027s Box","Tough Bandages","Mango","Potion Belt","Sundial","Runic Pyramid","Tingsha","Darkstone Periapt","Turnip","Omamori"],"potions_floor_usage":[6,23,23,33,38,40,41,41,41,41,44,45,48,48,50],"damage_taken":[{"damage":0,"enemies":"2 Louse","floor":1,"turns":4},{"damage":0,"enemies":"Jaw Worm","floor":2,"turns":4},{"damage":0,"enemies":"Small Slimes","floor":4,"turns":3},{"damage":1,"enemies":"Red Slaver","floor":5,"turns":3},{"damage":15,"enemies":"3 Sentries","floor":6,"turns":6},{"damage":0,"enemies":"Exordium Wildlife","floor":8,"turns":3},{"damage":34,"enemies":"Gremlin Nob","floor":10,"turns":4},{"damage":1,"enemies":"Large Slime","floor":11,"turns":5},{"damage":2,"enemies":"Gremlin Gang","floor":13,"turns":2},{"damage":12,"enemies":"The Guardian","floor":16,"turns":9},{"damage":5,"enemies":"Spheric Guardian","floor":18,"turns":4},{"damage":0,"enemies":"Chosen","floor":21,"turns":4},{"damage":16,"enemies":"Slavers","floor":23,"turns":6},{"damage":31,"enemies":"Gremlin Leader","floor":25,"turns":5},{"damage":0,"enemies":"Snecko","floor":28,"turns":6},{"damage":16,"enemies":"Book of Stabbing","floor":31,"turns":6},{"damage":0,"enemies":"Automaton","floor":33,"turns":10},{"damage":21,"enemies":"3 Shapes","floor":35,"turns":5},{"damage":40,"enemies":"3 Darklings","floor":36,"turns":6},{"damage":0,"enemies":"Mind Bloom Boss Battle","floor":38,"turns":8},{"damage":20,"enemies":"Giant Head","floor":40,"turns":12},{"damage":2,"enemies":"Jaw Worm Horde","floor":41,"turns":5},{"damage":4,"enemies":"Sphere and 2 Shapes","floor":44,"turns":5},{"damage":15,"enemies":"Nemesis","floor":45,"turns":9},{"damage":9,"enemies":"Writhing Mass","floor":46,"turns":7},{"damage":0,"enemies":"Reptomancer","floor":48,"turns":11},{"damage":8,"enemies":"Donu and Deca","floor":50,"turns":3}],"seed_played":"-2353185335087196214","potions_obtained":[{"floor":2,"key":"SteroidPotion"},{"floor":5,"key":"Energy Potion"},{"floor":11,"key":"Poison Potion"},{"floor":18,"key":"Swift Potion"},{"floor":29,"key":"EntropicBrew"},{"floor":29,"key":"Weak Potion"},{"floor":29,"key":"Ancient Potion"},{"floor":31,"key":"PowerPotion"},{"floor":36,"key":"PowerPotion"},{"floor":40,"key":"Poison Potion"},{"floor":44,"key":"Weak Potion"},{"floor":45,"key":"Swift Potion"},{"floor":48,"key":"LiquidBronze"}],"is_trial":false,"path_per_floor":["M","M","?","M","M","E","R","M","T","E","M","R","M","$","R","B",null,"M","?","?","M","$","E","R","E","T","R","M","?","R","E","R","B",null,"M","M","$","?","?","E","M","R","T","M","E","M","$","E","R","B"],"character_chosen":"THE_SILENT","items_purchased":["Dash+1","Well Laid Plans","Backflip","Cloak And Dagger","Catalyst","Footwork","Finesse","EssenceOfSteel"],"campfire_rested":5,"item_purchase_floors":[14,14,22,22,37,37,47,47],"current_hp_per_floor":[59,59,39,39,38,23,42,42,42,8,7,26,24,24,24,12,53,48,48,48,48,48,32,32,15,15,15,15,15,39,23,47,47,72,51,11,11,11,27,7,5,29,29,25,10,1,1,1,1,0],"gold":46,"neow_bonus":"BOSS_RELIC","is_prod":false,"is_daily":false,"chose_seed":false,"campfire_upgraded":3,"win_rate":0,"timestamp":1561340052,"path_taken":["M","M","?","M","M","E","R","M","T","E","M","R","M","$","R","BOSS","M","?","?","M","$","E","R","E","T","R","M","?","R","E","R","BOSS","M","?","$","?","?","E","M","R","T","M","E","M","$","E","R","BOSS"],"build_version":"2019-01-23","purchased_purges":2,"victory":false,"max_hp_per_floor":[66,66,66,66,66,66,66,66,66,66,66,66,66,66,66,66,66,66,66,66,66,66,66,66,80,80,80,80,80,80,80,80,80,80,80,80,80,80,80,80,80,80,80,80,80,80,80,80,80,80],"card_choices":[{"not_picked":["Acrobatics","Prepared"],"picked":"PiercingWail","floor":1},{"not_picked":["Outmaneuver","Dagger Throw"],"picked":"Poisoned Stab","floor":2},{"not_picked":["All Out Attack","Dagger Spray"],"picked":"Die Die Die","floor":4},{"not_picked":["Flying Knee","Cloak And Dagger"],"picked":"Quick Slash","floor":5},{"not_picked":["Outmaneuver","Bane"],"picked":"Deadly Poison","floor":6},{"not_picked":["Sucker Punch","Accuracy"],"picked":"Quick Slash","floor":8},{"not_picked":["Deflect","Flying Knee+1"],"picked":"Well Laid Plans","floor":10},{"not_picked":["Reflex","Deadly Poison"],"picked":"Bouncing Flask","floor":11},{"not_picked":["Riddle With Holes+1","Acrobatics"],"picked":"After Image","floor":13},{"not_picked":["After Image","Phantasmal Killer"],"picked":"Malaise","floor":16},{"not_picked":["Slice+1","Underhanded Strike+1","Blade Dance"],"picked":"SKIP","floor":18},{"not_picked":["Poisoned Stab+1","Riddle With Holes+1"],"picked":"Deflect","floor":21},{"not_picked":["Storm of Steel","Dagger Throw+1"],"picked":"Cloak And Dagger","floor":23},{"not_picked":["Outmaneuver","Flying Knee+1"],"picked":"Tactician","floor":25},{"not_picked":["Deadly Poison","Backstab+1"],"picked":"Deflect","floor":28},{"not_picked":["Flechettes+1","Terror"],"picked":"Noxious Fumes","floor":31},{"not_picked":["Venomology","Bullet Time"],"picked":"Tools of the Trade","floor":33},{"not_picked":["Well Laid Plans","Calculated Gamble+1"],"picked":"Finisher+1","floor":35},{"not_picked":["Dash+1","Prepared","All Out Attack+1"],"picked":"SKIP","floor":36},{"not_picked":["Sucker Punch+1","Endless Agony+1"],"picked":"Cloak And Dagger","floor":38},{"not_picked":["Slice+1","Sucker Punch+1"],"picked":"Backflip+1","floor":40},{"not_picked":["Slice+1","Outmaneuver+1"],"picked":"Blur","floor":41},{"not_picked":["Bane+1","Endless Agony+1","Flying Knee+1"],"picked":"SKIP","floor":44},{"not_picked":["Terror","Infinite Blades"],"picked":"Deflect+1","floor":45},{"not_picked":["Slice+1","Cloak And Dagger","Outmaneuver"],"picked":"SKIP","floor":46},{"not_picked":["A Thousand Cuts","Bane+1"],"picked":"Deflect+1","floor":48}],"player_experience":941305,"relics_obtained":[{"floor":6,"key":"Oddly Smooth Stone"},{"floor":9,"key":"Molten Egg 2"},{"floor":10,"key":"Bronze Scales"},{"floor":23,"key":"Tough Bandages"},{"floor":25,"key":"Mango"},{"floor":26,"key":"Potion Belt"},{"floor":31,"key":"Sundial"},{"floor":38,"key":"Tingsha"},{"floor":40,"key":"Darkstone Periapt"},{"floor":45,"key":"Turnip"},{"floor":48,"key":"Omamori"}],"event_choices":[{"damage_healed":0,"gold_gain":0,"player_choice":"Entered Light","damage_taken":20,"max_hp_gain":0,"max_hp_loss":0,"event_name":"Shining Light","floor":3,"gold_loss":0,"cards_upgraded":["Defend_G","Strike_G"]},{"cards_removed":["Underhanded Strike"],"damage_healed":0,"gold_gain":0,"player_choice":"Elegance","damage_taken":0,"max_hp_gain":0,"max_hp_loss":0,"event_name":"Back to Basics","floor":19,"gold_loss":0},{"damage_healed":0,"gold_gain":0,"player_choice":"Ignored","damage_taken":0,"max_hp_gain":0,"max_hp_loss":0,"event_name":"The Mausoleum","floor":20,"gold_loss":0},{"damage_healed":0,"gold_gain":0,"player_choice":"Bought 3 Potions","damage_taken":0,"max_hp_gain":0,"max_hp_loss":0,"event_name":"The Woman in Blue","floor":29,"gold_loss":0},{"damage_healed":0,"gold_gain":0,"player_choice":"Fight","damage_taken":0,"max_hp_gain":0,"max_hp_loss":0,"event_name":"MindBloom","floor":38,"gold_loss":0},{"damage_healed":16,"gold_gain":0,"player_choice":"Writhe","damage_taken":0,"max_hp_gain":0,"max_hp_loss":0,"event_name":"Winding Halls","floor":39,"gold_loss":0,"cards_obtained":["Writhe"]}],"is_beta":false,"boss_relics":[{"not_picked":["Orrery","Runic Dome"],"picked":"Pandora\u0027s Box"},{"not_picked":["Cursed Key","Tiny House"],"picked":"Runic Pyramid"}],"items_purged_floors":[14,47],"is_endless":false,"potions_floor_spawned":[2,5,11,16,18,31,36,40,44,45,48],"killed_by":"Donu and Deca","ascension_level":20}