{"gold_per_floor":[114,114,189,206,206,241,241,251,251,125,142,142,169,182,182,182],"floor_reached":16,"playtime":1751,"items_purged":["Strike_R"],"score":176,"play_id":"32c9b234-3e67-4c36-832c-10b171042d6e","local_time":"20181223143052","is_ascension_mode":true,"campfire_choices":[{"floor":7.0,"key":"REST"},{"data":"True Grit","floor":12.0,"key":"SMITH"},{"floor":15.0,"key":"REST"}],"neow_cost":"NONE","seed_source_timestamp":0,"circlet_count":0,"master_deck":["AscendersBane","Strike_R","Strike_R","Strike_R","Strike_R","Defend_R","Defend_R","Defend_R","Defend_R","Bash+1","Shrug It Off","Metallicize+1","Cleave","True Grit+1","Sentinel","Dual Wield","Uppercut"],"special_seed":0,"relics":["Burning Blood","Pantograph","Ornamental Fan","Magic Flower"],"potions_floor_usage":[16],"damage_taken":[{"damage":4.0,"enemies":"2 Louse","floor":1.0,"turns":5.0},{"damage":1.0,"enemies":"Cultist","floor":4.0,"turns":4.0},{"damage":43.0,"enemies":"Gremlin Nob","floor":6.0,"turns":6.0},{"damage":4.0,"enemies":"Jaw Worm","floor":8.0,"turns":4.0},{"damage":6.0,"enemies":"Looter","floor":11.0,"turns":4.0},{"damage":30.0,"enemies":"3 Sentries","floor":13.0,"turns":14.0},{"damage":0.0,"enemies":"Large Slime","floor":14.0,"turns":4.0},{"damage":94,"enemies":"Hexaghost","floor":16,"turns":16}],"seed_played":"-573549179088769234","potions_obtained":[{"floor":4.0,"key":"Regen Potion"},{"floor":11.0,"key":"SkillPotion"},{"floor":13.0,"key":"Fire Potion"}],"is_trial":false,"path_per_floor":["M","?","?","M","?","E","R","M","T","$","M","R","E","M","R","B"],"character_chosen":"IRONCLAD","items_purchased":["True Grit"],"campfire_rested":2,"item_purchase_floors":[10],"current_hp_per_floor":[74,74,63,68,68,31,55,57,57,57,57,57,33,42,66,0],"gold":182,"neow_bonus":"UPGRADE_CARD","is_prod":false,"is_daily":false,"chose_seed":false,"campfire_upgraded":1,"win_rate":0,"timestamp":1545597052,"path_taken":["M","?","?","M","?","E","R","M","T","$","M","R","E","?","R","BOSS"],"build_version":"2018-12-20","purchased_purges":1,"victory":false,"max_hp_per_floor":[80,80,80,80,80,80,80,80,80,80,80,80,80,80,80,80],"card_choices":[{"not_picked":["Anger","Heavy Blade"],"picked":"Shrug It Off","floor":1.0},{"not_picked":["Body Slam","Twin Strike"],"picked":"Metallicize","floor":4.0},{"not_picked":["Burning Pact","Perfected Strike"],"picked":"Cleave","floor":6.0},{"not_picked":["Body Slam","Twin Strike","Flex"],"picked":"SKIP","floor":8.0},{"not_picked":["Exhume","Perfected Strike"],"picked":"Sentinel","floor":11.0},{"not_picked":["Clash","Heavy Blade"],"picked":"Dual Wield","floor":13.0},{"not_picked":["Rupture","Armaments"],"picked":"Uppercut","floor":14.0}],"player_experience":931992,"relics_obtained":[{"floor":6.0,"key":"Pantograph"},{"floor":9.0,"key":"Ornamental Fan"},{"floor":13.0,"key":"Magic Flower"}],"event_choices":[{"damage_healed":0.0,"max_hp_gain":0.0,"max_hp_loss":0.0,"gold_gain":0.0,"event_name":"Liars Game","player_choice":"Ignored","floor":2.0,"gold_loss":0.0,"damage_taken":0.0},{"damage_healed":0.0,"max_hp_gain":0.0,"max_hp_loss":0.0,"gold_gain":75.0,"event_name":"World of Goop","player_choice":"Gather Gold","floor":3.0,"gold_loss":0.0,"damage_taken":11.0},{"damage_healed":0.0,"max_hp_gain":0.0,"max_hp_loss":0.0,"gold_gain":0.0,"event_name":"Upgrade Shrine","player_choice":"Upgraded","floor":5.0,"gold_loss":0.0,"damage_taken":0.0,"cards_upgraded":["Metallicize"]}],"is_beta":false,"boss_relics":[],"items_purged_floors":[10],"is_endless":false,"potions_floor_spawned":[4,11,13],"killed_by":"Hexaghost","ascension_level":12}