{"gold_per_floor":[109,59,59,19,38,65,65,97,121,135,151,151,165,165,165,262,262,229,229,246,246,257,282,282,296,296,316,316,7,7,21,21,21],"floor_reached":33,"playtime":3263,"items_purged":[],"score":302,"play_id":"8373d578-3348-4b2e-8410-37e37d8d501f","local_time":"20190526202814","is_ascension_mode":false,"campfire_choices":[{"data":"Metallicize","floor":7,"key":"SMITH"},{"floor":12,"key":"REST"},{"data":"Body Slam","floor":15,"key":"SMITH"},{"floor":24,"key":"REST"},{"data":"Flex","floor":32,"key":"SMITH"}],"neow_cost":"NONE","seed_source_timestamp":36791090968092,"circlet_count":0,"master_deck":["Defend_R","Defend_R","Defend_R","Defend_R","Bash","Body Slam+1","Metallicize+1","Fire Breathing","Heavy Blade","Shrug It Off","Pommel Strike","Regret","Inflame","Inflame","Entrench","Heavy Blade+1","Body Slam","Shrug It Off","Twin Strike","Bite","Bite","Bite","Bite","Bite","Flex+1"],"relics":["Burning Blood","Lantern","Happy Flower","Ancient Tea Set","Regal Pillow","Eternal Feather","Enchiridion","Juzu Bracelet","Frozen Egg 2","Pocketwatch"],"potions_floor_usage":[16,16,16,18,33,33,33],"damage_taken":[{"damage":6,"enemies":"Jaw Worm","floor":1,"turns":3},{"damage":2,"enemies":"Small Slimes","floor":5,"turns":5},{"damage":39,"enemies":"Gremlin Nob","floor":6,"turns":6},{"damage":20,"enemies":"Lagavulin","floor":8,"turns":9},{"damage":0,"enemies":"2 Louse","floor":10,"turns":2},{"damage":10,"enemies":"Looter","floor":11,"turns":4},{"damage":2,"enemies":"Exordium Wildlife","floor":13,"turns":3},{"damage":49,"enemies":"The Guardian","floor":16,"turns":13},{"damage":24,"enemies":"2 Thieves","floor":18,"turns":5},{"damage":10,"enemies":"Shell Parasite","floor":20,"turns":6},{"damage":5,"enemies":"Snecko","floor":22,"turns":6},{"damage":47,"enemies":"Book of Stabbing","floor":23,"turns":6},{"damage":29,"enemies":"Snake Plant","floor":25,"turns":4},{"damage":12,"enemies":"Cultist and Chosen","floor":27,"turns":6},{"damage":23,"enemies":"Snecko","floor":31,"turns":4},{"damage":83,"enemies":"Champ","floor":33,"turns":12}],"seed_played":"2197519170855138134","potions_obtained":[{"floor":1,"key":"SpeedPotion"},{"floor":8,"key":"SkillPotion"},{"floor":10,"key":"GamblersBrew"},{"floor":16,"key":"FearPotion"},{"floor":23,"key":"LiquidBronze"},{"floor":27,"key":"Poison Potion"},{"floor":31,"key":"Energy Potion"}],"is_trial":false,"path_per_floor":["M","?","?","$","M","E","R","E","T","M","M","R","M","?","R","B",null,"M","?","M","?","M","E","R","M","T","M","?","$","?","M","R","B"],"character_chosen":"IRONCLAD","items_purchased":["Metallicize","Pocketwatch"],"campfire_rested":2,"item_purchase_floors":[4,29],"current_hp_per_floor":[88,88,70,70,74,41,41,27,27,33,29,55,59,59,59,16,88,70,54,50,50,51,10,63,40,40,34,34,34,34,25,40,0],"gold":21,"neow_bonus":"TEN_PERCENT_HP_BONUS","is_prod":false,"is_daily":false,"chose_seed":false,"campfire_upgraded":3,"win_rate":0,"timestamp":1558895294,"path_taken":["M","?","?","?","M","E","R","E","T","M","M","R","M","?","R","BOSS","M","?","M","?","M","E","R","M","T","M","?","$","?","M","R","BOSS"],"build_version":"2019-01-23","purchased_purges":0,"victory":false,"max_hp_per_floor":[88,88,88,88,88,88,88,88,88,88,88,88,88,88,88,88,88,88,88,88,88,88,88,88,88,88,88,88,88,61,61,61,61],"card_choices":[{"not_picked":["Spot Weakness","Thunderclap"],"picked":"Body Slam","floor":1},{"not_picked":["Anger","Headbutt"],"picked":"Fire Breathing","floor":5},{"not_picked":["Sever Soul","Headbutt"],"picked":"Heavy Blade","floor":6},{"not_picked":["Feel No Pain","Dropkick","Thunderclap"],"picked":"SKIP","floor":8},{"not_picked":["Dark Embrace","Heavy Blade"],"picked":"Shrug It Off","floor":10},{"not_picked":["Pummel","Second Wind"],"picked":"Pommel Strike","floor":11},{"not_picked":["Warcry","Rampage","Headbutt"],"picked":"SKIP","floor":13},{"not_picked":["Blood for Blood","Anger+1"],"picked":"Inflame","floor":18},{"not_picked":["Intimidate","Shrug It Off"],"picked":"Inflame","floor":20},{"not_picked":["Entrench","Thunderclap"],"picked":"Heavy Blade+1","floor":22},{"not_picked":["Anger","Pommel Strike+1"],"picked":"Body Slam","floor":23},{"not_picked":["Warcry","Entrench"],"picked":"Shrug It Off","floor":25},{"not_picked":["Clash","Iron Wave"],"picked":"Twin Strike","floor":27},{"not_picked":["Clash","Clothesline"],"picked":"Flex","floor":31}],"player_experience":33952,"relics_obtained":[{"floor":6,"key":"Lantern"},{"floor":8,"key":"Happy Flower"},{"floor":9,"key":"Ancient Tea Set"},{"floor":19,"key":"Enchiridion"},{"floor":23,"key":"Juzu Bracelet"},{"floor":26,"key":"Frozen Egg 2"}],"event_choices":[{"cards_removed":["Strike_R"],"damage_healed":0,"gold_gain":0,"player_choice":"Card Removal","damage_taken":0,"max_hp_gain":0,"max_hp_loss":0,"event_name":"The Cleric","floor":2,"gold_loss":50},{"damage_healed":0,"gold_gain":0,"player_choice":"Entered Light","damage_taken":18,"max_hp_gain":0,"max_hp_loss":0,"event_name":"Shining Light","floor":3,"gold_loss":0,"cards_upgraded":["Strike_R","Strike_R"]},{"damage_healed":0,"gold_gain":0,"player_choice":"Box","damage_taken":0,"relics_obtained":["Regal Pillow"],"max_hp_gain":0,"max_hp_loss":0,"event_name":"Big Fish","floor":14,"gold_loss":0,"cards_obtained":["Regret"]},{"damage_healed":0,"gold_gain":0,"player_choice":"Obtained Book","damage_taken":16,"max_hp_gain":0,"max_hp_loss":0,"event_name":"Cursed Tome","floor":19,"gold_loss":0},{"damage_healed":0,"gold_gain":0,"player_choice":"Read","damage_taken":0,"max_hp_gain":0,"max_hp_loss":0,"event_name":"The Library","floor":21,"gold_loss":0,"cards_obtained":["Entrench"]},{"damage_healed":0,"gold_gain":0,"player_choice":"Ignored","damage_taken":0,"max_hp_gain":0,"max_hp_loss":0,"event_name":"Ghosts","floor":28,"gold_loss":0},{"damage_healed":0,"gold_gain":0,"player_choice":"Became a vampire","damage_taken":0,"max_hp_gain":0,"max_hp_loss":27,"event_name":"Vampires","floor":30,"gold_loss":0,"cards_obtained":["Bite","Bite","Bite","Bite","Bite"]}],"is_beta":false,"boss_relics":[{"not_picked":["Velvet Choker","Calling Bell"],"picked":"Eternal Feather"}],"items_purged_floors":[],"is_endless":false,"potions_floor_spawned":[1,8,10,16,23,27,31],"killed_by":"Champ","ascension_level":0}