{"gold_per_floor":[116,131,131,143,143,143,170,170,218,248,17,49,49,0,0,104,104,122,122,154,154,154,154,166,166,166,193,204,235,235,43,43,43],"floor_reached":33,"playtime":1227,"items_purged":["Strike_R"],"score":436,"play_id":"de2beee9-fde7-4762-be7c-44b7741e640a","local_time":"20190927161818","is_ascension_mode":true,"campfire_choices":[{"floor":6,"key":"REST"},{"data":"Bash","floor":8,"key":"SMITH"},{"floor":15,"key":"REST"},{"floor":23,"key":"RECALL"},{"data":"Pummel","floor":25,"key":"SMITH"},{"data":"J.A.X.","floor":32,"key":"SMITH"}],"neow_cost":"NONE","seed_source_timestamp":1300601555395700,"circlet_count":0,"master_deck":["Defend_R+1","Defend_R","Defend_R","Defend_R","Bash+1","Flame Barrier","Heavy Blade+1","Clothesline","Flex","Flex","Twin Strike","Headbutt","Feed","Cleave","Rage+1","Pummel+1","Bite","Bite","Bite","Bite","Bite","Power Through","Clothesline+1","J.A.X.+1"],"relics":["Runic Dome","Bag of Marbles","Happy Flower","Lantern","Blue Candle","Mark of Pain","Red Mask","Bag of Preparation","Smiling Mask","Bottled Lightning","Lee\u0027s Waffle"],"potions_floor_usage":[7,12,16,16,18,20,20,29],"damage_taken":[{"damage":1,"enemies":"Cultist","floor":1,"turns":3},{"damage":0,"enemies":"Jaw Worm","floor":2,"turns":3},{"damage":7,"enemies":"Small Slimes","floor":4,"turns":3},{"damage":10,"enemies":"3 Sentries","floor":7,"turns":7},{"damage":1,"enemies":"Gremlin Nob","floor":10,"turns":3},{"damage":15,"enemies":"Lagavulin","floor":12,"turns":3},{"damage":33,"enemies":"Hexaghost","floor":16,"turns":5},{"damage":6,"enemies":"Spheric Guardian","floor":18,"turns":3},{"damage":7,"enemies":"Masked Bandits","floor":20,"turns":2},{"damage":6,"enemies":"3 Byrds","floor":24,"turns":4},{"damage":14,"enemies":"Slavers","floor":27,"turns":5},{"damage":23,"enemies":"Sentry and Sphere","floor":28,"turns":5},{"damage":34,"enemies":"Gremlin Leader","floor":29,"turns":6},{"damage":125,"enemies":"Automaton","floor":33,"turns":10}],"seed_played":"-4072066520245415948","potions_obtained":[{"floor":2,"key":"Fire Potion"},{"floor":3,"key":"GamblersBrew"},{"floor":3,"key":"Swift Potion"},{"floor":7,"key":"PowerPotion"},{"floor":12,"key":"AttackPotion"},{"floor":16,"key":"Swift Potion"},{"floor":18,"key":"SteroidPotion"},{"floor":28,"key":"Block Potion"},{"floor":29,"key":"Fire Potion"}],"is_trial":false,"path_per_floor":["M","M","?","M","?","R","E","R","T","E","$","E","?","$","R","B",null,"M","T","?","?","?","R","M","R","T","E","M","E","?","$","R","B"],"character_chosen":"IRONCLAD","items_purchased":["Lantern","Headbutt","Lee\u0027s Waffle"],"campfire_rested":2,"item_purchase_floors":[11,14,31],"current_hp_per_floor":[71,71,71,64,48,72,62,62,62,63,63,50,50,50,74,43,71,70,70,68,68,68,68,71,71,71,72,62,42,42,102,102,0],"gold":43,"neow_bonus":"BOSS_RELIC","is_prod":false,"is_daily":false,"chose_seed":false,"campfire_upgraded":3,"win_rate":0,"timestamp":1569615498,"path_taken":["M","?","?","?","?","R","E","R","T","E","$","E","?","$","R","BOSS","M","?","?","?","?","R","M","R","T","E","M","E","?","?","R","BOSS"],"build_version":"2019-07-17","purchased_purges":1,"victory":false,"max_hp_per_floor":[80,80,80,80,80,80,80,80,80,80,80,80,80,80,80,80,80,83,83,86,86,86,86,89,89,89,92,95,95,95,102,102,102],"card_choices":[{"not_picked":["Pommel Strike","Twin Strike"],"picked":"Flame Barrier","floor":1},{"not_picked":["Sword Boomerang","Dual Wield"],"picked":"Heavy Blade","floor":2},{"not_picked":["Havoc","Sentinel"],"picked":"Clothesline","floor":4},{"not_picked":["Hemokinesis","Sentinel"],"picked":"Flex","floor":7},{"not_picked":["Iron Wave","Rupture"],"picked":"Flex","floor":10},{"not_picked":["Exhume","Thunderclap"],"picked":"Twin Strike","floor":12},{"not_picked":["Barricade","Berserk"],"picked":"Feed","floor":16},{"not_picked":["Flex","Anger"],"picked":"Cleave","floor":18},{"not_picked":["Flame Barrier","Shrug It Off"],"picked":"Rage+1","floor":20},{"not_picked":["Sword Boomerang","Clothesline","Entrench"],"picked":"SKIP","floor":24},{"not_picked":["Hemokinesis","Combust","Warcry"],"picked":"SKIP","floor":27},{"not_picked":["Pommel Strike","Hemokinesis"],"picked":"Power Through","floor":28},{"not_picked":["True Grit+1","Evolve+1"],"picked":"Clothesline+1","floor":29}],"player_experience":144274,"relics_obtained":[{"floor":7,"key":"Bag of Marbles"},{"floor":9,"key":"Blood Vial"},{"floor":10,"key":"Happy Flower"},{"floor":12,"key":"Blue Candle"},{"floor":20,"key":"Red Mask"},{"floor":26,"key":"Bag of Preparation"},{"floor":27,"key":"Smiling Mask"},{"floor":29,"key":"Bottled Lightning"}],"event_choices":[{"damage_healed":0,"gold_gain":0,"player_choice":"Got Potions","damage_taken":0,"max_hp_gain":0,"max_hp_loss":0,"event_name":"Lab","floor":3,"gold_loss":0},{"damage_healed":0,"gold_gain":0,"player_choice":"Entered Light","damage_taken":16,"max_hp_gain":0,"max_hp_loss":0,"event_name":"Shining Light","floor":5,"gold_loss":0,"cards_upgraded":["Strike_R","Defend_R"]},{"damage_healed":0,"gold_gain":0,"player_choice":"Upgraded","damage_taken":0,"max_hp_gain":0,"max_hp_loss":0,"event_name":"Upgrade Shrine","floor":13,"gold_loss":0,"cards_upgraded":["Heavy Blade"]},{"damage_healed":0,"gold_gain":0,"player_choice":"Fought Bandits","damage_taken":0,"max_hp_gain":0,"max_hp_loss":0,"event_name":"Masked Bandits","floor":20,"gold_loss":0},{"damage_healed":0,"gold_gain":0,"player_choice":"Read","damage_taken":0,"max_hp_gain":0,"max_hp_loss":0,"event_name":"The Library","floor":21,"gold_loss":0,"cards_obtained":["Pummel"]},{"damage_healed":0,"gold_gain":0,"player_choice":"Became a vampire (Vial)","damage_taken":0,"max_hp_gain":0,"max_hp_loss":0,"event_name":"Vampires","floor":22,"relics_lost":["Blood Vial"],"gold_loss":0,"cards_obtained":["Bite","Bite","Bite","Bite","Bite"]},{"damage_healed":0,"gold_gain":0,"player_choice":"Obtain J.A.X.","damage_taken":0,"max_hp_gain":0,"max_hp_loss":0,"event_name":"Drug Dealer","floor":30,"gold_loss":0,"cards_obtained":["J.A.X."]}],"is_beta":false,"boss_relics":[{"not_picked":["Fusion Hammer","Orrery"],"picked":"Mark of Pain"}],"items_purged_floors":[11],"is_endless":false,"potions_floor_spawned":[2,7,12,16,18,28,29],"killed_by":"Automaton","ascension_level":6}