{"gold_per_floor":[114,131,131,131,149,149,182,182,212,238,238,163,73,92,92,168,168,185,100,100,112,112,112,137,153,201,215,215,230,129,143,143,221,221,236,251,251,251,261,261,288,301,374,274,284,120,120,147,147,147,147,147,147,64,94,94],"floor_reached":57,"playtime":5207,"items_purged":["Strike_B","Strike_B"],"score":2755,"play_id":"78751a4f-daa8-4e8e-9b1b-721a334d57f2","local_time":"20190519155132","is_ascension_mode":true,"campfire_choices":[{"data":"Sunder","floor":6.0,"key":"SMITH"},{"floor":8.0,"key":"REST"},{"data":"Loop","floor":11.0,"key":"SMITH"},{"data":"Loop","floor":15.0,"key":"SMITH"},{"floor":23.0,"key":"REST"},{"data":"Defragment","floor":28.0,"key":"SMITH"},{"data":"Redo","floor":32.0,"key":"SMITH"},{"data":"Defragment","floor":40.0,"key":"SMITH"},{"data":"Coolheaded","floor":47,"key":"SMITH"},{"floor":49,"key":"RECALL"},{"data":"Seek","floor":53,"key":"SMITH"}],"neow_cost":"NONE","seed_source_timestamp":226707890508108,"circlet_count":0,"master_deck":["AscendersBane","Defend_B","Defend_B","Defend_B","Defend_B","Zap","Dualcast","Cold Snap+1","Ball Lightning","Sunder+1","Loop+1","BootSequence","Loop+1","Coolheaded+1","Electrodynamics","Redo+1","Conserve Battery","Defragment+1","Self Repair+1","Go for the Eyes+1","Coolheaded","Core Surge+1","Darkness","Coolheaded","Master of Strategy","Defragment+1","Capacitor+1","Turbo+1","Seek+1"],"special_seed":0,"relics":["Cracked Core","Symbiotic Virus","Juzu Bracelet","Tiny Chest","Gambling Chip","Runic Pyramid","Orichalcum","Nilry\u0027s Codex","Singing Bowl","Art of War","Bag of Marbles","Velvet Choker","Frozen Egg 2","Bottled Tornado","Whetstone"],"potions_floor_usage":[51,56,56],"damage_taken":[{"damage":4.0,"enemies":"2 Louse","floor":1.0,"turns":2.0},{"damage":5.0,"enemies":"Jaw Worm","floor":2.0,"turns":3.0},{"damage":0.0,"enemies":"Small Slimes","floor":5.0,"turns":4.0},{"damage":20.0,"enemies":"Lagavulin","floor":7.0,"turns":5.0},{"damage":18.0,"enemies":"3 Sentries","floor":10.0,"turns":5.0},{"damage":0.0,"enemies":"2 Fungi Beasts","floor":14.0,"turns":2.0},{"damage":0.0,"enemies":"The Guardian","floor":16.0,"turns":14.0},{"damage":17.0,"enemies":"2 Thieves","floor":18.0,"turns":3.0},{"damage":22.0,"enemies":"Shell Parasite","floor":21.0,"turns":4.0},{"damage":4.0,"enemies":"Gremlin Leader","floor":24.0,"turns":5.0},{"damage":1.0,"enemies":"Snecko","floor":25.0,"turns":3.0},{"damage":0.0,"enemies":"3 Cultists","floor":27.0,"turns":3.0},{"damage":11.0,"enemies":"Centurion and Healer","floor":29.0,"turns":5.0},{"damage":12.0,"enemies":"Snake Plant","floor":31.0,"turns":5.0},{"damage":8.0,"enemies":"Champ","floor":33.0,"turns":7.0},{"damage":0.0,"enemies":"3 Shapes","floor":35.0,"turns":5.0},{"damage":0.0,"enemies":"Orb Walker","floor":36.0,"turns":4.0},{"damage":12.0,"enemies":"3 Darklings","floor":39.0,"turns":5.0},{"damage":27.0,"enemies":"Reptomancer","floor":41.0,"turns":7.0},{"damage":18,"enemies":"Writhing Mass","floor":42,"turns":5},{"damage":0,"enemies":"4 Shapes","floor":45,"turns":5},{"damage":1,"enemies":"Giant Head","floor":48,"turns":7},{"damage":14,"enemies":"Donu and Deca","floor":50,"turns":90},{"damage":26,"enemies":"Awakened One","floor":51,"turns":25},{"damage":55,"enemies":"Shield and Spear","floor":55,"turns":7},{"damage":26,"enemies":"The Heart","floor":56,"turns":12}],"seed_played":"906711857924894978","potions_obtained":[{"floor":10.0,"key":"SkillPotion"},{"floor":14.0,"key":"PowerPotion"},{"floor":16.0,"key":"Swift Potion"},{"floor":21.0,"key":"AttackPotion"},{"floor":25.0,"key":"AttackPotion"},{"floor":31.0,"key":"FocusPotion"},{"floor":36.0,"key":"GamblersBrew"},{"floor":42,"key":"FocusPotion"},{"floor":55,"key":"FocusPotion"}],"is_trial":false,"path_per_floor":["M","M","?","?","M","R","E","R","T","E","R","?","$","M","R","B",null,"M","?","?","M","T","R","E","M","T","M","R","M","$","M","R","B",null,"M","M","?","?","M","R","E","M","T","$","M","$","R","E","R","B","B",null,"R","$","E","B",null],"character_chosen":"DEFECT","items_purchased":["Loop","Coolheaded","Seek","Ancient Potion"],"campfire_rested":2,"item_purchase_floors":[13,30,46,54],"current_hp_per_floor":[67,62,57,50,50,50,30,53,53,35,35,35,35,35,35,35,67,50,50,29,7,7,30,26,25,25,35,35,36,36,34,34,28,69,79,82,76,76,74,74,59,51,51,51,61,61,61,72,72,88,90,90,90,90,47,31],"gold":94,"neow_bonus":"TEN_PERCENT_HP_BONUS","is_prod":false,"is_daily":false,"chose_seed":false,"campfire_upgraded":8,"win_rate":0,"timestamp":1558295492,"path_taken":["M","M","?","?","M","R","E","R","T","E","R","?","?","M","R","BOSS","M","?","?","M","?","R","E","M","T","M","R","M","$","M","R","BOSS","M","M","?","?","M","R","E","M","T","$","M","$","R","E","R","BOSS","BOSS","R","$","E","BOSS"],"build_version":"2019-01-23","purchased_purges":2,"victory":true,"max_hp_per_floor":[78,78,78,78,78,78,78,78,78,78,78,78,78,78,78,78,78,78,78,78,78,78,78,78,78,78,78,78,80,80,80,80,82,82,82,82,86,86,86,86,88,88,88,88,88,88,88,90,90,90,90,90,90,90,92,92],"card_choices":[{"not_picked":["Hologram","Sweeping Beam"],"picked":"Cold Snap","floor":1.0},{"not_picked":["Conserve Battery","Turbo"],"picked":"Ball Lightning","floor":2.0},{"not_picked":["Skim","Go for the Eyes"],"picked":"Sunder","floor":5.0},{"not_picked":["Hologram","Redo"],"picked":"Loop","floor":7.0},{"not_picked":["Lockon","Go for the Eyes"],"picked":"BootSequence","floor":10.0},{"not_picked":["Double Energy","Beam Cell"],"picked":"Coolheaded","floor":14.0},{"not_picked":["Multi-Cast","Meteor Strike"],"picked":"Electrodynamics","floor":16.0},{"not_picked":["Blizzard","Aggregate"],"picked":"Redo","floor":18.0},{"not_picked":["Heatsinks+1","Ball Lightning"],"picked":"Conserve Battery","floor":21.0},{"not_picked":["Ball Lightning","Sweeping Beam"],"picked":"Defragment","floor":24.0},{"not_picked":["Fusion","Streamline"],"picked":"Self Repair+1","floor":25.0},{"not_picked":["Gash","Fusion"],"picked":"Go for the Eyes+1","floor":27.0},{"not_picked":["Sweeping Beam","Turbo","Redo"],"picked":"Singing Bowl","floor":29.0},{"not_picked":["Leap","Steam"],"picked":"Core Surge","floor":31.0},{"not_picked":["Machine Learning","Hyperbeam","Rainbow"],"picked":"Singing Bowl","floor":33.0},{"not_picked":["Fusion","Scrape"],"picked":"Darkness","floor":35.0},{"not_picked":["Cold Snap+1","White Noise"],"picked":"Coolheaded","floor":36.0},{"not_picked":["Transmutation","Madness"],"picked":"Master of Strategy","floor":37.0},{"not_picked":["Swift Strike","Purity","Bandage Up"],"picked":"Singing Bowl","floor":37.0},{"not_picked":["Blind","Swift Strike","Good Instincts"],"picked":"Singing Bowl","floor":37.0},{"not_picked":["Beam Cell","Barrage"],"picked":"Defragment","floor":39.0},{"not_picked":["Core Surge","Doom and Gloom+1","Meteor Strike"],"picked":"Singing Bowl","floor":41.0},{"not_picked":["Redo","Sweeping Beam+1"],"picked":"Capacitor+1","floor":42},{"not_picked":["Barrage","Ball Lightning"],"picked":"Turbo+1","floor":45},{"not_picked":["Ball Lightning+1","Go for the Eyes","Gash"],"picked":"Singing Bowl","floor":48},{"not_picked":["Sweeping Beam+1","Multi-Cast","Electrodynamics+1"],"picked":"Singing Bowl","floor":55}],"player_experience":851726,"relics_obtained":[{"floor":7.0,"key":"Juzu Bracelet"},{"floor":9.0,"key":"Tiny Chest"},{"floor":10.0,"key":"Gambling Chip"},{"floor":20.0,"key":"Nilry\u0027s Codex"},{"floor":22.0,"key":"Singing Bowl"},{"floor":24.0,"key":"Art of War"},{"floor":26.0,"key":"Bag of Marbles"},{"floor":41.0,"key":"Frozen Egg 2"},{"floor":48,"key":"Bottled Tornado"},{"floor":55,"key":"Whetstone"}],"event_choices":[{"damage_healed":0.0,"max_hp_gain":0.0,"max_hp_loss":0.0,"gold_gain":0.0,"event_name":"Scrap Ooze","player_choice":"Success","floor":3.0,"gold_loss":0.0,"damage_taken":5.0,"relics_obtained":["Symbiotic Virus"]},{"cards_removed":["Strike_B"],"damage_healed":0.0,"max_hp_gain":0.0,"max_hp_loss":0.0,"gold_gain":0.0,"event_name":"Golden Wing","player_choice":"Card Removal","floor":4.0,"gold_loss":0.0,"damage_taken":7.0},{"cards_removed":["Strike_B"],"damage_healed":0.0,"max_hp_gain":0.0,"max_hp_loss":0.0,"gold_gain":0.0,"event_name":"The Cleric","player_choice":"Card Removal","floor":12.0,"gold_loss":75.0,"damage_taken":0.0},{"damage_healed":0.0,"max_hp_gain":0.0,"max_hp_loss":0.0,"gold_gain":0.0,"event_name":"Addict","player_choice":"Obtained Relic","floor":19.0,"gold_loss":85.0,"damage_taken":0.0,"relics_obtained":["Orichalcum"]},{"damage_healed":0.0,"max_hp_gain":0.0,"max_hp_loss":0.0,"gold_gain":0.0,"event_name":"Cursed Tome","player_choice":"Obtained Book","floor":20.0,"gold_loss":0.0,"damage_taken":21.0},{"damage_healed":0.0,"max_hp_gain":0.0,"max_hp_loss":0.0,"gold_gain":0.0,"event_name":"SensoryStone","player_choice":"Memory 3","floor":37.0,"gold_loss":0.0,"damage_taken":10.0},{"damage_healed":0.0,"max_hp_gain":0.0,"max_hp_loss":0.0,"gold_gain":0.0,"event_name":"Tomb of Lord Red Mask","player_choice":"Ignored","floor":38.0,"gold_loss":0.0,"damage_taken":0.0}],"is_beta":false,"boss_relics":[{"not_picked":["Cursed Key","Orrery"],"picked":"Runic Pyramid"},{"not_picked":["Busted Crown","Sozu"],"picked":"Velvet Choker"}],"items_purged_floors":[30,44],"is_endless":false,"potions_floor_spawned":[10,14,16,21,25,31,36,41,42,55],"ascension_level":20}