{"gold_per_floor":[114,114,114,25,45,45,58,58,58,58,71,84,84,84,84,161,161,178,90,100,100],"floor_reached":21,"playtime":573,"items_purged":[],"score":380,"play_id":"ffe69a4a-a144-44c8-b88b-b8c470373f39","local_time":"20190827134126","is_ascension_mode":true,"campfire_choices":[{"data":"Skewer","floor":6.0,"key":"SMITH"},{"data":"Neutralize","floor":10.0,"key":"SMITH"},{"data":"Noxious Fumes","floor":13.0,"key":"SMITH"},{"data":"Backflip","floor":15.0,"key":"SMITH"}],"neow_cost":"NONE","seed_source_timestamp":172705555210490,"circlet_count":0,"master_deck":["Strike_G","Strike_G","Strike_G","Strike_G","Strike_G","Defend_G","Defend_G","Defend_G","Defend_G","Defend_G","Survivor","Neutralize+1","AscMod:ascendersbane","Noxious Fumes+1","Skewer+1","Backflip+1","Envenom","PiercingWail","Footwork"],"special_seed":0,"relics":["Ring of the Snake","Dream Catcher","Golden Idol","FaceOfCleric","Sundial","Torii","Runic Pyramid"],"potions_floor_usage":[],"damage_taken":[{"damage":12.0,"enemies":"Small Slimes","floor":1.0,"turns":4.0},{"damage":0.0,"enemies":"Jaw Worm","floor":5.0,"turns":6.0},{"damage":0.0,"enemies":"Cultist","floor":7.0,"turns":3.0},{"damage":11.0,"enemies":"Exordium Wildlife","floor":11.0,"turns":5.0},{"damage":22.0,"enemies":"Lots of Slimes","floor":12.0,"turns":4.0},{"damage":10.0,"enemies":"The Guardian","floor":16.0,"turns":12.0},{"damage":27,"enemies":"3 Byrds","floor":18,"turns":8},{"damage":8,"enemies":"Spheric Guardian","floor":20,"turns":7},{"damage":1,"enemies":"Snecko","floor":21,"turns":4}],"seed_played":"-6036123500342611627","potions_obtained":[{"floor":5.0,"key":"Dexterity Potion"},{"floor":11.0,"key":"FairyPotion"}],"is_trial":false,"path_per_floor":["M","?","?","$","M","R","M","?","T","R","M","M","R","T","R","B",null,"M","$","M","M"],"character_chosen":"THE_SILENT","items_purchased":["Skewer","Footwork"],"campfire_rested":0,"item_purchase_floors":[4,19],"current_hp_per_floor":[47,47,51,51,51,51,51,51,51,51,41,20,20,20,20,11,45,19,19,12,11],"gold":100,"neow_bonus":"RANDOM_COMMON_RELIC","is_prod":false,"is_daily":false,"chose_seed":false,"campfire_upgraded":4,"win_rate":0,"timestamp":1566888086,"path_taken":["M","?","?","$","?","R","M","?","T","R","?","M","R","?","R","BOSS","M","$","M","?"],"build_version":"2019-07-17","purchased_purges":0,"victory":false,"max_hp_per_floor":[66,60,65,65,65,65,65,65,65,65,66,67,67,67,67,68,68,69,69,70,70],"card_choices":[{"not_picked":["Quick Slash","Dodge and Roll"],"picked":"Noxious Fumes","floor":1.0},{"not_picked":["Calculated Gamble","Cloak And Dagger","Bane"],"picked":"SKIP","floor":5.0},{"not_picked":["Blade Dance","Quick Slash","Acrobatics"],"picked":"SKIP","floor":7.0},{"not_picked":["Setup","Dagger Throw","Deadly Poison"],"picked":"SKIP","floor":11.0},{"not_picked":["Dodge and Roll","Riddle With Holes"],"picked":"Backflip","floor":12.0},{"not_picked":["Unload","Venomology"],"picked":"Envenom","floor":16.0},{"not_picked":["Skewer","Dagger Spray"],"picked":"PiercingWail","floor":18},{"not_picked":["Distraction","Cloak And Dagger","Quick Slash"],"picked":"SKIP","floor":20}],"player_experience":1094457,"relics_obtained":[{"floor":9.0,"key":"Sundial"},{"floor":14.0,"key":"Torii"}],"event_choices":[{"damage_healed":0.0,"max_hp_gain":0.0,"max_hp_loss":6.0,"gold_gain":0.0,"event_name":"Golden Idol","player_choice":"Lose Max HP","floor":2.0,"gold_loss":0.0,"damage_taken":0.0,"relics_obtained":["Golden Idol"]},{"damage_healed":0.0,"max_hp_gain":5.0,"max_hp_loss":0.0,"gold_gain":0.0,"event_name":"Big Fish","player_choice":"Donut","floor":3.0,"gold_loss":0.0,"damage_taken":0.0},{"damage_healed":0.0,"max_hp_gain":0.0,"max_hp_loss":0.0,"gold_gain":0.0,"event_name":"FaceTrader","player_choice":"Trade","floor":8.0,"gold_loss":0.0,"damage_taken":0.0,"relics_obtained":["FaceOfCleric"]}],"is_beta":false,"boss_relics":[{"not_picked":["TwistingMind"],"picked":"GraspOfShadows"},{"not_picked":["TwistingMind"],"picked":"GraspOfShadows"},{"not_picked":["Fusion Hammer","Lizard Tail"],"picked":"Runic Pyramid"}],"items_purged_floors":[],"is_endless":false,"potions_floor_spawned":[5,11],"killed_by":"Snecko","ascension_level":25}