{"gold_per_floor":[118,135,7,7,23,23,54,54,54,54,83,94,104,279,279,374,374,392,392,2,14,29,60,60,89,89,89,89,109,109,122,122,217,217,235,235,335,335,64,64,98,118,118,146,194,224,238,269,269,269],"floor_reached":50,"playtime":5330,"items_purged":["Defend_G","Defend_G"],"score":739,"play_id":"88748743-9876-4edc-8ce5-477af95b3b89","local_time":"20190827002053","is_ascension_mode":true,"campfire_choices":[{"data":"Deadly Poison","floor":6.0,"key":"SMITH"},{"data":"Neutralize","floor":8.0,"key":"SMITH"},{"data":"Flechettes","floor":10.0,"key":"SMITH"},{"data":"Blade Dance","floor":15.0,"key":"SMITH"},{"data":"After Image","floor":24.0,"key":"SMITH"},{"data":"Phantasmal Killer","floor":27.0,"key":"SMITH"},{"data":"Outmaneuver","floor":30.0,"key":"SMITH"},{"data":"Backstab","floor":32.0,"key":"SMITH"},{"floor":40,"key":"RECALL"},{"data":"Doubt","floor":49,"key":"PURGE"}],"neow_cost":"NONE","seed_source_timestamp":0,"circlet_count":0,"master_deck":["Strike_G","Strike_G+1","Strike_G","Strike_G","Defend_G","Defend_G","Defend_G","Survivor","Neutralize+1","Flechettes+1","Backstab+1","Backflip","Deadly Poison+1","Blade Dance+1","Footwork","Outmaneuver+1","Flying Knee+1","Phantasmal Killer+1","Deadly Poison+1","Infinite Blades","Slice","Dash","After Image+1","Dodge and Roll","Crippling Poison+1","Cloak And Dagger+1","Leg Sweep+1","Phantasmal Killer+1","Acrobatics+1","Quick Slash","Adrenaline+1","Blind+1","Accuracy","Catalyst+1","Distraction+1","Deadly Poison+1","Accuracy+1","Parasite","Bane+1"],"special_seed":0,"relics":["Ring of the Snake","NeowsBlessing","Kunai","Ornamental Fan","Blue Candle","Philosopher\u0027s Stone","FaceOfCleric","Membership Card","Letter Opener","Pear","Toxic Egg 2","Mummified Hand","Bottled Lightning","Bird Faced Urn","OrangePellets","Art of War","Regal Pillow","Bronze Scales","Peace Pipe","Whetstone","Mercury Hourglass"],"potions_floor_usage":[45,47,50,50],"damage_taken":[{"damage":0.0,"enemies":"Cultist","floor":1.0,"turns":1.0},{"damage":0.0,"enemies":"2 Louse","floor":2.0,"turns":1.0},{"damage":0.0,"enemies":"Small Slimes","floor":5.0,"turns":1.0},{"damage":12.0,"enemies":"Gremlin Nob","floor":7.0,"turns":4.0},{"damage":8.0,"enemies":"Lagavulin","floor":11.0,"turns":5.0},{"damage":0.0,"enemies":"3 Louse","floor":12.0,"turns":3.0},{"damage":0.0,"enemies":"Exordium Thugs","floor":13.0,"turns":3.0},{"damage":28.0,"enemies":"Hexaghost","floor":16.0,"turns":11.0},{"damage":0.0,"enemies":"Chosen","floor":18.0,"turns":6.0},{"damage":12.0,"enemies":"Spheric Guardian","floor":21.0,"turns":4.0},{"damage":12.0,"enemies":"3 Cultists","floor":22.0,"turns":6.0},{"damage":16.0,"enemies":"Book of Stabbing","floor":23.0,"turns":6.0},{"damage":4.0,"enemies":"Gremlin Leader","floor":25.0,"turns":7.0},{"damage":1.0,"enemies":"Centurion and Healer","floor":29.0,"turns":5.0},{"damage":0.0,"enemies":"Snecko","floor":31.0,"turns":5.0},{"damage":30,"enemies":"Collector","floor":33,"turns":10},{"damage":14,"enemies":"Orb Walker","floor":35,"turns":4},{"damage":0,"enemies":"Mind Bloom Boss Battle","floor":37,"turns":6},{"damage":1,"enemies":"Nemesis","floor":41,"turns":9},{"damage":11,"enemies":"3 Shapes","floor":42,"turns":3},{"damage":1,"enemies":"Giant Head","floor":44,"turns":8},{"damage":17,"enemies":"2 Orb Walkers","floor":45,"turns":4},{"damage":1,"enemies":"Nemesis","floor":46,"turns":5},{"damage":13,"enemies":"Writhing Mass","floor":47,"turns":6},{"damage":29,"enemies":"Reptomancer","floor":48,"turns":5},{"damage":87,"enemies":"Time Eater","floor":50,"turns":9}],"seed_played":"7492759757173774620","potions_obtained":[{"floor":2.0,"key":"Strength Potion"},{"floor":11.0,"key":"FairyPotion"},{"floor":13.0,"key":"GamblersBrew"},{"floor":16.0,"key":"GamblersBrew"},{"floor":18.0,"key":"SpeedPotion"},{"floor":22.0,"key":"Block Potion"},{"floor":23.0,"key":"Regen Potion"},{"floor":31.0,"key":"Explosive Potion"},{"floor":35,"key":"FearPotion"},{"floor":45,"key":"SkillPotion"},{"floor":48,"key":"Fire Potion"}],"is_trial":false,"path_per_floor":["M","M","$","?","M","R","E","R","T","R","E","M","M","?","R","B",null,"M","?","$","M","M","E","R","E","T","R","T","M","R","M","R","B",null,"M","?","?","T","$","R","E","M","T","E","?","E","M","E","R","B"],"character_chosen":"THE_SILENT","items_purchased":["Backflip","Membership Card","Letter Opener","Infinite Blades","Slice","OrangePellets","Adrenaline+1","Blind+1"],"campfire_rested":0,"item_purchase_floors":[3,20,20,20,20,39,39,39],"current_hp_per_floor":[70,70,70,63,63,63,51,51,51,51,43,43,43,43,43,15,70,70,70,70,59,48,43,43,55,55,55,55,55,55,56,56,27,87,74,74,75,75,75,75,81,77,77,85,77,85,83,65,65,0],"gold":269,"neow_bonus":"THREE_ENEMY_KILL","is_prod":false,"is_daily":false,"chose_seed":false,"campfire_upgraded":8,"win_rate":0,"timestamp":1566883253,"path_taken":["M","?","$","?","M","R","E","R","T","R","E","M","M","?","R","BOSS","M","?","?","M","M","E","R","E","T","R","?","M","R","M","R","BOSS","M","?","?","?","$","R","E","M","T","E","?","E","M","E","R","BOSS"],"build_version":"2019-07-17","purchased_purges":2,"victory":false,"max_hp_per_floor":[70,70,70,70,70,70,70,70,70,70,70,70,70,70,70,70,70,70,70,70,71,72,83,83,84,84,84,84,85,85,86,86,87,87,88,88,89,89,89,89,90,91,91,92,93,94,95,96,96,96],"card_choices":[{"not_picked":["Slice","Bane"],"picked":"Flechettes","floor":1.0},{"not_picked":["Distraction","Endless Agony"],"picked":"Backstab","floor":2.0},{"not_picked":["Riddle With Holes","Tactician"],"picked":"Deadly Poison","floor":5.0},{"not_picked":["Deadly Poison","Infinite Blades"],"picked":"Blade Dance","floor":7.0},{"not_picked":["Bane","Choke"],"picked":"Footwork","floor":11.0},{"not_picked":["PiercingWail","Dagger Spray"],"picked":"Outmaneuver","floor":12.0},{"not_picked":["Masterful Stab","Reflex"],"picked":"Flying Knee","floor":13.0},{"not_picked":["Tools of the Trade","Storm of Steel"],"picked":"Phantasmal Killer","floor":16.0},{"not_picked":["Slice","Choke"],"picked":"Deadly Poison+1","floor":18.0},{"not_picked":["Backflip","Caltrops+1"],"picked":"Dash","floor":21.0},{"not_picked":["Dagger Spray+1","Outmaneuver"],"picked":"After Image","floor":22.0},{"not_picked":["Dagger Spray","Poisoned Stab"],"picked":"Dodge and Roll","floor":23.0},{"not_picked":["Dagger Throw","Riddle With Holes+1"],"picked":"Crippling Poison","floor":25.0},{"not_picked":["Bane","Skewer"],"picked":"Cloak And Dagger+1","floor":29.0},{"not_picked":["Flying Knee","Tactician+1"],"picked":"Leg Sweep+1","floor":31.0},{"not_picked":["Storm of Steel+1","Night Terror+1"],"picked":"Phantasmal Killer+1","floor":33},{"not_picked":["Outmaneuver+1","Skewer"],"picked":"Acrobatics+1","floor":35},{"not_picked":["Flying Knee+1","Expertise+1"],"picked":"Quick Slash","floor":37},{"not_picked":["PiercingWail+1","Unload"],"picked":"Accuracy","floor":41},{"not_picked":["Heel Hook+1","Well Laid Plans+1"],"picked":"Catalyst+1","floor":42},{"not_picked":["Reflex+1","Acrobatics+1"],"picked":"Distraction+1","floor":44},{"not_picked":["Dodge and Roll+1","PiercingWail+1"],"picked":"Deadly Poison+1","floor":45},{"not_picked":["Deflect+1","Dash+1"],"picked":"Accuracy+1","floor":46},{"not_picked":["Dagger Throw","Quick Slash","Skewer+1"],"picked":"SKIP","floor":47},{"not_picked":["Finisher","Unload"],"picked":"Bane+1","floor":48}],"player_experience":183530,"relics_obtained":[{"floor":7.0,"key":"Kunai"},{"floor":9.0,"key":"Ornamental Fan"},{"floor":11.0,"key":"Blue Candle"},{"floor":23.0,"key":"Pear"},{"floor":25.0,"key":"Toxic Egg 2"},{"floor":26.0,"key":"Mummified Hand"},{"floor":28.0,"key":"Bottled Lightning"},{"floor":37,"key":"Bird Faced Urn"},{"floor":41,"key":"Art of War"},{"floor":43,"key":"Regal Pillow"},{"floor":44,"key":"Bronze Scales"},{"floor":45,"key":"Peace Pipe"},{"floor":46,"key":"Whetstone"},{"floor":48,"key":"Mercury Hourglass"}],"event_choices":[{"cards_removed":["Strike_G"],"damage_healed":0.0,"max_hp_gain":0.0,"max_hp_loss":0.0,"gold_gain":0.0,"event_name":"Golden Wing","player_choice":"Card Removal","floor":4.0,"gold_loss":0.0,"damage_taken":7.0},{"damage_healed":0.0,"max_hp_gain":0.0,"max_hp_loss":0.0,"gold_gain":175.0,"event_name":"Liars Game","player_choice":"AGREE","floor":14.0,"gold_loss":0.0,"damage_taken":0.0,"cards_obtained":["Doubt"]},{"damage_healed":0.0,"max_hp_gain":0.0,"max_hp_loss":0.0,"gold_gain":0.0,"event_name":"FaceTrader","player_choice":"Trade","floor":19.0,"gold_loss":0.0,"damage_taken":0.0,"relics_obtained":["FaceOfCleric"]},{"damage_healed":0,"gold_gain":0,"player_choice":"Ignored","damage_taken":0,"max_hp_gain":0,"max_hp_loss":0,"event_name":"Tomb of Lord Red Mask","floor":36,"gold_loss":0},{"damage_healed":0,"gold_gain":0,"player_choice":"Fight","damage_taken":0,"max_hp_gain":0,"max_hp_loss":0,"event_name":"MindBloom","floor":37,"gold_loss":0},{"damage_healed":0,"gold_gain":0,"player_choice":"Fight","damage_taken":0,"max_hp_gain":0,"max_hp_loss":0,"event_name":"Mysterious Sphere","floor":45,"gold_loss":0}],"is_beta":false,"boss_relics":[{"not_picked":["Pandora\u0027s Box","Empty Cage"],"picked":"Philosopher\u0027s Stone"},{"not_picked":["Coffee Dripper","Sozu","Velvet Choker"]}],"items_purged_floors":[3,39],"is_endless":false,"potions_floor_spawned":[2,11,13,16,18,22,23,31,35,41,45,48],"killed_by":"Time Eater","ascension_level":1}