{"gold_per_floor":[115,132,132,132,132,132,165,165,211,231,251,176,203,215,215,289,289,299,299,314,314,19,48,48,48,48,76,76,108,108,122,122,199,199,211,227,241,141,154,154,179,179,179,22,22,54,65,118,118,118,118],"floor_reached":52,"playtime":2847,"items_purged":["Strike_R","Strike_R+1","Defend_R+1"],"score":2027,"play_id":"99eb7c9f-e64e-4d2e-896e-49d076d20c59","local_time":"20190821225453","is_ascension_mode":true,"campfire_choices":[{"data":"Bash","floor":6.0,"key":"SMITH"},{"data":"Defend_R","floor":8.0,"key":"SMITH"},{"data":"Whirlwind","floor":15.0,"key":"SMITH"},{"data":"True Grit","floor":25.0,"key":"SMITH"},{"data":"Double Tap","floor":30.0,"key":"SMITH"},{"data":"Defend_R","floor":32.0,"key":"SMITH"},{"data":"Shrug It Off","floor":40.0,"key":"SMITH"},{"data":"Discovery","floor":45.0,"key":"SMITH"},{"floor":49.0,"key":"RECALL"}],"neow_cost":"NONE","seed_source_timestamp":170446873713977,"circlet_count":0,"master_deck":["AscendersBane","Defend_R+1","Bash+1","Flame Barrier+1","Whirlwind+1","Double Tap+1","True Grit+1","Shrug It Off+1","Discovery+1"],"special_seed":0,"relics":["Runic Pyramid","Meat on the Bone","Red Skull","PreservedInsect","Coffee Dripper","Happy Flower","Magic Flower","Paper Frog","Incense Burner","Dodecahedron","Empty Cage","Smiling Mask","Bottled Lightning","Bottled Flame","Nunchaku"],"potions_floor_usage":[50,50],"damage_taken":[{"damage":3.0,"enemies":"Small Slimes","floor":1.0,"turns":6.0},{"damage":4.0,"enemies":"Jaw Worm","floor":2.0,"turns":7.0},{"damage":17.0,"enemies":"3 Sentries","floor":7.0,"turns":9.0},{"damage":0.0,"enemies":"2 Louse","floor":10.0,"turns":3.0},{"damage":0.0,"enemies":"Gremlin Gang","floor":11.0,"turns":7.0},{"damage":15.0,"enemies":"Lagavulin","floor":13.0,"turns":6.0},{"damage":24.0,"enemies":"Exordium Wildlife","floor":14.0,"turns":3.0},{"damage":27.0,"enemies":"Slime Boss","floor":16.0,"turns":12.0},{"damage":39.0,"enemies":"Shell Parasite","floor":18.0,"turns":6.0},{"damage":0.0,"enemies":"2 Thieves","floor":20.0,"turns":2.0},{"damage":24.0,"enemies":"Book of Stabbing","floor":23.0,"turns":5.0},{"damage":0.0,"enemies":"Slavers","floor":27.0,"turns":1.0},{"damage":4.0,"enemies":"Book of Stabbing","floor":29.0,"turns":4.0},{"damage":24.0,"enemies":"3 Cultists","floor":31.0,"turns":6.0},{"damage":1.0,"enemies":"Collector","floor":33.0,"turns":6.0},{"damage":45.0,"enemies":"3 Shapes","floor":35.0,"turns":5.0},{"damage":4.0,"enemies":"Orb Walker","floor":36.0,"turns":3.0},{"damage":21.0,"enemies":"Writhing Mass","floor":37.0,"turns":6.0},{"damage":29.0,"enemies":"Transient","floor":39.0,"turns":6.0},{"damage":24.0,"enemies":"Nemesis","floor":41.0,"turns":5.0},{"damage":13.0,"enemies":"Giant Head","floor":46.0,"turns":4.0},{"damage":24.0,"enemies":"Jaw Worm Horde","floor":47.0,"turns":6.0},{"damage":8.0,"enemies":"2 Orb Walkers","floor":48.0,"turns":4.0},{"damage":37,"enemies":"Donu and Deca","floor":50,"turns":13},{"damage":8,"enemies":"Awakened One","floor":51,"turns":25}],"seed_played":"8330593467795564616","potions_obtained":[{"floor":1.0,"key":"Fire Potion"},{"floor":7.0,"key":"Weak Potion"},{"floor":14.0,"key":"SpeedPotion"},{"floor":20.0,"key":"SpeedPotion"},{"floor":23.0,"key":"LiquidBronze"},{"floor":27.0,"key":"SpeedPotion"},{"floor":41.0,"key":"Dexterity Potion"}],"is_trial":false,"path_per_floor":["M","M","?","?","?","R","E","R","T","M","M","?","E","M","R","B",null,"M","?","M","?","$","E","?","R","T","E","?","E","R","M","R","B",null,"M","M","M","$","M","R","E","?","T","$","R","E","M","?","R","B","B",null],"character_chosen":"IRONCLAD","items_purchased":["True Grit","Happy Flower","Discovery"],"campfire_rested":0,"item_purchase_floors":[22,22,44],"current_hp_per_floor":[65,61,66,66,42,42,25,25,25,37,49,49,46,34,34,19,65,38,38,50,50,50,38,38,38,38,56,56,52,52,46,46,45,71,44,58,55,55,44,44,38,38,38,38,38,43,37,47,47,28,38],"gold":118,"neow_bonus":"BOSS_RELIC","is_prod":false,"is_daily":false,"chose_seed":false,"campfire_upgraded":8,"win_rate":0,"timestamp":1566402893,"path_taken":["M","M","?","?","?","R","E","R","T","M","M","?","E","M","R","BOSS","M","?","?","?","?","E","?","R","T","E","?","E","R","M","R","BOSS","M","M","M","$","?","R","E","?","T","$","R","E","M","?","R","BOSS","BOSS"],"build_version":"2019-08-15","purchased_purges":3,"victory":true,"max_hp_per_floor":[75,75,80,80,80,80,80,80,80,80,80,80,80,80,80,80,80,80,80,80,80,80,80,80,80,80,80,80,80,80,80,80,80,80,80,80,80,80,80,80,80,76,76,76,76,76,76,76,76,76,76],"card_choices":[{"not_picked":["Corruption","Cleave","Rupture"],"picked":"SKIP","floor":1.0},{"not_picked":["Headbutt","Body Slam","Cleave"],"picked":"SKIP","floor":2.0},{"not_picked":["Flex","Cleave","Heavy Blade"],"picked":"SKIP","floor":7.0},{"not_picked":["Seeing Red","Wild Strike","Cleave"],"picked":"SKIP","floor":10.0},{"not_picked":["Flex","Armaments"],"picked":"Flame Barrier","floor":11.0},{"not_picked":["Anger","Havoc"],"picked":"Whirlwind","floor":13.0},{"not_picked":["Power Through","Immolate","Ghostly Armor"],"picked":"SKIP","floor":14.0},{"not_picked":["Barricade","Reaper"],"picked":"Double Tap","floor":16.0},{"not_picked":["Intimidate","Havoc","Clash"],"picked":"SKIP","floor":18.0},{"not_picked":["Ghostly Armor","Fire Breathing","Cleave"],"picked":"SKIP","floor":20.0},{"not_picked":["Burning Pact","Cleave+1","Thunderclap+1"],"picked":"SKIP","floor":23.0},{"not_picked":["Heavy Blade","Armaments","Pommel Strike"],"picked":"SKIP","floor":27.0},{"not_picked":["Dual Wield","Thunderclap+1","Warcry"],"picked":"SKIP","floor":29.0},{"not_picked":["Hemokinesis","Pommel Strike","Anger"],"picked":"SKIP","floor":31.0},{"not_picked":["Evolve","True Grit","Disarm"],"picked":"SKIP","floor":35.0},{"not_picked":["Pommel Strike+1","Iron Wave+1","Flex"],"picked":"SKIP","floor":36.0},{"not_picked":["Perfected Strike+1","Cleave","Havoc"],"picked":"SKIP","floor":37.0},{"not_picked":["Perfected Strike","Wild Strike+1"],"picked":"Shrug It Off","floor":39.0},{"not_picked":["Second Wind","Headbutt","Uppercut"],"picked":"SKIP","floor":41.0},{"not_picked":["Iron Wave","Headbutt","Carnage"],"picked":"SKIP","floor":46.0},{"not_picked":["Heavy Blade","Shrug It Off","Flex"],"picked":"SKIP","floor":47.0}],"player_experience":1075660,"relics_obtained":[{"floor":7.0,"key":"Meat on the Bone"},{"floor":9.0,"key":"Red Skull"},{"floor":13.0,"key":"PreservedInsect"},{"floor":23.0,"key":"Magic Flower"},{"floor":26.0,"key":"Paper Frog"},{"floor":27.0,"key":"Incense Burner"},{"floor":29.0,"key":"Dodecahedron"},{"floor":41.0,"key":"Smiling Mask"},{"floor":43.0,"key":"Bottled Lightning"},{"floor":46.0,"key":"Bottled Flame"},{"floor":48.0,"key":"Nunchaku"}],"event_choices":[{"damage_healed":0.0,"max_hp_gain":5.0,"max_hp_loss":0.0,"gold_gain":0.0,"event_name":"Big Fish","player_choice":"Donut","floor":3.0,"gold_loss":0.0,"damage_taken":0.0},{"cards_removed":["Strike_R"],"damage_healed":0.0,"max_hp_gain":0.0,"max_hp_loss":0.0,"gold_gain":0.0,"event_name":"Living Wall","player_choice":"Forget","floor":4.0,"gold_loss":0.0,"damage_taken":0.0},{"damage_healed":0.0,"max_hp_gain":0.0,"max_hp_loss":0.0,"gold_gain":0.0,"event_name":"Shining Light","player_choice":"Entered Light","floor":5.0,"gold_loss":0.0,"damage_taken":24.0,"cards_upgraded":["Defend_R","Strike_R"]},{"cards_removed":["Defend_R"],"damage_healed":0.0,"max_hp_gain":0.0,"max_hp_loss":0.0,"gold_gain":0.0,"event_name":"The Cleric","player_choice":"Card Removal","floor":12.0,"gold_loss":75.0,"damage_taken":0.0},{"cards_removed":["Strike_R"],"damage_healed":0.0,"max_hp_gain":0.0,"max_hp_loss":0.0,"gold_gain":0.0,"event_name":"Wheel of Change","player_choice":"Card Removal","floor":19.0,"gold_loss":0.0,"damage_taken":0.0},{"damage_healed":0.0,"max_hp_gain":0.0,"max_hp_loss":0.0,"gold_gain":0.0,"event_name":"N\u0027loth","player_choice":"Ignored","floor":21.0,"gold_loss":0.0,"damage_taken":0.0},{"damage_healed":0.0,"max_hp_gain":0.0,"max_hp_loss":0.0,"gold_gain":0.0,"event_name":"Accursed Blacksmith","player_choice":"Forge","floor":28.0,"gold_loss":0.0,"damage_taken":0.0,"cards_upgraded":["Flame Barrier"]},{"damage_healed":0.0,"max_hp_gain":0.0,"max_hp_loss":4.0,"gold_gain":0.0,"event_name":"Winding Halls","player_choice":"Max HP","floor":42.0,"gold_loss":0.0,"damage_taken":0.0},{"damage_healed":0.0,"max_hp_gain":0.0,"max_hp_loss":0.0,"gold_gain":0.0,"event_name":"Mysterious Sphere","player_choice":"Fight","floor":48.0,"gold_loss":0.0,"damage_taken":0.0}],"is_beta":true,"boss_relics":[{"not_picked":["Calling Bell","Sozu"],"picked":"Coffee Dripper"},{"not_picked":["Philosopher\u0027s Stone","Eternal Feather"],"picked":"Empty Cage"}],"items_purged_floors":[22,38,44],"is_endless":false,"potions_floor_spawned":[1,7,14,20,23,27,29,33,39,41,46,47],"ascension_level":20}