{"gold_per_floor":[318,330,330,39,56,88,53,69,69,82,82,94,94,194,194,298,298,314,283,138,138,150,150,169,203,250,265,277,277,6,20,20,117,117,129,129,141,41,57,57,57],"floor_reached":41,"playtime":4926,"items_purged":["Strike_B","Biased Cognition+1"],"score":463,"play_id":"0c8c10fd-77c6-4418-93ef-e4c9b3a84b9c","local_time":"20190917004932","is_ascension_mode":true,"campfire_choices":[{"floor":11,"key":"REST"},{"data":"Fusion","floor":13,"key":"SMITH"},{"data":"Self Repair","floor":15,"key":"SMITH"},{"floor":23,"key":"REST"},{"floor":29,"key":"REST"},{"floor":32,"key":"REST"}],"neow_cost":"NO_GOLD","seed_source_timestamp":377166713148800,"circlet_count":0,"master_deck":["Strike_B","Strike_B","Strike_B","Defend_B","Defend_B","Defend_B","Defend_B","Zap","Dualcast","Sweeping Beam","Hologram","Fusion+1","Loop","Self Repair+1","Machine Learning+1","Blizzard","Beam Cell","Coolheaded","Streamline","Machine Learning+1","Force Field+1","Sunder","Darkness","Steam","Auto Shields+1","Double Energy+1","Hologram+1","Coolheaded+1","Fusion+1","Creative AI+1","Go for the Eyes","Amplify+1","Sweeping Beam+1","Loop+1","Double Energy+1","Zap+1","Parasite"],"relics":["Cracked Core","Old Coin","Meat on the Bone","PreservedInsect","Frozen Egg 2","Shuriken","Inserter","Toxic Egg 2","Vajra","Runic Pyramid"],"potions_floor_usage":[6,16,19,22,22,24,25,31,33,37],"damage_taken":[{"damage":0,"enemies":"Small Slimes","floor":1,"turns":3},{"damage":1,"enemies":"Cultist","floor":2,"turns":3},{"damage":0,"enemies":"2 Louse","floor":5,"turns":4},{"damage":28,"enemies":"3 Sentries","floor":6,"turns":6},{"damage":23,"enemies":"Red Slaver","floor":8,"turns":4},{"damage":14,"enemies":"Blue Slaver","floor":10,"turns":3},{"damage":6,"enemies":"2 Fungi Beasts","floor":12,"turns":3},{"damage":53,"enemies":"The Guardian","floor":16,"turns":9},{"damage":42,"enemies":"Chosen","floor":18,"turns":7},{"damage":39,"enemies":"2 Thieves","floor":19,"turns":5},{"damage":7,"enemies":"Shelled Parasite and Fungi","floor":22,"turns":5},{"damage":20,"enemies":"Snecko","floor":24,"turns":8},{"damage":11,"enemies":"Gremlin Leader","floor":25,"turns":7},{"damage":20,"enemies":"Sentry and Sphere","floor":27,"turns":6},{"damage":33,"enemies":"Shelled Parasite and Fungi","floor":28,"turns":5},{"damage":24,"enemies":"Centurion and Healer","floor":31,"turns":8},{"damage":47,"enemies":"Collector","floor":33,"turns":10},{"damage":32,"enemies":"Orb Walker","floor":35,"turns":5},{"damage":39,"enemies":"3 Darklings","floor":37,"turns":8},{"damage":46,"enemies":"Sphere and 2 Shapes","floor":39,"turns":8},{"damage":30,"enemies":"Writhing Mass","floor":41,"turns":4}],"seed_played":"5115741718611532512","potions_obtained":[{"floor":5,"key":"SkillPotion"},{"floor":8,"key":"FocusPotion"},{"floor":16,"key":"LiquidBronze"},{"floor":18,"key":"Weak Potion"},{"floor":19,"key":"FearPotion"},{"floor":21,"key":"PowerPotion"},{"floor":21,"key":"Weak Potion"},{"floor":22,"key":"Swift Potion"},{"floor":28,"key":"LiquidBronze"},{"floor":35,"key":"Regen Potion"}],"is_trial":false,"path_per_floor":["M","M","?","$","M","E","$","M","T","M","R","M","R","?","R","B",null,"M","M","$","?","M","R","M","E","T","M","M","R","$","M","R","B",null,"M","?","M","$","M","?","M"],"character_chosen":"DEFECT","items_purchased":["Fusion","PreservedInsect","Loop","Blizzard","Sunder","Darkness","Fusion+1","Creative AI+1","SkillPotion"],"campfire_rested":4,"item_purchase_floors":[4,4,4,7,20,20,30,30,30],"current_hp_per_floor":[75,74,67,67,67,46,46,42,42,47,69,70,70,70,70,39,75,55,38,38,38,53,75,65,64,64,54,43,65,65,51,73,38,75,63,63,49,49,25,25,0],"gold":57,"neow_bonus":"ONE_RARE_RELIC","is_prod":false,"is_daily":false,"chose_seed":false,"campfire_upgraded":2,"win_rate":1,"timestamp":1568695772,"path_taken":["M","M","?","$","M","E","$","M","T","M","R","M","R","?","R","BOSS","M","M","?","?","M","R","?","E","T","M","M","R","$","M","R","BOSS","M","?","M","$","M","?","?"],"build_version":"2019-07-17","purchased_purges":2,"victory":false,"max_hp_per_floor":[75,75,75,75,75,75,75,75,75,75,75,75,75,75,75,75,75,75,75,75,75,75,75,75,75,75,75,75,75,75,75,75,75,75,75,75,75,75,75,75,75],"card_choices":[{"not_picked":["Hologram","Stack"],"picked":"Sweeping Beam","floor":1},{"not_picked":["Lockon","Cold Snap"],"picked":"Hologram","floor":2},{"not_picked":["Defragment","Cold Snap"],"picked":"Self Repair","floor":5},{"not_picked":["Cold Snap","Streamline"],"picked":"Machine Learning","floor":6},{"not_picked":["Leap","Turbo"],"picked":"Beam Cell","floor":8},{"not_picked":["Melter","Storm+1"],"picked":"Coolheaded","floor":10},{"not_picked":["Redo","Stack"],"picked":"Streamline","floor":12},{"not_picked":["All For One","Biased Cognition+1"],"picked":"Machine Learning+1","floor":16},{"not_picked":["Gash","Turbo"],"picked":"Force Field+1","floor":18},{"not_picked":["Cold Snap","Defragment+1"],"picked":"Biased Cognition+1","floor":19},{"not_picked":["Blizzard+1","Hologram"],"picked":"Steam","floor":22},{"not_picked":["Rip and Tear","Leap"],"picked":"Auto Shields+1","floor":24},{"not_picked":["Rebound","Buffer+1"],"picked":"Double Energy","floor":25},{"not_picked":["Go for the Eyes","Lockon"],"picked":"Hologram+1","floor":27},{"not_picked":["Steam+1","Hologram+1"],"picked":"Coolheaded+1","floor":28},{"not_picked":["Beam Cell","Stack+1"],"picked":"Go for the Eyes","floor":31},{"not_picked":["Fission+1","Echo Form+1"],"picked":"Amplify+1","floor":33},{"not_picked":["Steam+1","Ball Lightning+1"],"picked":"Sweeping Beam+1","floor":35},{"not_picked":["Stack+1","Steam Power+1"],"picked":"Loop+1","floor":37},{"not_picked":["Blizzard","Compile Driver+1"],"picked":"Double Energy+1","floor":39}],"player_experience":31074,"relics_obtained":[{"floor":6,"key":"Frozen Egg 2"},{"floor":9,"key":"Shuriken"},{"floor":25,"key":"Toxic Egg 2"},{"floor":26,"key":"Vajra"}],"event_choices":[{"damage_healed":0,"gold_gain":0,"player_choice":"Success","damage_taken":7,"relics_obtained":["Meat on the Bone"],"max_hp_gain":0,"max_hp_loss":0,"event_name":"Scrap Ooze","floor":3,"gold_loss":0},{"damage_healed":0,"gold_gain":100,"player_choice":"Pray","damage_taken":0,"max_hp_gain":0,"max_hp_loss":0,"event_name":"Golden Shrine","floor":14,"gold_loss":0},{"damage_healed":0,"gold_gain":0,"player_choice":"Got Potions","damage_taken":0,"max_hp_gain":0,"max_hp_loss":0,"event_name":"Lab","floor":21,"gold_loss":0},{"damage_healed":0,"gold_gain":0,"player_choice":"Ignored","damage_taken":0,"max_hp_gain":0,"max_hp_loss":0,"event_name":"Mysterious Sphere","floor":36,"gold_loss":0},{"damage_healed":0,"gold_gain":0,"player_choice":"1 cards matched","damage_taken":0,"max_hp_gain":0,"max_hp_loss":0,"event_name":"Match and Keep!","floor":40,"gold_loss":0,"cards_obtained":["Zap"]}],"is_beta":false,"boss_relics":[{"not_picked":["Lizard Tail","Velvet Choker"],"picked":"Inserter"},{"not_picked":["Tiny House","Busted Crown"],"picked":"Runic Pyramid"}],"items_purged_floors":[30,38],"is_endless":false,"potions_floor_spawned":[5,8,16,18,19,22,28,35],"killed_by":"Writhing Mass","ascension_level":1}