{"gold_per_floor":[114,36,111,126,126,126,156,156,156,171,186,118,133,148,148,248,248,263,278,293,308,308,308,136,136,136,151,151,76,76,106,106,206,218,245,257,294,321,46,46,76,91,91,91,106,121,121,136,136,136],"floor_reached":51,"playtime":2227,"items_purged":[],"score":953,"play_id":"05fc7183-0f9f-4cf1-8694-f66cd42118de","local_time":"20180829152820","daily_mods":["Brewmaster","Uncertain Future","Vintage"],"is_ascension_mode":false,"campfire_choices":[{"data":"Bash","floor":6,"key":"SMITH"},{"data":"Armaments","floor":8,"key":"SMITH"},{"data":"Venomology","floor":15,"key":"SMITH"},{"floor":23,"key":"REST"},{"data":"Body Slam","floor":28,"key":"SMITH"},{"data":"Berserk","floor":32,"key":"SMITH"},{"data":"Demon Form","floor":40,"key":"SMITH"},{"floor":47,"key":"REST"},{"floor":49,"key":"REST"}],"neow_cost":"","seed_source_timestamp":0,"circlet_count":0,"master_deck":["Strike_R","Strike_R","Strike_R","Defend_R","Defend_R","Defend_R","Defend_R","Bash+1","Venomology+1","Venomology","Venomology+1","Venomology","Venomology","Armaments+1","Body Slam+1","Regret","Evolve","Berserk+1","Writhe","Regret","Clumsy","Intimidate","Shrug It Off+1","Armaments","Thunderclap","Wild Strike","Sever Soul","Demon Form+1","Clumsy","True Grit","Combust","Havoc","Uppercut","Body Slam","Rupture+1","Decay","Writhe","Ghostly Armor"],"special_seed":17772,"relics":["Burning Blood","White Beast Statue","Oddly Smooth Stone","Letter Opener","Paper Frog","Singing Bowl","Ornamental Fan","Regal Pillow","Bag of Preparation","Bag of Marbles","Orichalcum","Centennial Puzzle","Bottled Tornado","Calling Bell","Happy Flower","Matryoshka","StoneCalendar","Darkstone Periapt","Question Card","Pantograph","Shuriken","Red Skull","Mummified Hand","Dodecahedron","Pear","MawBank","Cursed Key","Smiling Mask","War Paint","Dream Catcher","Thread and Needle","Blood Vial","Gremlin Horn","Kunai","Art of War","Torii","Vajra"],"potions_floor_usage":[1,1,1,7,7,7,7,10,10,10,11,11,11,11,13,13,13,16,16,16,16,16,16,16,18,18,18,18,19,19,19,19,19,20,20,20,20,21,21,21,21,21,25,25,27,27,27,27,30,30,30,30,31,31,31,31,33,33,33,33,33,33,35,38,38,38,38,38,41,41,41,42,42,42,42,42,45,45,45,45,45,46,46,48,50,50,50,50,50,50,50,50],"damage_taken":[{"damage":1,"enemies":"Jaw Worm","floor":1,"turns":3},{"damage":0,"enemies":"2 Louse","floor":4,"turns":3},{"damage":22,"enemies":"Lagavulin","floor":7,"turns":6},{"damage":1,"enemies":"Small Slimes","floor":10,"turns":3},{"damage":13,"enemies":"Exordium Wildlife","floor":11,"turns":5},{"damage":7,"enemies":"Large Slime","floor":13,"turns":6},{"damage":16,"enemies":"Lots of Slimes","floor":14,"turns":6},{"damage":13,"enemies":"Slime Boss","floor":16,"turns":5},{"damage":32,"enemies":"Shell Parasite","floor":18,"turns":7},{"damage":41,"enemies":"Spheric Guardian","floor":19,"turns":6},{"damage":15,"enemies":"Snake Plant","floor":20,"turns":2},{"damage":17,"enemies":"Centurion and Healer","floor":21,"turns":7},{"damage":3,"enemies":"3 Cultists","floor":25,"turns":2},{"damage":35,"enemies":"Shelled Parasite and Fungi","floor":27,"turns":7},{"damage":21,"enemies":"Snake Plant","floor":30,"turns":3},{"damage":30,"enemies":"Slavers","floor":31,"turns":5},{"damage":9,"enemies":"Champ","floor":33,"turns":8},{"damage":11,"enemies":"Orb Walker","floor":35,"turns":3},{"damage":14,"enemies":"Flame Bruiser 1 Orb","floor":38,"turns":5},{"damage":35,"enemies":"2 Orb Walkers","floor":41,"turns":5},{"damage":47,"enemies":"Spire Growth","floor":42,"turns":5},{"damage":8,"enemies":"Jaw Worm Horde","floor":45,"turns":5},{"damage":37,"enemies":"Flame Bruiser 2 Orb","floor":46,"turns":5},{"damage":12,"enemies":"4 Shapes","floor":48,"turns":3},{"damage":53,"enemies":"Donu and Deca","floor":50,"turns":8}],"seed_played":"7234858393999432779","potions_obtained":[{"floor":1,"key":"Block Potion"},{"floor":7,"key":"EssenceOfSteel"},{"floor":10,"key":"SteroidPotion"},{"floor":16,"key":"Dexterity Potion"},{"floor":18,"key":"Dexterity Potion"},{"floor":19,"key":"SteroidPotion"},{"floor":20,"key":"SpeedPotion"},{"floor":33,"key":"Energy Potion"},{"floor":35,"key":"Block Potion"},{"floor":38,"key":"SteroidPotion"},{"floor":42,"key":"Strength Potion"},{"floor":46,"key":"GamblersBrew"}],"is_trial":false,"path_per_floor":["M","$","?","M","?","R","E","R","T","M","M","?","M","M","R","B",null,"M","M","M","M","?","R","$","M","T","M","R","?","M","E","R","B",null,"M","?","T","M","$","R","E","M","T","?","M","M","R","M","R","B"],"character_chosen":"IRONCLAD","items_purchased":["Armaments","Body Slam","Shrug It Off","Armaments","Thunderclap","Wild Strike","True Grit","Combust","Havoc","Uppercut","Body Slam"],"campfire_rested":3,"item_purchase_floors":[2,2,24,24,24,24,39,39,39,39,39],"current_hp_per_floor":[80,80,69,75,75,75,59,59,59,64,57,57,56,46,46,39,80,66,31,22,23,23,62,62,65,65,59,59,59,53,39,39,61,90,85,85,91,83,83,83,54,15,21,53,53,24,73,69,110,63],"gold":136,"neow_bonus":"","is_prod":false,"is_daily":true,"chose_seed":false,"campfire_upgraded":6,"win_rate":0,"timestamp":1535531300,"path_taken":["M","$","?","M","?","R","E","R","T","M","M","?","M","M","R","BOSS","M","M","M","M","?","R","$","?","T","M","R","?","M","E","R","BOSS","M","?","?","M","$","R","E","M","T","?","M","M","R","M","R","BOSS"],"build_version":"2018-08-28","purchased_purges":0,"victory":true,"max_hp_per_floor":[80,80,80,80,80,80,80,80,80,80,80,80,80,80,80,80,80,80,80,80,80,80,80,80,80,80,80,80,80,80,90,90,90,90,90,90,96,96,96,96,96,96,102,108,108,108,110,110,110,110],"card_choices":[{"not_picked":["Pommel Strike","Clothesline"],"picked":"Evolve","floor":7},{"not_picked":["Juggernaut","Feed"],"picked":"Berserk","floor":16},{"not_picked":["Clash+1","Twin Strike","Body Slam"],"picked":"Sever Soul","floor":31},{"not_picked":["Limit Break","Offering","Dark Embrace"],"picked":"Demon Form","floor":33},{"not_picked":["Headbutt+1","Cleave+1","Combust"],"picked":"Rupture+1","floor":41},{"not_picked":["Anger+1","Flex+1","Wild Strike+1","True Grit+1"],"picked":"Singing Bowl","floor":47},{"not_picked":["Sword Boomerang+1","Bloodletting+1","Havoc"],"picked":"Ghostly Armor","floor":49}],"player_experience":324491,"relics_obtained":[{"floor":1,"key":"Oddly Smooth Stone"},{"floor":4,"key":"Letter Opener"},{"floor":7,"key":"Singing Bowl"},{"floor":9,"key":"Ornamental Fan"},{"floor":10,"key":"Regal Pillow"},{"floor":11,"key":"Bag of Preparation"},{"floor":13,"key":"Orichalcum"},{"floor":14,"key":"Centennial Puzzle"},{"floor":16,"key":"Bottled Tornado"},{"floor":17,"key":"Happy Flower"},{"floor":17,"key":"Matryoshka"},{"floor":17,"key":"StoneCalendar"},{"floor":18,"key":"Darkstone Periapt"},{"floor":19,"key":"Question Card"},{"floor":20,"key":"Pantograph"},{"floor":21,"key":"Shuriken"},{"floor":26,"key":"Red Skull"},{"floor":26,"key":"Mummified Hand"},{"floor":27,"key":"Dodecahedron"},{"floor":31,"key":"Pear"},{"floor":33,"key":"MawBank"},{"floor":35,"key":"Smiling Mask"},{"floor":37,"key":"War Paint"},{"floor":37,"key":"Dream Catcher"},{"floor":38,"key":"Thread and Needle"},{"floor":41,"key":"Blood Vial"},{"floor":42,"key":"Gremlin Horn"},{"floor":43,"key":"Kunai"},{"floor":45,"key":"Art of War"},{"floor":46,"key":"Torii"},{"floor":48,"key":"Vajra"}],"event_choices":[{"event_name":"World of Goop","player_choice":"Gather Gold","floor":3,"damage_taken":0},{"event_name":"Big Fish","player_choice":"Box","floor":5,"damage_taken":0},{"event_name":"WeMeetAgain","player_choice":"Gold","floor":12,"damage_taken":0},{"event_name":"Transmorgrifier","player_choice":"Transform","floor":22,"damage_taken":0},{"event_name":"Beggar","player_choice":"Gave Gold","floor":29,"damage_taken":0},{"event_name":"Tomb of Lord Red Mask","player_choice":"Ignored","floor":36,"damage_taken":0},{"event_name":"Winding Halls","player_choice":"Writhe","floor":44,"damage_taken":0}],"is_beta":true,"boss_relics":[{"not_picked":["Fusion Hammer","Busted Crown"],"picked":"Calling Bell"},{"not_picked":["Runic Cube","Astrolabe"],"picked":"Cursed Key"}],"items_purged_floors":[],"is_endless":false,"potions_floor_spawned":[1,4,7,10,11,13,14,16,18,19,20,21,25,27,30,31,33,35,38,41,42,45,46,48],"ascension_level":0}