{"gold_per_floor":[109,1,13,28,46,80,91,91,114,176,251,280,280,313,313,388,388,403,403,79,90,102,102,137,137,162,162,162,162,172,172,172,172],"floor_reached":33,"playtime":1352,"items_purged":["Strike_R"],"score":611,"play_id":"d624a975-17e1-4318-a894-a8cb43191544","local_time":"20190407193518","is_ascension_mode":true,"campfire_choices":[{"data":"Whirlwind","floor":8,"key":"SMITH"},{"data":"Spot Weakness","floor":13,"key":"SMITH"},{"data":"Bash","floor":15,"key":"SMITH"},{"data":"Corruption","floor":23,"key":"SMITH"},{"floor":25,"key":"REST"},{"data":"Dark Embrace","floor":29,"key":"SMITH"},{"data":"Immolate","floor":32,"key":"SMITH"}],"neow_cost":"NONE","seed_source_timestamp":29133747104765,"circlet_count":0,"master_deck":["AscendersBane","Defend_R","Defend_R","Defend_R+1","Defend_R","Bash+1","Exhume","Thunderclap","Spot Weakness+1","Twin Strike","Whirlwind+1","Flame Barrier+1","Clothesline","Shrug It Off","Dark Embrace+1","True Grit","Corruption+1","Entrench","Immolate+1","Intimidate","Second Wind","Bite","Bite","Bite","Bite","Bite"],"relics":["Burning Blood","Red Skull","War Paint","Tiny Chest","Ancient Tea Set","Potion Belt","Velvet Choker","Sundial","Bag of Preparation","MutagenicStrength","Pear"],"potions_floor_usage":[6,12,16,24,24],"damage_taken":[{"damage":8,"enemies":"2 Louse","floor":1,"turns":4},{"damage":7,"enemies":"Jaw Worm","floor":3,"turns":3},{"damage":7,"enemies":"Cultist","floor":4,"turns":4},{"damage":16,"enemies":"Blue Slaver","floor":5,"turns":4},{"damage":10,"enemies":"3 Sentries","floor":6,"turns":2},{"damage":3,"enemies":"Looter","floor":7,"turns":4},{"damage":19,"enemies":"Lagavulin","floor":10,"turns":6},{"damage":7,"enemies":"Gremlin Nob","floor":12,"turns":3},{"damage":19,"enemies":"Lagavulin","floor":14,"turns":5},{"damage":15,"enemies":"Hexaghost","floor":16,"turns":8},{"damage":19,"enemies":"Shell Parasite","floor":18,"turns":5},{"damage":0,"enemies":"3 Byrds","floor":21,"turns":3},{"damage":36,"enemies":"Snake Plant","floor":22,"turns":4},{"damage":15,"enemies":"Book of Stabbing","floor":24,"turns":4},{"damage":13,"enemies":"Chosen and Byrds","floor":30,"turns":7},{"damage":72,"enemies":"Automaton","floor":33,"turns":8}],"seed_played":"-4714938146521655707","potions_obtained":[{"floor":4,"key":"BloodPotion"},{"floor":5,"key":"Energy Potion"},{"floor":10,"key":"Strength Potion"},{"floor":12,"key":"Explosive Potion"},{"floor":16,"key":"SteroidPotion"},{"floor":18,"key":"FearPotion"},{"floor":24,"key":"Fire Potion"}],"is_trial":false,"path_per_floor":["M","$","M","M","M","E","M","R","T","E","?","E","R","E","R","B",null,"M","?","$","M","M","R","E","R","T","?","?","R","M","T","R","B"],"character_chosen":"IRONCLAD","items_purchased":["Spot Weakness","Twin Strike","Corruption","Entrench","Immolate"],"campfire_rested":1,"item_purchase_floors":[2,2,20,20,20],"current_hp_per_floor":[66,66,65,64,54,50,53,53,53,40,29,28,28,15,15,13,60,47,47,47,53,23,23,14,36,36,36,36,36,43,53,53,0],"gold":172,"neow_bonus":"ONE_RANDOM_RARE_CARD","is_prod":false,"is_daily":false,"chose_seed":false,"campfire_upgraded":6,"win_rate":0,"timestamp":1554680118,"path_taken":["M","$","M","M","M","E","M","R","T","E","?","E","R","E","R","BOSS","M","?","$","M","?","R","E","R","T","?","?","R","M","?","R","BOSS"],"build_version":"2019-01-23","purchased_purges":1,"victory":false,"max_hp_per_floor":[75,75,75,75,75,75,75,75,75,75,75,75,75,75,75,75,75,75,75,75,75,75,75,75,75,75,52,52,52,52,62,62,62],"card_choices":[{"not_picked":["Wild Strike","Havoc"],"picked":"Thunderclap","floor":1},{"not_picked":["True Grit","Seeing Red"],"picked":"Whirlwind","floor":3},{"not_picked":["Metallicize","Rage"],"picked":"Flame Barrier","floor":4},{"not_picked":["Seeing Red","Iron Wave"],"picked":"Clothesline","floor":5},{"not_picked":["Dropkick","Havoc","Thunderclap"],"picked":"SKIP","floor":6},{"not_picked":["Clash","Pommel Strike"],"picked":"Shrug It Off","floor":7},{"not_picked":["Berserk","Brutality","Cleave"],"picked":"SKIP","floor":10},{"not_picked":["Reckless Charge","Body Slam","Dual Wield"],"picked":"SKIP","floor":12},{"not_picked":["Cleave","Wild Strike","Anger"],"picked":"SKIP","floor":14},{"not_picked":["Brutality","Berserk"],"picked":"Dark Embrace","floor":16},{"not_picked":["Twin Strike","Body Slam"],"picked":"True Grit","floor":18},{"not_picked":["Wild Strike","Thunderclap","Pommel Strike"],"picked":"SKIP","floor":21},{"not_picked":["Bloodletting","Rupture"],"picked":"Intimidate","floor":22},{"not_picked":["Fiend Fire","Headbutt"],"picked":"Second Wind","floor":24},{"not_picked":["Pommel Strike","Reckless Charge","Hemokinesis"],"picked":"SKIP","floor":30}],"player_experience":669575,"relics_obtained":[{"floor":6,"key":"Red Skull"},{"floor":9,"key":"War Paint"},{"floor":10,"key":"Tiny Chest"},{"floor":12,"key":"Ancient Tea Set"},{"floor":14,"key":"Potion Belt"},{"floor":24,"key":"Sundial"},{"floor":26,"key":"Bag of Preparation"},{"floor":31,"key":"Pear"}],"event_choices":[{"damage_healed":0,"gold_gain":75,"player_choice":"Gather Gold","damage_taken":11,"max_hp_gain":0,"max_hp_loss":0,"event_name":"World of Goop","floor":11,"gold_loss":0},{"cards_removed":["Strike_R"],"damage_healed":0,"gold_gain":0,"player_choice":"Purged","damage_taken":0,"max_hp_gain":0,"max_hp_loss":0,"event_name":"Purifier","floor":19,"gold_loss":0},{"damage_healed":0,"gold_gain":0,"player_choice":"Became a vampire","damage_taken":0,"max_hp_gain":0,"max_hp_loss":23,"event_name":"Vampires","floor":27,"gold_loss":0,"cards_obtained":["Bite","Bite","Bite","Bite","Bite"]},{"damage_healed":0,"gold_gain":0,"player_choice":"Inject Mutagens","damage_taken":0,"relics_obtained":["MutagenicStrength"],"max_hp_gain":0,"max_hp_loss":0,"event_name":"Drug Dealer","floor":28,"gold_loss":0}],"is_beta":false,"boss_relics":[{"not_picked":["Runic Dome","Empty Cage"],"picked":"Velvet Choker"}],"items_purged_floors":[20],"is_endless":false,"potions_floor_spawned":[4,5,10,12,16,18,24],"killed_by":"Automaton","ascension_level":20}