{"gold_per_floor":[110,127,15,15,15,78,54,64,64,64,79,94,123,123,123,228,228,247,247,259,279,290,319,319,339,390,390,401,433,433,466,466,466],"floor_reached":33,"playtime":2472,"items_purged":["Defend_G"],"score":385,"play_id":"8e8f1067-a4bd-42ab-8533-6856681004fd","local_time":"20190602143650","is_ascension_mode":true,"campfire_choices":[{"data":"Noxious Fumes","floor":10,"key":"SMITH"},{"data":"Dodge and Roll","floor":15,"key":"SMITH"},{"floor":24,"key":"REST"},{"floor":27,"key":"REST"},{"floor":30,"key":"REST"},{"floor":32,"key":"REST"}],"neow_cost":"NONE","seed_source_timestamp":15179630803146,"circlet_count":0,"master_deck":["Defend_G","Defend_G","Defend_G","Defend_G","Strike_G","Strike_G+1","Strike_G","Survivor+1","Neutralize","Deadly Poison","Bane","Noxious Fumes+1","Bane","Dodge and Roll+1","Backflip","Slice","Deflect","Adrenaline","Cloak And Dagger+1","Catalyst","Blade Dance+1","Dodge and Roll","Backflip","Prepared+1","Bane+1"],"relics":["Ring of the Snake","NeowsBlessing","Pantograph","Tiny Chest","Letter Opener","Dodecahedron","Black Star","Darkstone Periapt","Orichalcum","Regal Pillow","Omamori","Calipers","Centennial Puzzle","Anchor"],"potions_floor_usage":[20,22,22,29,31,31],"damage_taken":[{"damage":0,"enemies":"Cultist","floor":1,"turns":1},{"damage":0,"enemies":"Jaw Worm","floor":2,"turns":1},{"damage":0,"enemies":"Lagavulin","floor":6,"turns":1},{"damage":0,"enemies":"2 Louse","floor":8,"turns":2},{"damage":11,"enemies":"Exordium Wildlife","floor":11,"turns":5},{"damage":3,"enemies":"Red Slaver","floor":12,"turns":4},{"damage":0,"enemies":"3 Sentries","floor":13,"turns":6},{"damage":21,"enemies":"Slime Boss","floor":16,"turns":8},{"damage":0,"enemies":"Chosen","floor":18,"turns":3},{"damage":0,"enemies":"Shell Parasite","floor":20,"turns":5},{"damage":0,"enemies":"Chosen and Byrds","floor":21,"turns":4},{"damage":26,"enemies":"Sentry and Sphere","floor":22,"turns":8},{"damage":37,"enemies":"Gremlin Leader","floor":23,"turns":6},{"damage":0,"enemies":"3 Cultists","floor":25,"turns":5},{"damage":14,"enemies":"Snake Plant","floor":28,"turns":5},{"damage":23,"enemies":"Book of Stabbing","floor":29,"turns":7},{"damage":58,"enemies":"Gremlin Leader","floor":31,"turns":6},{"damage":78,"enemies":"Collector","floor":33,"turns":7}],"seed_played":"-6954191476039496709","potions_obtained":[{"floor":2,"key":"Swift Potion"},{"floor":11,"key":"Block Potion"},{"floor":12,"key":"EssenceOfSteel"},{"floor":20,"key":"Block Potion"},{"floor":22,"key":"AttackPotion"},{"floor":25,"key":"Regen Potion"}],"is_trial":false,"path_per_floor":["M","M","$","T","?","E","$","M","T","R","M","M","E","?","R","B",null,"M","?","M","M","M","E","R","M","T","R","M","E","R","E","R","B"],"character_chosen":"THE_SILENT","items_purchased":["Noxious Fumes","Dodge and Roll"],"campfire_rested":4,"item_purchase_floors":[3,7],"current_hp_per_floor":[70,70,70,70,70,70,70,70,70,70,59,56,56,42,42,46,70,70,70,70,70,44,7,28,28,28,64,50,27,63,14,50,0],"gold":466,"neow_bonus":"THREE_ENEMY_KILL","is_prod":false,"is_daily":false,"chose_seed":false,"campfire_upgraded":2,"win_rate":0,"timestamp":1559479010,"path_taken":["M","M","?","?","?","E","?","M","T","R","M","?","E","?","R","BOSS","M","?","?","M","M","E","R","M","T","R","M","E","R","E","R","BOSS"],"build_version":"2019-01-23","purchased_purges":1,"victory":false,"max_hp_per_floor":[70,70,70,70,70,70,70,70,70,70,70,70,70,70,70,70,70,70,70,70,70,70,70,70,70,70,70,70,70,70,70,70,70],"card_choices":[{"not_picked":["Flying Knee","Bane"],"picked":"Deadly Poison","floor":1},{"not_picked":["Reflex","Outmaneuver"],"picked":"Bane","floor":2},{"not_picked":["Calculated Gamble","Tactician"],"picked":"Bane","floor":6},{"not_picked":["Slice","Eviscerate"],"picked":"Backflip","floor":8},{"not_picked":["Deadly Poison","Envenom"],"picked":"Slice","floor":11},{"not_picked":["Flechettes","Quick Slash","Riddle With Holes"],"picked":"SKIP","floor":12},{"not_picked":["Acrobatics","Heel Hook"],"picked":"Deflect","floor":13},{"not_picked":["Malaise","Wraith Form v2"],"picked":"Adrenaline","floor":16},{"not_picked":["Flechettes","Distraction","Expertise"],"picked":"SKIP","floor":18},{"not_picked":["Choke+1","Distraction"],"picked":"Cloak And Dagger+1","floor":20},{"not_picked":["Calculated Gamble","Outmaneuver"],"picked":"Catalyst","floor":21},{"not_picked":["Dagger Spray","Escape Plan"],"picked":"Blade Dance+1","floor":22},{"not_picked":["Skewer+1","Terror"],"picked":"Dodge and Roll","floor":23},{"not_picked":["Sucker Punch","Acrobatics+1","Deflect"],"picked":"SKIP","floor":25},{"not_picked":["Dash","Dagger Spray"],"picked":"Backflip","floor":28},{"not_picked":["Quick Slash","Heel Hook+1"],"picked":"Prepared+1","floor":29},{"not_picked":["Backflip","Malaise"],"picked":"Bane+1","floor":31}],"player_experience":167301,"relics_obtained":[{"floor":4,"key":"Pantograph"},{"floor":6,"key":"Tiny Chest"},{"floor":9,"key":"Letter Opener"},{"floor":13,"key":"Dodecahedron"},{"floor":23,"key":"Darkstone Periapt"},{"floor":23,"key":"Orichalcum"},{"floor":26,"key":"Regal Pillow"},{"floor":29,"key":"Omamori"},{"floor":29,"key":"Calipers"},{"floor":31,"key":"Centennial Puzzle"},{"floor":31,"key":"Anchor"}],"event_choices":[{"cards_removed":["Strike_G"],"damage_healed":0,"gold_gain":0,"player_choice":"Forget","damage_taken":0,"max_hp_gain":0,"max_hp_loss":0,"event_name":"Living Wall","floor":5,"gold_loss":0},{"damage_healed":0,"gold_gain":0,"player_choice":"Entered Light","damage_taken":14,"max_hp_gain":0,"max_hp_loss":0,"event_name":"Shining Light","floor":14,"gold_loss":0,"cards_upgraded":["Strike_G","Survivor"]},{"cards_removed":["Strike_G"],"damage_healed":0,"gold_gain":0,"player_choice":"Offered Basic","damage_taken":0,"max_hp_gain":0,"max_hp_loss":0,"event_name":"Bonfire Elementals","floor":19,"gold_loss":0}],"is_beta":false,"boss_relics":[{"not_picked":["Lizard Tail","WristBlade"],"picked":"Black Star"}],"items_purged_floors":[3],"is_endless":false,"potions_floor_spawned":[2,11,12,13,20,22,25,28],"killed_by":"Collector","ascension_level":1}