{"gold_per_floor":[115,115,115,40,40,40,67,67,116,145,145,160,195,205,205,277,277,296,296,190,202,202],"floor_reached":22,"playtime":469,"items_purged":["Defend_P"],"score":509,"play_id":"bd9c3916-ab14-4c58-a069-1b01884b4ec2","local_time":"20190921215737","is_ascension_mode":true,"campfire_choices":[{"data":"Eruption","floor":6.0,"key":"SMITH"},{"data":"Vigilance","floor":8,"key":"SMITH"},{"data":"Metaphysics","floor":11,"key":"SMITH"},{"data":"FlyingSleeves","floor":15,"key":"SMITH"}],"neow_cost":"NONE","seed_source_timestamp":75033808215900,"circlet_count":0,"master_deck":["AscendersBane","Strike_P+1","Strike_P+1","Defend_P","Eruption+1","Vigilance+1","Metaphysics+1","Alpha","Protect","EmptyBody+1"],"special_seed":0,"relics":["PureWater","NeowsBlessing","Orichalcum","Strawberry","The Courier","Empty Cage","Toxic Egg 2"],"potions_floor_usage":[13,16,18],"damage_taken":[{"damage":0.0,"enemies":"Jaw Worm","floor":1.0,"turns":1.0},{"damage":0.0,"enemies":"Gremlin Nob","floor":7.0,"turns":1.0},{"damage":0,"enemies":"3 Sentries","floor":10,"turns":1},{"damage":0,"enemies":"Small Slimes","floor":12,"turns":2},{"damage":0,"enemies":"Lagavulin","floor":13,"turns":4},{"damage":0,"enemies":"2 Louse","floor":14,"turns":3},{"damage":32,"enemies":"Hexaghost","floor":16,"turns":6},{"damage":18,"enemies":"Shell Parasite","floor":18,"turns":7},{"damage":16,"enemies":"2 Thieves","floor":21,"turns":4},{"damage":21,"enemies":"Centurion and Healer","floor":22,"turns":5}],"seed_played":"6377799649074524490","potions_obtained":[{"floor":1.0,"key":"Block Potion"},{"floor":7,"key":"StancePotion"},{"floor":13,"key":"Strength Potion"},{"floor":21,"key":"AttackPotion"}],"is_trial":false,"path_per_floor":["M","?","?","?","?","R","E","R","T","E","R","M","E","M","R","B",null,"M","?","$","M","M"],"character_chosen":"WATCHER","items_purchased":["EmptyBody+1"],"campfire_rested":0,"item_purchase_floors":[20],"current_hp_per_floor":[55,60,40,40,40,40,40,40,40,47,47,47,47,47,47,15,59,41,41,41,25,4],"gold":202,"neow_bonus":"THREE_ENEMY_KILL","is_prod":false,"is_daily":false,"chose_seed":false,"campfire_upgraded":4,"win_rate":0,"timestamp":1569077857,"path_taken":["M","?","?","?","?","R","E","R","T","E","R","?","E","M","R","BOSS","M","?","?","?","M"],"build_version":"2019-09-20","purchased_purges":1,"victory":false,"max_hp_per_floor":[61,66,66,66,66,66,66,66,66,73,73,73,73,73,73,73,73,73,73,73,73,73],"card_choices":[{"not_picked":["FlowState","ClearTheMind","Worship"],"picked":"SKIP","floor":1.0},{"not_picked":["Wireheading","FlyingSleeves","CarveReality"],"picked":"SKIP","floor":7},{"not_picked":["BowlingBash","JustLucky"],"picked":"Metaphysics","floor":10},{"not_picked":["FearNoEvil","InnerPeace","WindmillStrike"],"picked":"SKIP","floor":12},{"not_picked":["WaveOfTheHand","InnerPeace","Conclude"],"picked":"SKIP","floor":13},{"not_picked":["Consecrate","InnerPeace"],"picked":"FlyingSleeves","floor":14},{"not_picked":["ReachHeaven","Unraveling"],"picked":"Alpha","floor":16},{"not_picked":["ThirdEye","EmptyFist"],"picked":"Protect","floor":18},{"not_picked":["FlyingSleeves","Swivel+1","SashWhip"],"picked":"SKIP","floor":21}],"player_experience":1126965,"relics_obtained":[{"floor":9,"key":"Orichalcum"},{"floor":10,"key":"Strawberry"},{"floor":13,"key":"The Courier"}],"event_choices":[{"damage_healed":0.0,"max_hp_gain":5.0,"max_hp_loss":0.0,"gold_gain":0.0,"event_name":"Big Fish","player_choice":"Donut","floor":2.0,"gold_loss":0.0,"damage_taken":0.0},{"damage_healed":0.0,"max_hp_gain":0.0,"max_hp_loss":0.0,"gold_gain":0.0,"event_name":"Shining Light","player_choice":"Entered Light","floor":3.0,"gold_loss":0.0,"damage_taken":20.0,"cards_upgraded":["Strike_P","Strike_P"]},{"cards_removed":["Defend_P"],"damage_healed":0.0,"max_hp_gain":0.0,"max_hp_loss":0.0,"gold_gain":0.0,"event_name":"The Cleric","player_choice":"Card Removal","floor":4.0,"gold_loss":75.0,"damage_taken":0.0},{"cards_removed":["Defend_P"],"damage_healed":0.0,"max_hp_gain":0.0,"max_hp_loss":0.0,"gold_gain":0.0,"event_name":"Living Wall","player_choice":"Forget","floor":5.0,"gold_loss":0.0,"damage_taken":0.0},{"cards_removed":["FlyingSleeves"],"damage_healed":0,"gold_gain":0,"player_choice":"Gave Card","damage_taken":0,"relics_obtained":["Toxic Egg 2"],"max_hp_gain":0,"max_hp_loss":0,"event_name":"WeMeetAgain","floor":19,"gold_loss":0}],"is_beta":true,"boss_relics":[{"not_picked":["Runic Pyramid","SlaversCollar"],"picked":"Empty Cage"}],"items_purged_floors":[20],"is_endless":false,"potions_floor_spawned":[1,7,13,14,21],"killed_by":"Centurion and Healer","ascension_level":17}