{"path_per_floor":["M","?","?","$","?","E","R","E","T","M","M","R","E","M","R"],"character_chosen":"THE_SILENT","items_purchased":[],"gold_per_floor":[114,114,64,64,64,94,94,124,124,139,154,154,184,199,199,199],"floor_reached":16,"campfire_rested":1,"playtime":471,"item_purchase_floors":[],"current_hp_per_floor":[59,59,59,59,52,24,24,16,16,16,16,37,18,6,6,0],"items_purged":[],"gold":199,"score":218,"play_id":"a6ae3b42-2317-432b-af23-8a1e67aafc33","local_time":"20180520032430","daily_mods":["Insanity","Elite Swarm","Hoarder"],"is_prod":false,"is_daily":true,"chose_seed":false,"is_ascension_mode":false,"campfire_upgraded":2,"timestamp":1526761470,"campfire_choices":[{"data":"Die Die Die","floor":7,"key":"SMITH"},{"floor":12,"key":"REST"},{"data":"Die Die Die","floor":15,"key":"SMITH"}],"path_taken":["M","?","?","$","?","E","R","E","T","M","M","R","E","?","R","BOSS"],"build_version":"2018-05-18","seed_source_timestamp":724257359601777,"purchased_purges":0,"victory":false,"master_deck":["PiercingWail","Dagger Throw","Die Die Die+1","Defend_G","Deadly Poison","Distraction","Escape Plan","Flechettes","Dodge and Roll","Envenom","Choke","Acrobatics","Concentrate","Predator","Phantasmal Killer","Masterful Stab","Acrobatics","Bullet Time","Dagger Spray","Finisher","Venomology","Eviscerate","Venomology","Poisoned Stab","Underhanded Strike","Backflip","Envenom","Venomology","Burst","Storm of Steel","Endless Agony","Die Die Die+1","Bane","Quick Slash","Terror","Underhanded Strike","Quick Slash","Concentrate","Catalyst","A Thousand Cuts","Outmaneuver","Outmaneuver","PiercingWail","Dodge and Roll","Slice","Doppelganger","Acrobatics","A Thousand Cuts","Malaise","Malaise","Malaise","Dodge and Roll","Dodge and Roll","Dodge and Roll","Wraith Form v2","Wraith Form v2","Wraith Form v2","All Out Attack","All Out Attack","All Out Attack","Footwork","Footwork","Footwork","Grand Finale","Grand Finale","Grand Finale","Slice","Slice","Slice"],"max_hp_per_floor":[70,70,70,70,70,70,70,70,70,70,70,70,70,70,70,70],"relics":["Ring of the Snake","Bag of Preparation","Omamori","Ginger","Art of War"],"card_choices":[{"not_picked":["Quick Slash","Deadly Poison"],"picked":"Malaise","floor":1},{"not_picked":["A Thousand Cuts","Tactician","Doppelganger"],"picked":"SKIP","floor":6},{"not_picked":["Bullet Time","Corpse Explosion"],"picked":"Wraith Form v2","floor":8},{"not_picked":["Crippling Poison","Deflect"],"picked":"All Out Attack","floor":10},{"not_picked":["Expertise","Flying Knee"],"picked":"Footwork","floor":11},{"not_picked":["Night Terror","Venomology"],"picked":"Grand Finale","floor":13},{"not_picked":["Dagger Throw","Setup"],"picked":"Slice","floor":14}],"player_experience":4440,"potions_floor_usage":[8,13,13,14,16,16,16],"damage_taken":[{"damage":11,"enemies":"Jaw Worm","floor":1,"turns":2},{"damage":28,"enemies":"Gremlin Nob","floor":6,"turns":4},{"damage":8,"enemies":"3 Sentries","floor":8,"turns":4},{"damage":0,"enemies":"Cultist","floor":10,"turns":2},{"damage":0,"enemies":"2 Louse","floor":11,"turns":1},{"damage":19,"enemies":"Lagavulin","floor":13,"turns":6},{"damage":12,"enemies":"Looter","floor":14,"turns":3},{"damage":6,"enemies":"The Guardian","floor":16,"turns":3}],"relics_obtained":[{"floor":6,"key":"Bag of Preparation"},{"floor":8,"key":"Omamori"},{"floor":9,"key":"Ginger"},{"floor":13,"key":"Art of War"}],"event_choices":[{"event_name":"Match and Keep!","player_choice":"1 cards matched","floor":2,"damage_taken":0},{"event_name":"The Cleric","player_choice":"Card Removal","floor":3,"damage_taken":0},{"event_name":"Golden Wing","player_choice":"Card Removal","floor":5,"damage_taken":0}],"boss_relics":[],"items_purged_floors":[],"potions_floor_spawned":[11,13],"seed_played":"6445733851031675108","killed_by":"The Guardian","ascension_level":0,"potions_obtained":[{"floor":11,"key":"SteroidPotion"},{"floor":13,"key":"Weak Potion"}],"is_trial":false}