{"gold_per_floor":[111,91,16,32,107,107,133,150,150,75,75,75,7,27,27,104,104,115,133,133,133,54,54,82,82,82,114,114,124,48,48,48,48],"floor_reached":33,"playtime":649,"items_purged":["Defend_G"],"score":608,"play_id":"9ef30669-d6cb-4dd4-aba7-9b91b130e31a","local_time":"20190825231741","is_ascension_mode":true,"campfire_choices":[{"data":"Neutralize","floor":6.0,"key":"SMITH"},{"data":"Bouncing Flask","floor":11.0,"key":"SMITH"},{"data":"Survivor","floor":15.0,"key":"SMITH"},{"data":"Glass Knife","floor":23.0,"key":"SMITH"},{"data":"Catalyst","floor":25.0,"key":"SMITH"},{"data":"Predator","floor":28.0,"key":"SMITH"},{"data":"Well Laid Plans","floor":32,"key":"SMITH"}],"neow_cost":"NONE","seed_source_timestamp":34392872181677,"circlet_count":0,"master_deck":["AscendersBane","Strike_G+1","Strike_G+1","Strike_G+1","Strike_G+1","Strike_G+1","Defend_G+1","Defend_G+1","Defend_G+1","Survivor+1","Neutralize+1","Bouncing Flask+1","Glass Knife+1","Catalyst+1","Predator+1","Well Laid Plans+1"],"special_seed":0,"relics":["Ring of the Snake","NeowsBlessing","Pear","StoneCalendar","Bag of Marbles","Velvet Choker","Dodecahedron","Ancient Tea Set","Shuriken","Anchor","SsserpentHead"],"potions_floor_usage":[33,33],"damage_taken":[{"damage":0.0,"enemies":"Jaw Worm","floor":1.0,"turns":1.0},{"damage":0.0,"enemies":"Cultist","floor":4.0,"turns":1.0},{"damage":0.0,"enemies":"Lagavulin","floor":7.0,"turns":1.0},{"damage":5.0,"enemies":"Small Slimes","floor":8.0,"turns":4.0},{"damage":0.0,"enemies":"2 Fungi Beasts","floor":14.0,"turns":2.0},{"damage":22.0,"enemies":"The Guardian","floor":16.0,"turns":8.0},{"damage":5.0,"enemies":"Spheric Guardian","floor":18.0,"turns":4.0},{"damage":0.0,"enemies":"3 Byrds","floor":19.0,"turns":3.0},{"damage":7.0,"enemies":"Slavers","floor":24.0,"turns":5.0},{"damage":35.0,"enemies":"Gremlin Leader","floor":27.0,"turns":8.0},{"damage":0.0,"enemies":"Shelled Parasite and Fungi","floor":29.0,"turns":3.0},{"damage":22,"enemies":"Champ","floor":33,"turns":7}],"seed_played":"3242449609293258498","potions_obtained":[{"floor":2.0,"key":"LiquidBronze"},{"floor":4.0,"key":"Fire Potion"},{"floor":24.0,"key":"SpeedPotion"},{"floor":27.0,"key":"Energy Potion"}],"is_trial":false,"path_per_floor":["M","?","$","M","?","R","E","M","T","?","R","$","?","M","R","B",null,"M","M","T","?","$","R","E","R","T","E","R","M","$","?","R","B"],"character_chosen":"THE_SILENT","items_purchased":["Catalyst","Well Laid Plans"],"campfire_rested":0,"item_purchase_floors":[22,30],"current_hp_per_floor":[59,59,59,59,48,48,58,53,53,53,53,53,53,53,53,31,65,60,60,60,60,60,60,53,53,53,18,18,18,18,18,18,0],"gold":48,"neow_bonus":"THREE_ENEMY_KILL","is_prod":false,"is_daily":false,"chose_seed":false,"campfire_upgraded":7,"win_rate":0,"timestamp":1566749861,"path_taken":["M","?","$","?","?","R","E","M","T","?","R","$","?","M","R","BOSS","M","M","?","?","?","R","E","R","T","E","R","M","$","?","R","BOSS"],"build_version":"2019-07-17","purchased_purges":1,"victory":false,"max_hp_per_floor":[66,66,66,66,66,66,76,76,76,76,76,76,76,76,76,76,76,76,76,76,76,76,76,76,76,76,76,76,76,76,76,76,76],"card_choices":[{"not_picked":["Poisoned Stab","Bane","Deflect"],"picked":"SKIP","floor":1.0},{"not_picked":["Blur","Flying Knee","Slice"],"picked":"SKIP","floor":4.0},{"not_picked":["Eviscerate","Prepared"],"picked":"Bouncing Flask","floor":7.0},{"not_picked":["Eviscerate","Underhanded Strike","Reflex"],"picked":"SKIP","floor":8.0},{"not_picked":["Flying Knee","Blade Dance","Acrobatics"],"picked":"SKIP","floor":14.0},{"not_picked":["A Thousand Cuts","Storm of Steel"],"picked":"Glass Knife","floor":16.0},{"not_picked":["Blade Dance","Distraction","Poisoned Stab"],"picked":"SKIP","floor":18.0},{"not_picked":["Slice","Outmaneuver","Infinite Blades"],"picked":"SKIP","floor":19.0},{"not_picked":["Flying Knee","Dagger Throw","Slice+1"],"picked":"SKIP","floor":24.0},{"not_picked":["Backstab","Flying Knee"],"picked":"Predator","floor":27.0},{"not_picked":["Calculated Gamble","Acrobatics","Phantasmal Killer"],"picked":"SKIP","floor":29.0}],"player_experience":1078975,"relics_obtained":[{"floor":7.0,"key":"Pear"},{"floor":9.0,"key":"StoneCalendar"},{"floor":20.0,"key":"Dodecahedron"},{"floor":24.0,"key":"Ancient Tea Set"},{"floor":26.0,"key":"Shuriken"},{"floor":27.0,"key":"Anchor"}],"event_choices":[{"damage_healed":0.0,"max_hp_gain":0.0,"max_hp_loss":0.0,"gold_gain":0.0,"event_name":"The Woman in Blue","player_choice":"Bought 1 Potion","floor":2.0,"gold_loss":0.0,"damage_taken":0.0},{"damage_healed":0.0,"max_hp_gain":0.0,"max_hp_loss":0.0,"gold_gain":75.0,"event_name":"World of Goop","player_choice":"Gather Gold","floor":5.0,"gold_loss":0.0,"damage_taken":11.0},{"cards_removed":["Defend_G"],"damage_healed":0.0,"max_hp_gain":0.0,"max_hp_loss":0.0,"gold_gain":0.0,"event_name":"The Cleric","player_choice":"Card Removal","floor":10.0,"gold_loss":75.0,"damage_taken":0.0},{"damage_healed":0.0,"max_hp_gain":0.0,"max_hp_loss":0.0,"gold_gain":0.0,"event_name":"WeMeetAgain","player_choice":"Paid Gold","floor":13.0,"gold_loss":68.0,"damage_taken":0.0,"relics_obtained":["Bag of Marbles"]},{"damage_healed":0.0,"max_hp_gain":0.0,"max_hp_loss":0.0,"gold_gain":0.0,"event_name":"Back to Basics","player_choice":"Simplicity","floor":21.0,"gold_loss":0.0,"damage_taken":0.0,"cards_upgraded":["Strike_G","Strike_G","Strike_G","Strike_G","Strike_G","Defend_G","Defend_G","Defend_G"]},{"damage_healed":0.0,"max_hp_gain":0.0,"max_hp_loss":0.0,"gold_gain":0.0,"event_name":"FaceTrader","player_choice":"Trade","floor":31.0,"gold_loss":0.0,"damage_taken":0.0,"relics_obtained":["SsserpentHead"]}],"is_beta":false,"boss_relics":[{"not_picked":["White Beast Statue","Busted Crown"],"picked":"Velvet Choker"}],"items_purged_floors":[3],"is_endless":false,"potions_floor_spawned":[4,8,14,16,24,27],"killed_by":"Champ","ascension_level":20}