{"gold_per_floor":[111,111,124,0,13,40,52,52,75,102,102],"floor_reached":11,"playtime":863,"items_purged":["Strike_R"],"score":87,"play_id":"d962da1e-8c85-44fe-b3f9-3b0519c8aa91","local_time":"20190528174058","is_ascension_mode":true,"campfire_choices":[{"data":"Armaments","floor":8,"key":"SMITH"}],"neow_cost":"NONE","seed_source_timestamp":115880732117083,"circlet_count":0,"master_deck":["Strike_R","Strike_R","Strike_R","Strike_R","Defend_R","Defend_R","Defend_R","Defend_R+1","Bash","Heavy Blade","Flex+1","Armaments+1","Dual Wield"],"relics":["Burning Blood","Juzu Bracelet","War Paint","Omamori"],"potions_floor_usage":[10],"damage_taken":[{"damage":5,"enemies":"Jaw Worm","floor":1,"turns":5},{"damage":6,"enemies":"Cultist","floor":3,"turns":3},{"damage":0,"enemies":"Small Slimes","floor":5,"turns":3},{"damage":37,"enemies":"Gremlin Nob","floor":6,"turns":5},{"damage":11,"enemies":"Blue Slaver","floor":7,"turns":4},{"damage":45,"enemies":"Lagavulin","floor":10,"turns":9},{"damage":17,"enemies":"Red Slaver","floor":11,"turns":4}],"seed_played":"2102678583140615434","potions_obtained":[{"floor":1,"key":"Energy Potion"}],"is_trial":false,"path_per_floor":["M","?","M","$","M","E","M","R","T","E","M"],"character_chosen":"IRONCLAD","items_purchased":["Armaments"],"campfire_rested":0,"item_purchase_floors":[4],"current_hp_per_floor":[88,88,88,88,88,57,52,52,52,13,0],"gold":102,"neow_bonus":"TEN_PERCENT_HP_BONUS","is_prod":false,"is_daily":false,"chose_seed":false,"campfire_upgraded":1,"win_rate":0,"timestamp":1559058058,"path_taken":["M","?","?","$","M","E","M","R","T","E","M"],"build_version":"2019-01-23","purchased_purges":1,"victory":false,"max_hp_per_floor":[88,88,88,88,88,88,88,88,88,88,88],"card_choices":[{"not_picked":["Bloodletting","Warcry"],"picked":"Heavy Blade","floor":1},{"not_picked":["Pommel Strike","Twin Strike"],"picked":"Flex","floor":3},{"not_picked":["Headbutt","Anger","Perfected Strike"],"picked":"SKIP","floor":5},{"not_picked":["Second Wind","Twin Strike"],"picked":"Dual Wield","floor":6},{"not_picked":["Rampage","Power Through","Perfected Strike"],"picked":"SKIP","floor":7},{"not_picked":["Sword Boomerang","Thunderclap","Disarm"],"picked":"SKIP","floor":10}],"player_experience":72451,"relics_obtained":[{"floor":6,"key":"Juzu Bracelet"},{"floor":9,"key":"War Paint"},{"floor":10,"key":"Omamori"}],"event_choices":[{"damage_healed":0,"gold_gain":0,"player_choice":"Full Heal","damage_taken":0,"max_hp_gain":0,"max_hp_loss":0,"event_name":"Wheel of Change","floor":2,"gold_loss":0}],"is_beta":false,"boss_relics":[],"items_purged_floors":[4],"is_endless":false,"potions_floor_spawned":[1],"killed_by":"Red Slaver","ascension_level":1}