{"gold_per_floor":[20,20,39,57,57,88,106,134,134,151,171,201,212,244,244,318,318,328,328],"floor_reached":19,"playtime":415,"items_purged":[],"score":432,"play_id":"74697507-12b8-4062-a044-def32af16609","local_time":"20190819200551","is_ascension_mode":true,"campfire_choices":[{"data":"Whirlwind","floor":15,"key":"SMITH"}],"neow_cost":"NO_GOLD","seed_source_timestamp":139552775760108,"circlet_count":0,"master_deck":["AscendersBane","Strike_R","Strike_R","Strike_R","Strike_R","Defend_R","Defend_R","Defend_R","Defend_R","Bash","Immolate+1","Juggernaut","Whirlwind+1","Impervious","Disarm","Shrug It Off","Shrug It Off","Feed"],"relics":["Burning Blood","Strawberry","Question Card","Sundial","Odd Mushroom","Du-Vu Doll","Snecko Eye"],"potions_floor_usage":[7,8,14,16],"damage_taken":[{"damage":9,"enemies":"Jaw Worm","floor":1,"turns":4},{"damage":0,"enemies":"Small Slimes","floor":3,"turns":2},{"damage":0,"enemies":"Cultist","floor":4,"turns":2},{"damage":27,"enemies":"Lagavulin","floor":6,"turns":7},{"damage":8,"enemies":"Blue Slaver","floor":7,"turns":4},{"damage":0,"enemies":"3 Sentries","floor":8,"turns":2},{"damage":7,"enemies":"2 Fungi Beasts","floor":10,"turns":3},{"damage":15,"enemies":"Red Slaver","floor":11,"turns":4},{"damage":7,"enemies":"The Mushroom Lair","floor":12,"turns":2},{"damage":6,"enemies":"Looter","floor":13,"turns":3},{"damage":28,"enemies":"Gremlin Nob","floor":14,"turns":4},{"damage":28,"enemies":"Slime Boss","floor":16,"turns":7},{"damage":18,"enemies":"3 Byrds","floor":18,"turns":3},{"damage":7,"enemies":"Spheric Guardian","floor":19,"turns":5}],"seed_played":"-5883273648598268552","potions_obtained":[{"floor":3,"key":"Explosive Potion"},{"floor":6,"key":"BloodPotion"},{"floor":8,"key":"SpeedPotion"},{"floor":11,"key":"Fire Potion"},{"floor":14,"key":"Fruit Juice"}],"is_trial":false,"path_per_floor":["M","?","M","M","?","E","M","E","T","M","M","?","M","E","R","B",null,"M","M"],"character_chosen":"IRONCLAD","items_purchased":[],"campfire_rested":0,"item_purchase_floors":[],"current_hp_per_floor":[65,65,71,75,75,61,79,82,82,81,72,71,71,54,54,32,73,64,57],"gold":328,"neow_bonus":"THREE_RARE_CARDS","is_prod":false,"is_daily":false,"chose_seed":false,"campfire_upgraded":1,"win_rate":0,"timestamp":1566219951,"path_taken":["M","?","M","M","?","E","M","E","T","?","M","?","M","E","R","BOSS","M","M"],"build_version":"2019-08-15","purchased_purges":0,"victory":false,"max_hp_per_floor":[75,75,75,75,75,82,82,82,82,82,82,82,82,87,87,87,87,90,90],"card_choices":[{"not_picked":["Juggernaut","Fiend Fire"],"picked":"Immolate","floor":0},{"not_picked":["Perfected Strike","Power Through","Heavy Blade"],"picked":"SKIP","floor":1},{"not_picked":["Fire Breathing","Cleave","Hemokinesis"],"picked":"SKIP","floor":3},{"not_picked":["Dual Wield","Clash","Thunderclap"],"picked":"SKIP","floor":4},{"not_picked":["Wild Strike","Fire Breathing","Clothesline"],"picked":"SKIP","floor":6},{"not_picked":["Dropkick","Iron Wave","Bloodletting"],"picked":"SKIP","floor":7},{"not_picked":["Headbutt","Twin Strike"],"picked":"Whirlwind","floor":8},{"not_picked":["Warcry","Dropkick","Clash"],"picked":"Impervious","floor":10},{"not_picked":["Headbutt","Iron Wave","Heavy Blade","Sword Boomerang"],"picked":"SKIP","floor":11},{"not_picked":["Armaments","Infernal Blade","Shrug It Off"],"picked":"Disarm","floor":12},{"not_picked":["Dual Wield","Sword Boomerang","Dropkick"],"picked":"Shrug It Off","floor":13},{"not_picked":["Bloodletting","Carnage","Reaper"],"picked":"Shrug It Off","floor":14},{"not_picked":["Fiend Fire","Brutality","Berserk"],"picked":"Feed","floor":16},{"not_picked":["Metallicize","Wild Strike","Flex","Shrug It Off"],"picked":"SKIP","floor":18}],"player_experience":1068395,"relics_obtained":[{"floor":6,"key":"Strawberry"},{"floor":8,"key":"Question Card"},{"floor":9,"key":"Sundial"},{"floor":12,"key":"Odd Mushroom"},{"floor":14,"key":"Du-Vu Doll"}],"event_choices":[{"damage_healed":0,"gold_gain":0,"player_choice":"Grow","damage_taken":0,"max_hp_gain":0,"max_hp_loss":0,"event_name":"Living Wall","floor":2,"gold_loss":0,"cards_upgraded":["Immolate"]},{"damage_healed":0,"gold_gain":0,"cards_transformed":["Strike_R"],"player_choice":"Transformed","damage_taken":0,"max_hp_gain":0,"max_hp_loss":0,"event_name":"Transmorgrifier","floor":5,"gold_loss":0,"cards_obtained":["Juggernaut"]},{"damage_healed":0,"gold_gain":0,"player_choice":"Fought Mushrooms","damage_taken":0,"max_hp_gain":0,"max_hp_loss":0,"event_name":"Mushrooms","floor":12,"gold_loss":0}],"is_beta":true,"boss_relics":[{"not_picked":["Lizard Tail","Velvet Choker"],"picked":"Snecko Eye"}],"items_purged_floors":[],"is_endless":false,"potions_floor_spawned":[3,6,8,11,12,14],"killed_by":"Spheric Guardian","ascension_level":20}