{"gold_per_floor":[112,112,187,197,211,211,246,246,273,291,317,3,29,40,40,138,138,128,47,65,80,98,125,125,125],"floor_reached":25,"playtime":1683,"items_purged":["Defend_B"],"score":295,"play_id":"3cce0f3a-0ee8-4c6c-9226-4187cc96d570","local_time":"20190927120033","is_ascension_mode":true,"campfire_choices":[{"data":"Zap","floor":6,"key":"SMITH"},{"data":"Steam","floor":8,"key":"SMITH"},{"data":"Beam Cell","floor":15,"key":"SMITH"},{"floor":24,"key":"REST"}],"neow_cost":"NONE","seed_source_timestamp":254880667142100,"circlet_count":0,"master_deck":["Strike_B","Strike_B","Strike_B","Defend_B","Defend_B","Zap+1","Dualcast","Gash","Rebound","Steam+1","Auto Shields","Self Repair","Amplify","Self Repair","Beam Cell+1","Melter","Cold Snap","All For One","Ball Lightning+1","Capacitor","Gash","Consume+1","Scrape+1"],"relics":["Cracked Core","NeowsBlessing","Boot","Ancient Tea Set","Nunchaku","Sling","Oddly Smooth Stone","Empty Cage","Symbiotic Virus"],"potions_floor_usage":[7,11,11,21,25],"damage_taken":[{"damage":0,"enemies":"Jaw Worm","floor":1,"turns":1},{"damage":0,"enemies":"Small Slimes","floor":4,"turns":1},{"damage":0,"enemies":"Cultist","floor":5,"turns":1},{"damage":19,"enemies":"Lagavulin","floor":7,"turns":6},{"damage":3,"enemies":"3 Louse","floor":10,"turns":3},{"damage":0,"enemies":"Gremlin Nob","floor":11,"turns":4},{"damage":8,"enemies":"Lagavulin","floor":13,"turns":7},{"damage":13,"enemies":"Exordium Wildlife","floor":14,"turns":5},{"damage":63,"enemies":"Slime Boss","floor":16,"turns":13},{"damage":38,"enemies":"2 Thieves","floor":18,"turns":4},{"damage":7,"enemies":"Spheric Guardian","floor":20,"turns":4},{"damage":16,"enemies":"Snake Plant","floor":21,"turns":3},{"damage":20,"enemies":"Shelled Parasite and Fungi","floor":22,"turns":4},{"damage":49,"enemies":"Book of Stabbing","floor":23,"turns":6},{"damage":44,"enemies":"Gremlin Leader","floor":25,"turns":6}],"seed_played":"-8506073620547674492","potions_obtained":[{"floor":5,"key":"Weak Potion"},{"floor":7,"key":"EssenceOfSteel"},{"floor":10,"key":"PowerPotion"},{"floor":14,"key":"FocusPotion"},{"floor":23,"key":"SneckoOil"}],"is_trial":false,"path_per_floor":["M","?","?","M","M","R","E","R","T","M","E","$","E","M","R","B",null,"M","$","M","M","M","E","R","E"],"character_chosen":"DEFECT","items_purchased":["Self Repair","Beam Cell","Sling","Capacitor"],"campfire_rested":1,"item_purchase_floors":[12,12,12,19],"current_hp_per_floor":[75,80,69,69,69,69,50,50,50,47,54,54,60,68,68,19,80,63,63,63,54,55,20,44,0],"gold":125,"neow_bonus":"THREE_ENEMY_KILL","is_prod":false,"is_daily":false,"chose_seed":false,"campfire_upgraded":3,"win_rate":0,"timestamp":1569603633,"path_taken":["M","?","?","M","M","R","E","R","T","M","E","$","E","M","R","BOSS","M","$","M","M","M","E","R","E"],"build_version":"2019-09-26","purchased_purges":1,"victory":false,"max_hp_per_floor":[75,80,80,80,80,80,80,80,80,80,80,80,80,80,80,80,80,80,80,80,80,80,80,80,80],"card_choices":[{"not_picked":["Doom and Gloom","Hello World"],"picked":"Gash","floor":1},{"not_picked":["Static Discharge","Coolheaded"],"picked":"Rebound","floor":4},{"not_picked":["Hologram","Chill"],"picked":"Steam","floor":5},{"not_picked":["Rebound","Barrage"],"picked":"Auto Shields","floor":7},{"not_picked":["Gash","Barrage"],"picked":"Self Repair","floor":10},{"not_picked":["Gash","Rip and Tear"],"picked":"Amplify","floor":11},{"not_picked":["Redo","Conserve Battery"],"picked":"Melter","floor":13},{"not_picked":["Streamline","Chaos"],"picked":"Cold Snap","floor":14},{"not_picked":["Machine Learning","Amplify"],"picked":"All For One","floor":16},{"not_picked":["Beam Cell+1","Chaos"],"picked":"Ball Lightning+1","floor":18},{"not_picked":["Compile Driver","Beam Cell"],"picked":"Gash","floor":20},{"not_picked":["Lockon","Turbo","Redo"],"picked":"SKIP","floor":21},{"not_picked":["Barrage+1","Compile Driver"],"picked":"Consume+1","floor":22},{"not_picked":["Heatsinks","Gash"],"picked":"Scrape+1","floor":23}],"player_experience":229965,"relics_obtained":[{"floor":7,"key":"Boot"},{"floor":9,"key":"Ancient Tea Set"},{"floor":11,"key":"Nunchaku"},{"floor":13,"key":"Oddly Smooth Stone"},{"floor":23,"key":"Symbiotic Virus"}],"event_choices":[{"damage_healed":0,"gold_gain":0,"player_choice":"Donut","damage_taken":0,"max_hp_gain":5,"max_hp_loss":0,"event_name":"Big Fish","floor":2,"gold_loss":0},{"damage_healed":0,"gold_gain":75,"player_choice":"Gather Gold","damage_taken":11,"max_hp_gain":0,"max_hp_loss":0,"event_name":"World of Goop","floor":3,"gold_loss":0}],"is_beta":true,"boss_relics":[{"not_picked":["Astrolabe","SacredBark"],"picked":"Empty Cage"}],"items_purged_floors":[12],"is_endless":false,"potions_floor_spawned":[5,7,10,14,23],"killed_by":"Gremlin Leader","ascension_level":2}