{"gold_per_floor":[114,114,129,129,144,174,174,174,204,204,219,249,50,50,50,50],"floor_reached":16,"playtime":424,"items_purged":[],"score":133,"play_id":"586885c2-99ec-43cc-a5a1-bfec36c2428f","local_time":"20180701195512","daily_mods":["Diverse","Lethality","Binary"],"is_ascension_mode":false,"campfire_choices":[{"data":"True Grit","floor":10,"key":"SMITH"},{"data":"Neutralize","floor":15,"key":"SMITH"}],"neow_cost":"","seed_source_timestamp":0,"circlet_count":0,"master_deck":["Defend_G","Defend_G","Defend_G","Defend_G","Strike_G","Strike_G","Strike_G","Strike_G","Strike_G","Survivor","Neutralize+1","Go for the Eyes","True Grit+1","Leg Sweep","Conserve Battery","Dagger Spray"],"special_seed":17713,"relics":["Ring of the Snake","Juzu Bracelet","Tiny Chest","The Specimen","Singing Bowl","Bottled Lightning"],"potions_floor_usage":[6,12],"damage_taken":[{"damage":4,"enemies":"Jaw Worm","floor":1,"turns":3},{"damage":6,"enemies":"Cultist","floor":3,"turns":3},{"damage":3,"enemies":"2 Louse","floor":5,"turns":3},{"damage":27,"enemies":"Lagavulin","floor":6,"turns":6},{"damage":2,"enemies":"Gremlin Gang","floor":11,"turns":6},{"damage":0,"enemies":"3 Sentries","floor":12,"turns":7},{"damage":28,"enemies":"The Guardian","floor":16,"turns":5}],"seed_played":"-8851648875795215677","potions_obtained":[{"floor":5,"key":"LiquidBronze"},{"floor":11,"key":"Fire Potion"},{"floor":12,"key":"EssenceOfSteel"}],"is_trial":false,"path_per_floor":["M","?","M","?","M","E","?","?","T","R","M","E","$","T","R"],"character_chosen":"THE_SILENT","items_purchased":["Dagger Spray","Singing Bowl"],"campfire_rested":0,"item_purchase_floors":[13,13],"current_hp_per_floor":[66,66,60,60,57,30,30,23,23,23,21,21,21,21,21,0],"gold":50,"neow_bonus":"","is_prod":false,"is_daily":true,"chose_seed":false,"campfire_upgraded":2,"win_rate":0,"timestamp":1530451512,"path_taken":["M","?","?","?","M","E","?","?","T","R","M","E","$","?","R","BOSS"],"build_version":"2018-06-29","purchased_purges":0,"victory":false,"max_hp_per_floor":[70,70,70,70,70,70,70,70,70,70,70,70,70,70,70,70],"card_choices":[{"not_picked":["Fire Breathing"],"picked":"Go for the Eyes","floor":1},{"not_picked":["Doom and Gloom"],"picked":"True Grit","floor":3},{"not_picked":["Blood for Blood","Iron Wave"],"picked":"SKIP","floor":5},{"not_picked":["Envenom"],"picked":"Leg Sweep","floor":6},{"not_picked":["Gash"],"picked":"Conserve Battery","floor":11},{"not_picked":["Predator","Intimidate"],"picked":"SKIP","floor":12}],"player_experience":131696,"relics_obtained":[{"floor":6,"key":"Juzu Bracelet"},{"floor":9,"key":"Tiny Chest"},{"floor":12,"key":"The Specimen"},{"floor":14,"key":"Bottled Lightning"}],"event_choices":[{"event_name":"Wheel of Change","player_choice":"Curse","floor":2,"damage_taken":0},{"event_name":"The Woman in Blue","player_choice":"Bought 0 Potions","floor":4,"damage_taken":0},{"event_name":"Purifier","player_choice":"One Purge","floor":7,"damage_taken":0},{"event_name":"Golden Wing","player_choice":"Card Removal","floor":8,"damage_taken":0}],"boss_relics":[],"items_purged_floors":[],"is_endless":false,"potions_floor_spawned":[5,11,12],"killed_by":"The Guardian","ascension_level":0}