{"gold_per_floor":[113,188,233,72,90,90,103,103,127,127,146,161,180,180,180,275,275,294,294,294,306,320,320,320,320,347,359,371,383],"floor_reached":29,"playtime":875,"items_purged":["Strike_B"],"score":345,"play_id":"365f151e-7bb5-47c5-9cd2-83e76215e2ec","local_time":"20190927173529","is_ascension_mode":true,"campfire_choices":[{"data":"Defragment","floor":6,"key":"SMITH"},{"data":"Hologram","floor":8,"key":"SMITH"},{"data":"Capacitor","floor":10,"key":"SMITH"},{"data":"Redo","floor":15,"key":"SMITH"},{"floor":23,"key":"REST"},{"data":"Echo Form","floor":25,"key":"SMITH"},{"data":"Ghostly","floor":27,"key":"SMITH"}],"neow_cost":"NONE","seed_source_timestamp":25552040396000,"circlet_count":0,"master_deck":["AscendersBane","Strike_B","Strike_B","Strike_B","Defend_B","Defend_B","Defend_B","Defend_B","Zap+1","Dualcast+1","Doom and Gloom","Defragment+1","Hologram+1","Capacitor+1","Gash","Self Repair","Cold Snap","Redo+1","Echo Form+1","Hologram","Ghostly+1","Ghostly","Ghostly","Ghostly","Ghostly"],"relics":["Sozu","War Paint","Oddly Smooth Stone","Busted Crown","MawBank","Singing Bowl"],"potions_floor_usage":[],"damage_taken":[{"damage":0,"enemies":"Small Slimes","floor":1,"turns":2},{"damage":4,"enemies":"Jaw Worm","floor":5,"turns":3},{"damage":1,"enemies":"Cultist","floor":7,"turns":4},{"damage":2,"enemies":"Gremlin Gang","floor":11,"turns":4},{"damage":0,"enemies":"3 Louse","floor":12,"turns":2},{"damage":21,"enemies":"Exordium Thugs","floor":13,"turns":5},{"damage":14,"enemies":"Slime Boss","floor":16,"turns":8},{"damage":10,"enemies":"Spheric Guardian","floor":18,"turns":4},{"damage":8,"enemies":"3 Byrds","floor":21,"turns":3},{"damage":18,"enemies":"Snecko","floor":22,"turns":7},{"damage":44,"enemies":"Slavers","floor":29,"turns":8}],"seed_played":"1539910801278565634","potions_obtained":[],"is_trial":false,"path_per_floor":["M","?","T","$","M","R","M","R","T","R","M","M","M","?","R","B",null,"M","?","?","M","M","R","?","R","T","R","?","E"],"character_chosen":"DEFECT","items_purchased":["Defragment","Hologram"],"campfire_rested":1,"item_purchase_floors":[4,4],"current_hp_per_floor":[68,68,68,68,64,64,63,63,63,63,61,61,40,33,33,26,63,53,39,39,31,27,51,40,40,40,40,40,0],"gold":383,"neow_bonus":"BOSS_RELIC","is_prod":false,"is_daily":false,"chose_seed":false,"campfire_upgraded":6,"win_rate":0,"timestamp":1569598529,"path_taken":["M","?","?","$","M","R","?","R","T","R","M","?","M","?","R","BOSS","M","?","?","?","M","R","?","R","T","R","?","E"],"build_version":"2019-07-17","purchased_purges":1,"victory":false,"max_hp_per_floor":[75,75,75,75,75,75,75,75,75,75,75,75,75,75,75,75,75,75,80,80,80,80,80,40,40,40,40,40,40],"card_choices":[{"not_picked":["Sweeping Beam","Stack"],"picked":"Doom and Gloom","floor":1},{"not_picked":["Rebound","Steam"],"picked":"Capacitor","floor":5},{"not_picked":["Beam Cell","Streamline"],"picked":"Gash","floor":7},{"not_picked":["Auto Shields","Biased Cognition"],"picked":"Self Repair","floor":11},{"not_picked":["Lockon","Hologram"],"picked":"Cold Snap","floor":12},{"not_picked":["Melter","Conserve Battery"],"picked":"Redo","floor":13},{"not_picked":["Hyperbeam","Rainbow"],"picked":"Echo Form","floor":16},{"not_picked":["Fusion"],"picked":"SKIP","floor":18},{"not_picked":["Leap"],"picked":"SKIP","floor":21},{"not_picked":[],"picked":"Hologram","floor":22}],"player_experience":402741,"relics_obtained":[{"floor":3,"key":"War Paint"},{"floor":9,"key":"Oddly Smooth Stone"},{"floor":26,"key":"MawBank"}],"event_choices":[{"damage_healed":0,"gold_gain":75,"player_choice":"Gained Gold","damage_taken":0,"max_hp_gain":0,"max_hp_loss":0,"event_name":"Golden Wing","floor":2,"gold_loss":0},{"damage_healed":0,"gold_gain":0,"player_choice":"Damaged","damage_taken":7,"max_hp_gain":0,"max_hp_loss":0,"event_name":"Wheel of Change","floor":14,"gold_loss":0},{"damage_healed":0,"gold_gain":0,"player_choice":"Shed Blood","damage_taken":19,"max_hp_gain":5,"max_hp_loss":0,"event_name":"Forgotten Altar","floor":19,"gold_loss":0},{"damage_healed":0,"gold_gain":0,"player_choice":"Got Potions","damage_taken":0,"max_hp_gain":0,"max_hp_loss":0,"event_name":"Lab","floor":20,"gold_loss":0},{"damage_healed":0,"gold_gain":0,"player_choice":"Became a Ghost","damage_taken":0,"max_hp_gain":0,"max_hp_loss":40,"event_name":"Ghosts","floor":24,"gold_loss":0,"cards_obtained":["Ghostly","Ghostly","Ghostly","Ghostly","Ghostly"]},{"damage_healed":0,"gold_gain":0,"player_choice":"Opened","damage_taken":0,"relics_obtained":["Singing Bowl"],"max_hp_gain":0,"max_hp_loss":0,"event_name":"The Mausoleum","floor":28,"gold_loss":0}],"is_beta":false,"boss_relics":[{"not_picked":["Velvet Choker","White Beast Statue"],"picked":"Busted Crown"}],"items_purged_floors":[4],"is_endless":false,"potions_floor_spawned":[5,21],"killed_by":"Slavers","ascension_level":10}