{"gold_per_floor":[121,134,78,91,110,141,141,177,177,177,190,36,36,36,36,208,208,222,31,31,55,78,78,118,118,118,118,136,155,193,206,206,393,393,413,413,323,342,354,354,390,404,489,550,148,148,148,166,166,166],"floor_reached":51,"playtime":2018,"items_purged":["Strike_R+1","Strike_R+1","Bash+1"],"score":150,"play_id":"bda30b06-859b-4755-927c-b680e441e803","local_time":"20190907032022","is_ascension_mode":true,"campfire_choices":[{"data":"Uppercut","floor":7.0,"key":"SMITH"},{"data":"Inflame","floor":13.0,"key":"SMITH"},{"floor":15.0,"key":"RECALL"},{"data":"Impervious","floor":23.0,"key":"SMITH"},{"floor":25.0,"key":"REST"},{"data":"Whirlwind","floor":32.0,"key":"SMITH"},{"data":"Shockwave","floor":40.0,"key":"SMITH"},{"data":"Fire Breathing","floor":47.0,"key":"SMITH"},{"data":"Disarm","floor":49.0,"key":"SMITH"}],"neow_cost":"NONE","seed_source_timestamp":52816625858913,"circlet_count":0,"master_deck":["Defend_R+1","Defend_R+1","Defend_R+1","Battle Trance+1","Feel No Pain+1","Uppercut+1","True Grit+1","Inflame+1","Fire Breathing+1","Impervious+1","Dual Wield+1","Impervious+1","Shockwave+1","Uppercut+1","Disarm+1","Whirlwind+1","Inflame+1","Offering+1","Whirlwind+1","Whirlwind+1","Shockwave+1","Feel No Pain+1","Fire Breathing+1","Clumsy"],"special_seed":0,"relics":["Burning Blood","Vajra","Kunai","Matryoshka","Mummified Hand","Blood Vial","Question Card","War Paint","Membership Card","Thread and Needle","Unceasing Top","Astrolabe","FossilizedHelix","Mercury Hourglass","Art of War","Centennial Puzzle","Paper Frog","Pocketwatch","Gremlin Horn","Mango","Turnip","Cursed Key","Prayer Wheel","Bottled Lightning","Toxic Egg 2","Bottled Flame","Torii","Incense Burner","Du-Vu Doll","TheAbacus"],"potions_floor_usage":[50,50,50],"damage_taken":[{"damage":0.0,"enemies":"Jaw Worm","floor":1.0,"turns":2.0},{"damage":0.0,"enemies":"Cultist","floor":2.0,"turns":2.0},{"damage":0.0,"enemies":"2 Louse","floor":4.0,"turns":2.0},{"damage":1.0,"enemies":"Exordium Wildlife","floor":5.0,"turns":3.0},{"damage":0.0,"enemies":"Lagavulin","floor":6.0,"turns":4.0},{"damage":7.0,"enemies":"3 Sentries","floor":8.0,"turns":4.0},{"damage":0.0,"enemies":"2 Fungi Beasts","floor":11.0,"turns":2.0},{"damage":0.0,"enemies":"The Guardian","floor":16.0,"turns":5.0},{"damage":0.0,"enemies":"3 Byrds","floor":18.0,"turns":4.0},{"damage":0.0,"enemies":"Shell Parasite","floor":21.0,"turns":2.0},{"damage":0.0,"enemies":"Shelled Parasite and Fungi","floor":22.0,"turns":3.0},{"damage":0.0,"enemies":"Gremlin Leader","floor":24.0,"turns":4.0},{"damage":0.0,"enemies":"Snecko","floor":28.0,"turns":3.0},{"damage":0.0,"enemies":"Centurion and Healer","floor":29.0,"turns":3.0},{"damage":0.0,"enemies":"Book of Stabbing","floor":30.0,"turns":4.0},{"damage":0.0,"enemies":"Chosen and Byrds","floor":31.0,"turns":3.0},{"damage":0.0,"enemies":"Collector","floor":33.0,"turns":5.0},{"damage":0.0,"enemies":"3 Darklings","floor":35.0,"turns":2.0},{"damage":0.0,"enemies":"Orb Walker","floor":38.0,"turns":1.0},{"damage":0.0,"enemies":"Writhing Mass","floor":39.0,"turns":2.0},{"damage":0.0,"enemies":"Reptomancer","floor":41.0,"turns":2.0},{"damage":0.0,"enemies":"Sphere and 2 Shapes","floor":42.0,"turns":2.0},{"damage":0.0,"enemies":"2 Orb Walkers","floor":44.0,"turns":1.0},{"damage":0.0,"enemies":"3 Darklings","floor":48.0,"turns":1.0},{"damage":10,"enemies":"Time Eater","floor":50,"turns":23}],"seed_played":"-4553954267126646598","potions_obtained":[{"floor":1.0,"key":"SpeedPotion"},{"floor":2.0,"key":"Block Potion"},{"floor":2.0,"key":"Ancient Potion"},{"floor":4.0,"key":"Dexterity Potion"},{"floor":6.0,"key":"EssenceOfSteel"},{"floor":8.0,"key":"EssenceOfSteel"},{"floor":11.0,"key":"FearPotion"},{"floor":24.0,"key":"PowerPotion"},{"floor":29.0,"key":"Fruit Juice"},{"floor":29.0,"key":"BloodPotion"},{"floor":30.0,"key":"EntropicBrew"},{"floor":33.0,"key":"SteroidPotion"},{"floor":33.0,"key":"EssenceOfSteel"}],"is_trial":false,"path_per_floor":["M","M","$","M","M","E","R","E","T","?","M","$","R","?","R","B",null,"M","$","?","M","M","R","E","R","T","?","M","M","E","M","R","B",null,"M","?","?","M","M","R","E","M","T","?","$","?","R","M","R","B",null],"character_chosen":"IRONCLAD","items_purchased":["Membership Card","FossilizedHelix","Incense Burner","Du-Vu Doll","TheAbacus"],"campfire_rested":1,"item_purchase_floors":[12,19,45,45,45],"current_hp_per_floor":[85,85,85,85,85,85,85,85,85,85,85,85,85,85,85,95,95,95,95,95,95,95,95,95,95,95,95,95,100,100,100,100,124,124,124,118,118,118,118,118,118,118,118,118,118,118,118,118,118,123],"gold":166,"neow_bonus":"RANDOM_COMMON_RELIC","is_prod":false,"is_daily":false,"chose_seed":false,"campfire_upgraded":7,"win_rate":0,"timestamp":1567801222,"path_taken":["M","M","$","M","M","E","R","E","T","?","?","$","R","?","R","BOSS","BOSS","M","$","?","M","M","R","E","R","T","?","?","M","E","?","R","BOSS","BOSS","M","?","?","M","?","R","E","M","T","?","$","?","R","M","R","BOSS"],"build_version":"2019-07-17","purchased_purges":3,"victory":true,"max_hp_per_floor":[85,85,85,85,85,85,85,85,85,85,85,85,85,85,85,95,95,95,95,95,95,95,95,95,95,95,95,95,100,100,100,100,124,124,124,118,118,118,118,118,118,118,118,118,118,118,118,118,118,123],"card_choices":[{"not_picked":["Seeing Red+1","Carnage"],"picked":"Battle Trance","floor":1.0},{"not_picked":["Warcry","Perfected Strike"],"picked":"Feel No Pain+1","floor":2.0},{"not_picked":["Thunderclap","Warcry","Combust"],"picked":"SKIP","floor":4.0},{"not_picked":["Warcry","Cleave","Second Wind"],"picked":"SKIP","floor":5.0},{"not_picked":["Rupture","Warcry"],"picked":"Uppercut","floor":6.0},{"not_picked":["Clash+1","Body Slam"],"picked":"True Grit+1","floor":6.0},{"not_picked":["Twin Strike","Pommel Strike+1"],"picked":"Inflame","floor":8.0},{"not_picked":["Armaments","Intimidate"],"picked":"Fire Breathing+1","floor":8.0},{"not_picked":["Hemokinesis","Anger","Carnage","Ghostly Armor"],"picked":"SKIP","floor":11.0},{"not_picked":["Juggernaut","Fiend Fire","Limit Break"],"picked":"Impervious","floor":16.0},{"not_picked":["Anger","True Grit","Pommel Strike+1","Clash+1"],"picked":"SKIP","floor":18.0},{"not_picked":["Twin Strike+1","Bloodletting+1","Thunderclap+1"],"picked":"Shockwave+1","floor":21.0},{"not_picked":["Havoc","Twin Strike","Sever Soul","Clothesline+1"],"picked":"SKIP","floor":22.0},{"not_picked":["Sever Soul","Fire Breathing","Dropkick+1"],"picked":"Uppercut+1","floor":24.0},{"not_picked":["True Grit","Thunderclap+1","Pommel Strike","Twin Strike+1"],"picked":"SKIP","floor":24.0},{"not_picked":["Havoc+1","Headbutt+1","Ghostly Armor+1","Dual Wield"],"picked":"SKIP","floor":28.0},{"not_picked":["Juggernaut","Armaments","Searing Blow"],"picked":"Disarm","floor":29.0},{"not_picked":["Perfected Strike+1","Battle Trance","Sword Boomerang+1"],"picked":"Whirlwind","floor":30.0},{"not_picked":["Bloodletting","Rupture+1","Sword Boomerang+1","Sever Soul"],"picked":"SKIP","floor":30.0},{"not_picked":["Rampage","Whirlwind+1","Ghostly Armor"],"picked":"Inflame+1","floor":31.0},{"not_picked":["Berserk","Feed","Immolate"],"picked":"Offering","floor":33.0},{"not_picked":["Reckless Charge+1","Iron Wave+1","Clash+1"],"picked":"Whirlwind+1","floor":35.0},{"not_picked":["Cleave+1","Headbutt+1","Blood for Blood+1","Carnage+1"],"picked":"SKIP","floor":38.0},{"not_picked":["Armaments+1","Reaper","Wild Strike+1","Blood for Blood"],"picked":"SKIP","floor":38.0},{"not_picked":["Warcry+1","Pummel+1","Thunderclap+1"],"picked":"Whirlwind+1","floor":39.0},{"not_picked":["Dropkick+1","Pommel Strike+1","Perfected Strike+1"],"picked":"Shockwave","floor":39.0},{"not_picked":["Twin Strike+1","Headbutt","Hemokinesis+1"],"picked":"Feel No Pain+1","floor":41.0},{"not_picked":["Armaments","Reckless Charge+1","Warcry+1","Rupture+1"],"picked":"SKIP","floor":41.0},{"not_picked":["Clash+1","Rupture+1","Body Slam"],"picked":"Fire Breathing","floor":42.0},{"not_picked":["Pummel+1","Headbutt","Infernal Blade+1","Seeing Red+1"],"picked":"SKIP","floor":42.0},{"not_picked":["Whirlwind+1","Armaments+1","Wild Strike+1","Heavy Blade"],"picked":"SKIP","floor":48.0},{"not_picked":["Rupture+1","Sword Boomerang+1","Corruption+1","Pommel Strike+1"],"picked":"SKIP","floor":48.0}],"player_experience":1151557,"relics_obtained":[{"floor":6.0,"key":"Kunai"},{"floor":8.0,"key":"Matryoshka"},{"floor":9.0,"key":"Mummified Hand"},{"floor":9.0,"key":"Blood Vial"},{"floor":9.0,"key":"Question Card"},{"floor":11.0,"key":"War Paint"},{"floor":16.0,"key":"Thread and Needle"},{"floor":16.0,"key":"Unceasing Top"},{"floor":24.0,"key":"Mercury Hourglass"},{"floor":26.0,"key":"Art of War"},{"floor":26.0,"key":"Centennial Puzzle"},{"floor":26.0,"key":"Paper Frog"},{"floor":30.0,"key":"Pocketwatch"},{"floor":30.0,"key":"Gremlin Horn"},{"floor":33.0,"key":"Mango"},{"floor":33.0,"key":"Turnip"},{"floor":35.0,"key":"Prayer Wheel"},{"floor":41.0,"key":"Bottled Lightning"},{"floor":43.0,"key":"Toxic Egg 2"},{"floor":43.0,"key":"Bottled Flame"},{"floor":44.0,"key":"Torii"}],"event_choices":[{"damage_healed":0.0,"max_hp_gain":0.0,"max_hp_loss":0.0,"gold_gain":0.0,"cards_transformed":["Strike_R"],"event_name":"Transmorgrifier","player_choice":"Transformed","floor":10.0,"gold_loss":0.0,"damage_taken":0.0,"cards_obtained":["Reckless Charge"]},{"damage_healed":0.0,"max_hp_gain":0.0,"max_hp_loss":0.0,"gold_gain":0.0,"event_name":"The Cleric","player_choice":"Leave","floor":14.0,"gold_loss":0.0,"damage_taken":0.0},{"damage_healed":0.0,"max_hp_gain":0.0,"max_hp_loss":0.0,"gold_gain":0.0,"event_name":"Ghosts","player_choice":"Ignored","floor":20.0,"gold_loss":0.0,"damage_taken":0.0},{"damage_healed":0.0,"max_hp_gain":0.0,"max_hp_loss":0.0,"gold_gain":0.0,"event_name":"Vampires","player_choice":"Ignored","floor":27.0,"gold_loss":0.0,"damage_taken":0.0},{"damage_healed":0.0,"max_hp_gain":0.0,"max_hp_loss":6.0,"gold_gain":0.0,"event_name":"Winding Halls","player_choice":"Max HP","floor":36.0,"gold_loss":0.0,"damage_taken":0.0},{"cards_removed":["Strike_R"],"damage_healed":0.0,"max_hp_gain":0.0,"max_hp_loss":0.0,"gold_gain":0.0,"event_name":"Designer","player_choice":"Upgrade and Remove","floor":37.0,"gold_loss":90.0,"damage_taken":0.0,"cards_upgraded":["Offering"]},{"damage_healed":0.0,"max_hp_gain":0.0,"max_hp_loss":0.0,"gold_gain":0.0,"event_name":"Mysterious Sphere","player_choice":"Fight","floor":44.0,"gold_loss":0.0,"damage_taken":0.0},{"cards_removed":["Infernal Blade"],"damage_healed":0.0,"max_hp_gain":0.0,"max_hp_loss":0.0,"gold_gain":0.0,"event_name":"Wheel of Change","player_choice":"Card Removal","floor":46.0,"gold_loss":0.0,"damage_taken":0.0}],"is_beta":false,"boss_relics":[{"not_picked":["Lizard Tail","Runic Dome"],"picked":"Astrolabe"},{"not_picked":["Velvet Choker","Orrery"],"picked":"Cursed Key"}],"items_purged_floors":[3,19,45],"is_endless":false,"potions_floor_spawned":[2,4,16,21,22,29,33,38,42,48],"ascension_level":-20}