{"gold_per_floor":[119,136,59,59,78,105,105,105,159,159],"floor_reached":10,"playtime":553,"items_purged":[],"score":119,"play_id":"f3e69822-2869-41c0-abf1-21257c7db1c8","local_time":"20190627211427","is_ascension_mode":true,"campfire_choices":[{"floor":7,"key":"REST"}],"neow_cost":"NONE","seed_source_timestamp":345093111540748,"circlet_count":0,"master_deck":["AscendersBane","Defend_G","Defend_G","Defend_G","Defend_G","Defend_G","Strike_G","Strike_G","Strike_G","Strike_G","Survivor","Neutralize","Backflip","Deadly Poison","Footwork","Catalyst","All Out Attack"],"relics":["Ring of the Snake","Strawberry","Potion Belt","Tiny Chest"],"potions_floor_usage":[6],"damage_taken":[{"damage":0,"enemies":"Cultist","floor":1,"turns":4},{"damage":0,"enemies":"2 Louse","floor":2,"turns":3},{"damage":2,"enemies":"Jaw Worm","floor":5,"turns":4},{"damage":41,"enemies":"3 Sentries","floor":6,"turns":15},{"damage":42,"enemies":"Lagavulin","floor":10,"turns":11}],"seed_played":"5472292229395200066","potions_obtained":[{"floor":5,"key":"Block Potion"}],"is_trial":false,"path_per_floor":["M","M","$","?","M","E","R","?","T","E"],"character_chosen":"THE_SILENT","items_purchased":["Footwork"],"campfire_rested":1,"item_purchase_floors":[3],"current_hp_per_floor":[65,65,65,58,56,22,45,40,40,0],"gold":159,"neow_bonus":"TEN_PERCENT_HP_BONUS","is_prod":false,"is_daily":false,"chose_seed":false,"campfire_upgraded":0,"win_rate":0,"timestamp":1561688067,"path_taken":["M","M","$","?","M","E","R","?","T","E"],"build_version":"2019-01-23","purchased_purges":0,"victory":false,"max_hp_per_floor":[72,72,72,72,72,79,79,79,79,79],"card_choices":[{"not_picked":["Sucker Punch","Deflect"],"picked":"Backflip","floor":1},{"not_picked":["Deflect","Underhanded Strike"],"picked":"Deadly Poison","floor":2},{"not_picked":["Dagger Throw","Choke"],"picked":"Catalyst","floor":5},{"not_picked":["Poisoned Stab","Sucker Punch"],"picked":"All Out Attack","floor":6}],"player_experience":1411666,"relics_obtained":[{"floor":6,"key":"Strawberry"},{"floor":9,"key":"Tiny Chest"}],"event_choices":[{"cards_removed":["Strike_G"],"damage_healed":0,"gold_gain":0,"player_choice":"Card Removal","damage_taken":7,"max_hp_gain":0,"max_hp_loss":0,"event_name":"Golden Wing","floor":4,"gold_loss":0},{"damage_healed":0,"gold_gain":0,"player_choice":"Success","damage_taken":5,"relics_obtained":["Potion Belt"],"max_hp_gain":0,"max_hp_loss":0,"event_name":"Scrap Ooze","floor":8,"gold_loss":0}],"is_beta":false,"boss_relics":[],"items_purged_floors":[],"is_endless":false,"potions_floor_spawned":[5],"killed_by":"Lagavulin","ascension_level":16}