{"gold_per_floor":[20,32,32,56,75,111,136,136,182,226,249,105,105,75,75,203,203,216,255,255,273,293,328,342,385,433,21,121,121,144,144,144,268,268,293,312,312,645,659,659,671,671,671,704,704,82,130,143,143,143],"floor_reached":51,"playtime":24101,"items_purged":["Defend_B","Strike_B"],"score":702,"play_id":"439553f1-de5b-4800-ae0b-0b47743e7778","local_time":"20180823165035","is_ascension_mode":false,"campfire_choices":[{"floor":8.0,"key":"REST"},{"floor":15.0,"key":"REST"},{"data":"Forethought","floor":29,"key":"SMITH"},{"floor":32,"key":"REST"},{"data":"Defragment","floor":40,"key":"SMITH"},{"data":"Seek","floor":42,"key":"SMITH"},{"data":"Buffer","floor":45,"key":"SMITH"},{"data":"Echo Form","floor":49,"key":"SMITH"}],"neow_cost":"NO_GOLD","seed_source_timestamp":0,"circlet_count":0,"master_deck":["Strike_B+1","Defend_B","Defend_B","Zap+1","Dualcast+1","Conserve Battery","BootSequence","Echo Form+1","Self Repair","Seek+1","Creative AI","Coolheaded","Streamline+1","Buffer+1","Cold Snap+1","Defragment+1","Glacier+1","Forethought+1","Master of Strategy","Deep Breath","Echo Form","Heatsinks+1","White Noise+1","Melter+1","Cold Snap+1","Loop+1","Glacier","Ball Lightning","Loop+1"],"special_seed":0,"relics":["Cracked Core","Boot","Centennial Puzzle","Cables","Nuclear Battery","Red Mask","Bronze Scales","Lantern","StoneCalendar","Orichalcum","Astrolabe","Sundial","War Paint","Whetstone","Bag of Preparation","Blood Vial","Unceasing Top"],"potions_floor_usage":[30,30,33,37,50,50,50],"damage_taken":[{"damage":1.0,"enemies":"Cultist","floor":1.0,"turns":4.0},{"damage":0.0,"enemies":"Small Slimes","floor":2.0,"turns":4.0},{"damage":1.0,"enemies":"2 Louse","floor":4.0,"turns":3.0},{"damage":3.0,"enemies":"Red Slaver","floor":5.0,"turns":3.0},{"damage":44.0,"enemies":"Gremlin Nob","floor":6.0,"turns":6.0},{"damage":5.0,"enemies":"Large Slime","floor":7.0,"turns":6.0},{"damage":22.0,"enemies":"3 Sentries","floor":10.0,"turns":7.0},{"damage":0.0,"enemies":"Gremlin Gang","floor":11.0,"turns":3.0},{"damage":18.0,"enemies":"Hexaghost","floor":16.0,"turns":11.0},{"damage":4.0,"enemies":"Shell Parasite","floor":18.0,"turns":6.0},{"damage":41.0,"floor":19.0,"turns":5.0},{"damage":1.0,"enemies":"Chosen","floor":21.0,"turns":6.0},{"damage":13,"enemies":"Centurion and Healer","floor":22,"turns":5},{"damage":18,"enemies":"Gremlin Leader","floor":23,"turns":7},{"damage":0,"enemies":"Snake Plant","floor":24,"turns":3},{"damage":17,"enemies":"Book of Stabbing","floor":25,"turns":8},{"damage":3,"enemies":"Snecko","floor":30,"turns":7},{"damage":15,"enemies":"Automaton","floor":33,"turns":10},{"damage":18,"enemies":"3 Darklings","floor":35,"turns":7},{"damage":9,"enemies":"Flame Bruiser 1 Orb","floor":36,"turns":7},{"damage":28,"floor":37,"turns":6},{"damage":0,"enemies":"4 Shapes","floor":39,"turns":7},{"damage":0,"enemies":"Sphere and 2 Shapes","floor":41,"turns":4},{"damage":3,"enemies":"Nemesis","floor":44,"turns":7},{"damage":0,"floor":47,"turns":5},{"damage":0,"enemies":"Flame Bruiser 2 Orb","floor":48,"turns":4},{"damage":58,"enemies":"Time Eater","floor":50,"turns":10}],"seed_played":"-2073469889389856551","potions_obtained":[{"floor":1.0,"key":"Energy Potion"},{"floor":5.0,"key":"GamblersBrew"},{"floor":11.0,"key":"Poison Potion"},{"floor":14.0,"key":"Fire Potion"},{"floor":14.0,"key":"GamblersBrew"},{"floor":16.0,"key":"SkillPotion"},{"floor":19.0,"key":"FocusPotion"},{"floor":24,"key":"Ancient Potion"},{"floor":25,"key":"SkillPotion"},{"floor":36,"key":"LiquidBronze"},{"floor":41,"key":"SkillPotion"}],"is_trial":false,"path_per_floor":["M","M","?","M","M","E","M","R","T","E","M","$","?","?","R","B",null,"M","?","?","M","M","E","M","E","T","$","?","R","M","?","R","B",null,"M","M","?","?","M","R","M","R","T","E","R","$","?","M","R","B"],"character_chosen":"DEFECT","items_purchased":["Seek","Defragment","Glacier","Forethought","Master of Strategy","Glacier","Bag of Preparation","Blood Vial","FocusPotion","SkillPotion","Ball Lightning"],"campfire_rested":3,"item_purchase_floors":[12,27,27,27,27,46,46,46,46,46,46],"current_hp_per_floor":[88,88,66,65,62,18,13,39,39,17,17,17,17,17,43,32,89,89,55,55,61,48,44,51,41,41,41,41,41,45,29,55,47,89,85,83,55,55,62,62,69,69,69,80,80,80,89,89,89,31],"gold":143,"neow_bonus":"TWENTY_PERCENT_HP_BONUS","is_prod":false,"is_daily":false,"chose_seed":false,"campfire_upgraded":5,"win_rate":0.0,"timestamp":1535061035,"path_taken":["M","M","?","?","M","E","M","R","T","E","M","$","?","?","R","BOSS","M","?","?","M","M","E","?","E","T","$","?","R","M","?","R","BOSS","M","M","?","?","M","R","M","R","T","E","R","$","?","?","R","BOSS"],"build_version":"2018-08-16","purchased_purges":2,"victory":true,"max_hp_per_floor":[89,89,89,89,89,89,89,89,89,89,89,89,89,89,89,89,89,89,89,89,89,89,89,89,89,89,89,89,89,89,89,89,89,89,89,89,89,89,89,89,89,89,89,89,89,89,89,89,89,89],"card_choices":[{"not_picked":["Static Discharge","Streamline"],"picked":"Conserve Battery","floor":1.0},{"not_picked":["Barrage","Undo","Streamline"],"picked":"SKIP","floor":2.0},{"not_picked":["Steam Power","Beam Cell"],"picked":"BootSequence","floor":4.0},{"not_picked":["Ball Lightning","Cold Snap"],"picked":"Echo Form","floor":5.0},{"not_picked":["Turbo","Force Field","Aggregate"],"picked":"SKIP","floor":6.0},{"not_picked":["Leap","Static Discharge","Barrage"],"picked":"SKIP","floor":7.0},{"not_picked":["Rebound","Recycle","Thunder Strike"],"picked":"SKIP","floor":10.0},{"not_picked":["Barrage","Streamline"],"picked":"Self Repair","floor":11.0},{"not_picked":["Core Surge","Thunder Strike"],"picked":"Creative AI","floor":16.0},{"not_picked":["Sweeping Beam","Barrage+1","Steam Power"],"picked":"SKIP","floor":18.0},{"not_picked":["Rebound","Cold Snap"],"picked":"Coolheaded","floor":19.0},{"not_picked":["Aggregate","Stack"],"picked":"Streamline+1","floor":21.0},{"not_picked":["Steam+1","Sweeping Beam","Compile Driver"],"picked":"SKIP","floor":22},{"not_picked":["Turbo","Static Discharge+1","Chaos"],"picked":"SKIP","floor":23},{"not_picked":["Stack","Beam Cell"],"picked":"Buffer","floor":24},{"not_picked":["Coolheaded","Skim"],"picked":"Cold Snap","floor":25},{"not_picked":["Rebound","Sweeping Beam","Gash"],"picked":"SKIP","floor":30},{"not_picked":["Multi-Cast","Creative AI"],"picked":"Echo Form","floor":33},{"not_picked":["Fusion+1","Melter","Rebound+1"],"picked":"SKIP","floor":35},{"not_picked":["Sweeping Beam","Fusion","Leap"],"picked":"SKIP","floor":36},{"not_picked":["Stack","Turbo+1"],"picked":"Cold Snap+1","floor":39},{"not_picked":["Conserve Battery","Rebound","Ball Lightning"],"picked":"SKIP","floor":41},{"not_picked":["Lockon+1","Genetic Algorithm"],"picked":"Loop+1","floor":44},{"not_picked":["Chill+1","Recycle+1"],"picked":"Loop+1","floor":48}],"player_experience":176264,"relics_obtained":[{"floor":6.0,"key":"Boot"},{"floor":9.0,"key":"Centennial Puzzle"},{"floor":10.0,"key":"Cables"},{"floor":19.0,"key":"Red Mask"},{"floor":23,"key":"Lantern"},{"floor":25,"key":"StoneCalendar"},{"floor":26,"key":"Orichalcum"},{"floor":37,"key":"Sundial"},{"floor":43,"key":"War Paint"},{"floor":44,"key":"Whetstone"},{"floor":47,"key":"Unceasing Top"}],"event_choices":[{"event_name":"Golden Idol","player_choice":"Take Damage","floor":3.0,"damage_taken":0.0},{"event_name":"Accursed Blacksmith","player_choice":"Forge","floor":13.0,"damage_taken":0.0},{"event_name":"The Woman in Blue","player_choice":"Bought 2 Potions","floor":14.0,"damage_taken":0.0},{"event_name":"Masked Bandits","player_choice":"Fought Bandits","floor":19.0,"damage_taken":0.0},{"event_name":"The Mausoleum","player_choice":"Yes","floor":20.0,"damage_taken":0.0},{"event_name":"Golden Shrine","player_choice":"Pray","floor":28,"damage_taken":0},{"event_name":"Knowing Skull","player_choice":"CARD ","floor":31,"damage_taken":0},{"event_name":"MindBloom","player_choice":"Fight","floor":37,"damage_taken":0},{"event_name":"The Moai Head","player_choice":"Gave Idol","floor":38,"damage_taken":0},{"event_name":"Mysterious Sphere","player_choice":"Fight","floor":47,"damage_taken":0}],"is_beta":false,"boss_relics":[{"not_picked":["Orrery","Runic Dome"],"picked":"Nuclear Battery"},{"not_picked":["Velvet Choker","White Beast Statue"],"picked":"Astrolabe"}],"items_purged_floors":[12,46],"is_endless":false,"potions_floor_spawned":[1,5,11,16,19,24,25,36,41,47],"ascension_level":0}