{"gold_per_floor":[111,126,126,201,218,252,252,266,338,338,371,383,383,399,399,498,498,511,525,525,10,10,10,40,40,40,51,51,69,69,80,80,80],"floor_reached":33,"playtime":1528,"items_purged":[],"score":277,"play_id":"4ef4a2db-6281-4266-98f9-0b0238560684","local_time":"20190925005658","is_ascension_mode":false,"campfire_choices":[{"floor":7,"key":"REST"},{"data":"Perfected Strike","floor":10,"key":"SMITH"},{"data":"Wild Strike","floor":15,"key":"SMITH"},{"data":"Berserk","floor":23,"key":"SMITH"},{"floor":28,"key":"REST"},{"data":"Perfected Strike","floor":30,"key":"SMITH"},{"data":"Fire Breathing","floor":32,"key":"SMITH"}],"neow_cost":"CURSE","seed_source_timestamp":1072220844046900,"circlet_count":0,"master_deck":["Strike_R","Strike_R","Strike_R","Defend_R","Defend_R","Defend_R","Defend_R","Decay","Uppercut","Second Wind","Heavy Blade","Evolve","Rage","Perfected Strike+1","Flame Barrier","Pommel Strike","Pommel Strike","Warcry+1","Inflame","Disarm","Wild Strike+1","Headbutt","Berserk+1","Whirlwind+1","Perfected Strike+1","Clash+1","Perfected Strike","Cleave","Spot Weakness+1","Pommel Strike","Fire Breathing+1"],"relics":["Burning Blood","Prayer Wheel","Kunai","Regal Pillow","Mark of Pain","MealTicket","Torii","Paper Frog","Self Forming Clay"],"potions_floor_usage":[6,8,16,24,33],"damage_taken":[{"damage":5,"enemies":"Jaw Worm","floor":1,"turns":3},{"damage":2,"enemies":"2 Louse","floor":2,"turns":2},{"damage":9,"enemies":"Cultist","floor":5,"turns":5},{"damage":16,"enemies":"Gremlin Nob","floor":6,"turns":4},{"damage":9,"enemies":"2 Fungi Beasts","floor":8,"turns":2},{"damage":11,"enemies":"Lagavulin","floor":11,"turns":5},{"damage":15,"enemies":"Red Slaver","floor":12,"turns":4},{"damage":5,"enemies":"Exordium Thugs","floor":14,"turns":5},{"damage":11,"enemies":"Slime Boss","floor":16,"turns":9},{"damage":10,"enemies":"Spheric Guardian","floor":18,"turns":4},{"damage":20,"enemies":"2 Thieves","floor":19,"turns":3},{"damage":48,"enemies":"Slavers","floor":24,"turns":6},{"damage":11,"enemies":"Shelled Parasite and Fungi","floor":27,"turns":4},{"damage":1,"enemies":"Sentry and Sphere","floor":29,"turns":3},{"damage":7,"enemies":"Centurion and Healer","floor":31,"turns":6},{"damage":74,"enemies":"Automaton","floor":33,"turns":6}],"seed_played":"1737367989211552481","potions_obtained":[{"floor":1,"key":"Poison Potion"},{"floor":6,"key":"Explosive Potion"},{"floor":12,"key":"Energy Potion"},{"floor":16,"key":"Poison Potion"},{"floor":24,"key":"LiquidBronze"}],"is_trial":false,"path_per_floor":["M","M","?","?","M","E","R","M","T","R","E","M","?","M","R","B",null,"M","M","?","$","$","R","E","?","T","M","R","M","R","M","R","B"],"character_chosen":"IRONCLAD","items_purchased":["MealTicket","Torii"],"campfire_rested":2,"item_purchase_floors":[21,21],"current_hp_per_floor":[80,80,80,72,69,59,80,77,77,77,72,63,63,64,64,59,80,76,62,62,62,77,77,35,35,35,30,69,74,74,73,73,0],"gold":80,"neow_bonus":"TRANSFORM_TWO_CARDS","is_prod":false,"is_daily":false,"chose_seed":false,"campfire_upgraded":5,"win_rate":0,"timestamp":1569387418,"path_taken":["M","M","?","?","M","E","R","M","T","R","E","?","?","M","R","BOSS","M","M","?","?","$","R","E","?","T","M","R","?","R","M","R","BOSS"],"build_version":"2019-07-17","purchased_purges":0,"victory":false,"max_hp_per_floor":[80,80,80,80,80,80,80,80,80,80,80,80,80,80,80,80,80,80,80,80,80,80,80,80,80,80,80,80,80,80,80,80,80],"card_choices":[{"not_picked":["Entrench","Clothesline"],"picked":"Heavy Blade","floor":1},{"not_picked":["Armaments","Uppercut"],"picked":"Evolve","floor":2},{"not_picked":["Warcry","Cleave"],"picked":"Perfected Strike","floor":5},{"not_picked":["Sword Boomerang","Warcry"],"picked":"Flame Barrier","floor":6},{"not_picked":["Bloodletting","Hemokinesis"],"picked":"Pommel Strike","floor":8},{"not_picked":["Flex","Blood for Blood"],"picked":"Pommel Strike","floor":8},{"not_picked":["True Grit","Impervious"],"picked":"Warcry","floor":11},{"not_picked":["Shockwave","Intimidate"],"picked":"Inflame","floor":12},{"not_picked":["Flame Barrier","Shrug It Off"],"picked":"Disarm","floor":12},{"not_picked":["Body Slam","Sever Soul"],"picked":"Wild Strike","floor":14},{"not_picked":["Heavy Blade","Armaments"],"picked":"Headbutt","floor":14},{"not_picked":["Fiend Fire","Demon Form"],"picked":"Berserk","floor":16},{"not_picked":["Body Slam","Cleave"],"picked":"Whirlwind","floor":18},{"not_picked":["Intimidate","Blood for Blood"],"picked":"Perfected Strike","floor":18},{"not_picked":["Body Slam","Sword Boomerang+1"],"picked":"Clash+1","floor":19},{"not_picked":["Evolve","Bloodletting","Heavy Blade"],"picked":"SKIP","floor":19},{"not_picked":["Corruption","Flex"],"picked":"Perfected Strike","floor":24},{"not_picked":["Flex","Sword Boomerang"],"picked":"Spot Weakness+1","floor":27},{"not_picked":["Berserk","Spot Weakness","Headbutt"],"picked":"SKIP","floor":27},{"not_picked":["Heavy Blade+1","Seeing Red"],"picked":"Pommel Strike","floor":29},{"not_picked":["Corruption","Intimidate+1","Heavy Blade"],"picked":"SKIP","floor":29},{"not_picked":["Power Through","Cleave"],"picked":"Fire Breathing","floor":31},{"not_picked":["Cleave","Armaments","Ghostly Armor"],"picked":"SKIP","floor":31}],"player_experience":73416,"relics_obtained":[{"floor":6,"key":"Prayer Wheel"},{"floor":9,"key":"Kunai"},{"floor":11,"key":"Regal Pillow"},{"floor":24,"key":"Paper Frog"},{"floor":26,"key":"Self Forming Clay"}],"event_choices":[{"damage_healed":0,"gold_gain":0,"cards_transformed":["Bash"],"player_choice":"Change","damage_taken":0,"max_hp_gain":0,"max_hp_loss":0,"event_name":"Living Wall","floor":3,"gold_loss":0,"cards_obtained":["Rage"]},{"damage_healed":0,"gold_gain":75,"player_choice":"Touch","damage_taken":8,"max_hp_gain":0,"max_hp_loss":0,"event_name":"FaceTrader","floor":4,"gold_loss":0},{"damage_healed":0,"gold_gain":0,"player_choice":"Upgraded","damage_taken":0,"max_hp_gain":0,"max_hp_loss":0,"event_name":"Upgrade Shrine","floor":13,"gold_loss":0,"cards_upgraded":["Warcry"]},{"damage_healed":0,"gold_gain":0,"player_choice":"Forge","damage_taken":0,"max_hp_gain":0,"max_hp_loss":0,"event_name":"Accursed Blacksmith","floor":20,"gold_loss":0,"cards_upgraded":["Whirlwind"]},{"damage_healed":0,"gold_gain":0,"player_choice":"Read","damage_taken":0,"max_hp_gain":0,"max_hp_loss":0,"event_name":"The Library","floor":25,"gold_loss":0,"cards_obtained":["Cleave"]}],"is_beta":false,"boss_relics":[{"not_picked":["Ectoplasm","Tiny House"],"picked":"Mark of Pain"}],"items_purged_floors":[],"is_endless":false,"potions_floor_spawned":[1,6,12,16,24],"killed_by":"Automaton","ascension_level":0}