{"gold_per_floor":[209,9,184,202,218,218,246,246,296,308,308,12,27,41,41,142,192,173,192,192,205,205,205,217,217,217,69,86,86,97,127,127,225,225,239,255,55,55,55,55,68,79,79,79],"floor_reached":44,"playtime":3659,"items_purged":["Defend_G","Doubt","Defend_G"],"score":562,"play_id":"f1d66e7e-99cb-4afd-b114-8b2b1de965b1","local_time":"20190928112731","is_ascension_mode":true,"campfire_choices":[{"data":"Dodge and Roll","floor":6,"key":"SMITH"},{"data":"Neutralize","floor":8,"key":"SMITH"},{"floor":15,"key":"REST"},{"data":"Noxious Fumes","floor":23,"key":"SMITH"},{"floor":29,"key":"REST"},{"floor":32,"key":"REST"},{"data":"Blur","floor":40,"key":"SMITH"}],"neow_cost":"NONE","seed_source_timestamp":865096976400,"circlet_count":0,"master_deck":["Strike_G","Strike_G+1","Strike_G+1","Strike_G","Defend_G","Defend_G","Defend_G","Survivor","Neutralize+1","PiercingWail","Well Laid Plans","Dodge and Roll+1","Deadly Poison","Acrobatics","Blur+1","Noxious Fumes+1","Malaise+1","Acrobatics","Noxious Fumes+1","After Image","Dash","Blur","PiercingWail","Cloak And Dagger","Backflip+1","Parasite","Catalyst+1","Crippling Poison+1"],"relics":["Ring of the Snake","Regal Pillow","Whetstone","Tiny House","Blue Candle","Gremlin Horn","Sozu","ClockworkSouvenir","Ancient Tea Set"],"potions_floor_usage":[16,24,24,24,31],"damage_taken":[{"damage":1,"enemies":"Jaw Worm","floor":1,"turns":4},{"damage":2,"enemies":"2 Louse","floor":4,"turns":3},{"damage":0,"enemies":"Cultist","floor":5,"turns":5},{"damage":27,"enemies":"3 Sentries","floor":7,"turns":16},{"damage":8,"enemies":"Exordium Thugs","floor":10,"turns":6},{"damage":4,"enemies":"3 Louse","floor":13,"turns":5},{"damage":0,"enemies":"Blue Slaver","floor":14,"turns":6},{"damage":10,"enemies":"The Guardian","floor":16,"turns":11},{"damage":11,"enemies":"2 Thieves","floor":18,"turns":5},{"damage":3,"enemies":"Shell Parasite","floor":19,"turns":9},{"damage":1,"enemies":"Chosen and Byrds","floor":21,"turns":10},{"damage":32,"enemies":"Cultist and Chosen","floor":24,"turns":8},{"damage":13,"enemies":"Shelled Parasite and Fungi","floor":28,"turns":8},{"damage":15,"enemies":"3 Cultists","floor":30,"turns":5},{"damage":18,"enemies":"Gremlin Leader","floor":31,"turns":8},{"damage":45,"enemies":"Collector","floor":33,"turns":9},{"damage":22,"enemies":"Orb Walker","floor":35,"turns":6},{"damage":0,"enemies":"3 Shapes","floor":36,"turns":6},{"damage":20,"enemies":"Writhing Mass","floor":41,"turns":8},{"damage":10,"enemies":"Sphere and 2 Shapes","floor":42,"turns":6},{"damage":10,"enemies":"Giant Head","floor":44,"turns":7}],"seed_played":"-1979063888711352056","potions_obtained":[{"floor":4,"key":"Strength Potion"},{"floor":7,"key":"SkillPotion"},{"floor":11,"key":"PowerPotion"},{"floor":11,"key":"PowerPotion"},{"floor":16,"key":"Swift Potion"},{"floor":17,"key":"SkillPotion"},{"floor":28,"key":"Regen Potion"}],"is_trial":false,"path_per_floor":["M","$","?","M","M","R","E","R","T","M","?","$","M","M","R","B",null,"M","M","$","M","?","R","M","?","T","$","M","R","M","E","R","B",null,"M","M","$","?","?","R","M","M","T","E"],"character_chosen":"THE_SILENT","items_purchased":["PiercingWail","Well Laid Plans","Noxious Fumes","Malaise","Cloak And Dagger","ClockworkSouvenir"],"campfire_rested":3,"item_purchase_floors":[2,2,12,12,27,37],"current_hp_per_floor":[62,62,62,60,60,60,33,33,33,25,25,25,21,21,57,47,69,58,55,55,54,54,54,22,22,22,22,9,46,31,28,65,20,61,39,39,39,39,39,39,19,9,9,0],"gold":79,"neow_bonus":"HUNDRED_GOLD","is_prod":false,"is_daily":false,"chose_seed":false,"campfire_upgraded":4,"win_rate":0,"timestamp":1569662851,"path_taken":["M","$","?","M","M","R","E","R","T","M","?","$","M","M","R","BOSS","M","M","$","?","?","R","M","?","T","$","M","R","M","E","R","BOSS","M","M","$","?","?","R","?","M","T","E"],"build_version":"2019-07-17","purchased_purges":3,"victory":false,"max_hp_per_floor":[70,70,70,70,70,70,70,70,70,70,70,70,70,70,70,70,75,75,75,75,75,75,75,75,75,75,75,75,75,75,75,75,75,75,75,75,75,75,75,75,75,75,75,75],"card_choices":[{"not_picked":["Underhanded Strike","Prepared","Dagger Throw"],"picked":"SKIP","floor":1},{"not_picked":["Outmaneuver","Masterful Stab"],"picked":"Dodge and Roll","floor":4},{"not_picked":["Deflect","Tactician"],"picked":"Deadly Poison","floor":5},{"not_picked":["Outmaneuver","Deadly Poison"],"picked":"Acrobatics","floor":7},{"not_picked":["Endless Agony","Adrenaline"],"picked":"Blur","floor":10},{"not_picked":["Deadly Poison","Slice"],"picked":"Acrobatics","floor":13},{"not_picked":["Deadly Poison","Outmaneuver"],"picked":"Noxious Fumes","floor":14},{"not_picked":["Grand Finale","Die Die Die"],"picked":"After Image","floor":16},{"not_picked":["Distraction","Masterful Stab"],"picked":"Dash","floor":17},{"not_picked":["Poisoned Stab","Bane+1"],"picked":"Blur","floor":18},{"not_picked":["Deflect","Sucker Punch+1"],"picked":"PiercingWail","floor":19},{"not_picked":["Sucker Punch","Reflex","Flying Knee"],"picked":"SKIP","floor":21},{"not_picked":["Underhanded Strike","Quick Slash","Distraction"],"picked":"SKIP","floor":24},{"not_picked":["Sucker Punch","Deflect","Bane"],"picked":"SKIP","floor":28},{"not_picked":["Night Terror","Deadly Poison","Sucker Punch"],"picked":"SKIP","floor":30},{"not_picked":["Corpse Explosion","Outmaneuver+1","Flying Knee+1"],"picked":"SKIP","floor":31},{"not_picked":["Underhanded Strike+1","Setup+1"],"picked":"Backflip+1","floor":35},{"not_picked":["Poisoned Stab+1","Underhanded Strike","Dodge and Roll"],"picked":"SKIP","floor":36},{"not_picked":["Acrobatics+1","Dagger Throw+1"],"picked":"Catalyst+1","floor":41},{"not_picked":["Cloak And Dagger+1","Dagger Spray+1"],"picked":"Crippling Poison+1","floor":42}],"player_experience":408019,"relics_obtained":[{"floor":7,"key":"Regal Pillow"},{"floor":9,"key":"Whetstone"},{"floor":26,"key":"Blue Candle"},{"floor":31,"key":"Gremlin Horn"},{"floor":43,"key":"Ancient Tea Set"}],"event_choices":[{"damage_healed":0,"gold_gain":175,"player_choice":"AGREE","damage_taken":0,"max_hp_gain":0,"max_hp_loss":0,"event_name":"Liars Game","floor":3,"gold_loss":0,"cards_obtained":["Doubt"]},{"damage_healed":0,"gold_gain":0,"player_choice":"Got Potions","damage_taken":0,"max_hp_gain":0,"max_hp_loss":0,"event_name":"Lab","floor":11,"gold_loss":0},{"damage_healed":0,"gold_gain":0,"player_choice":"Ignored","damage_taken":0,"max_hp_gain":0,"max_hp_loss":0,"event_name":"Ghosts","floor":22,"gold_loss":0},{"damage_healed":0,"gold_gain":0,"player_choice":"Upgraded","damage_taken":0,"max_hp_gain":0,"max_hp_loss":0,"event_name":"Upgrade Shrine","floor":25,"gold_loss":0,"cards_upgraded":["Noxious Fumes"]},{"damage_healed":0,"gold_gain":0,"player_choice":"Ignored","damage_taken":0,"max_hp_gain":0,"max_hp_loss":0,"event_name":"Mysterious Sphere","floor":38,"gold_loss":0},{"cards_removed":["Strike_G"],"damage_healed":0,"gold_gain":0,"player_choice":"Purged","damage_taken":0,"max_hp_gain":0,"max_hp_loss":0,"event_name":"Purifier","floor":39,"gold_loss":0}],"is_beta":false,"boss_relics":[{"not_picked":["Snecko Eye","HoveringKite"],"picked":"Tiny House"},{"not_picked":["Coffee Dripper","Runic Dome"],"picked":"Sozu"}],"items_purged_floors":[2,12,27],"is_endless":false,"potions_floor_spawned":[4,7,14,16,19,21,28,36,41],"killed_by":"Giant Head","ascension_level":6}