{"gold_per_floor":[109,109,59,75,23,49,49,65,111,71,83,83,38,95,95,192,192,206,53,71,71,91,91,91],"floor_reached":24,"playtime":916,"items_purged":[],"score":252,"play_id":"6853767f-68e9-4d83-9025-991567aeff4b","local_time":"20190717190523","is_ascension_mode":true,"campfire_choices":[{"data":"Zap","floor":12,"key":"SMITH"},{"data":"Leap","floor":15,"key":"SMITH"},{"data":"Defragment","floor":23,"key":"SMITH"}],"neow_cost":"NONE","seed_source_timestamp":15567999946362,"circlet_count":0,"master_deck":["Strike_B+1","Strike_B","Strike_B+1","Defend_B","Defend_B","Defend_B","Defend_B","Zap+1","Dualcast","Ball Lightning+1","Cold Snap+1","Leap+1","FTL","Self Repair","Self Repair","Gash","Ball Lightning","Multi-Cast","Defragment+1"],"relics":["Cracked Core","NeowsBlessing","Whetstone","NlothsMask","Cables","Nuclear Battery","Orichalcum","Regal Pillow"],"potions_floor_usage":[20],"damage_taken":[{"damage":0,"enemies":"Cultist","floor":1,"turns":1},{"damage":0,"enemies":"Small Slimes","floor":4,"turns":1},{"damage":0,"enemies":"Gremlin Nob","floor":6,"turns":1},{"damage":0,"enemies":"2 Louse","floor":8,"turns":2},{"damage":5,"enemies":"Gremlin Gang","floor":11,"turns":3},{"damage":12,"enemies":"3 Sentries","floor":14,"turns":7},{"damage":8,"enemies":"Slime Boss","floor":16,"turns":7},{"damage":22,"enemies":"3 Byrds","floor":18,"turns":5},{"damage":0,"enemies":"Spheric Guardian","floor":20,"turns":3},{"damage":33,"enemies":"Snake Plant","floor":22,"turns":5},{"damage":57,"enemies":"Gremlin Leader","floor":24,"turns":7}],"seed_played":"-9131738883496267522","potions_obtained":[{"floor":1,"key":"SkillPotion"},{"floor":6,"key":"SteroidPotion"},{"floor":14,"key":"Swift Potion"},{"floor":20,"key":"GamblersBrew"}],"is_trial":false,"path_per_floor":["M","?","?","M","$","E","?","M","T","$","M","R","$","?","R","B",null,"M","$","M","?","M","R","E"],"character_chosen":"DEFECT","items_purchased":["Leap","Self Repair","Gash","Orichalcum"],"campfire_rested":0,"item_purchase_floors":[5,10,13,19],"current_hp_per_floor":[75,60,60,60,60,60,60,60,60,60,55,55,55,57,57,63,75,67,67,75,75,56,56,0],"gold":91,"neow_bonus":"THREE_ENEMY_KILL","is_prod":false,"is_daily":false,"chose_seed":false,"campfire_upgraded":3,"win_rate":0,"timestamp":1563383123,"path_taken":["M","?","?","M","$","E","?","M","T","$","?","R","$","?","R","BOSS","M","$","M","?","?","R","E"],"build_version":"2019-07-05","purchased_purges":0,"victory":false,"max_hp_per_floor":[75,75,75,75,75,75,75,75,75,75,75,75,75,75,75,75,75,75,75,75,75,75,75,75],"card_choices":[{"not_picked":["Undo","Leap"],"picked":"Ball Lightning","floor":1},{"not_picked":["Chaos","Seek"],"picked":"Cold Snap","floor":4},{"not_picked":["Go for the Eyes","Hologram"],"picked":"FTL","floor":6},{"not_picked":["Chaos","Compile Driver","Hyperbeam"],"picked":"SKIP","floor":8},{"not_picked":["Undo","Stack"],"picked":"Self Repair","floor":11},{"not_picked":["Streamline","Genetic Algorithm"],"picked":"Ball Lightning","floor":14},{"not_picked":["Core Surge","Hyperbeam"],"picked":"Multi-Cast","floor":16},{"not_picked":["Fusion","Hello World","Skim+1"],"picked":"SKIP","floor":18},{"not_picked":["Consume","Chaos","Self Repair"],"picked":"SKIP","floor":20},{"not_picked":["Steam","Hello World+1"],"picked":"Defragment","floor":22}],"player_experience":271549,"relics_obtained":[{"floor":6,"key":"Whetstone"},{"floor":14,"key":"Cables"}],"event_choices":[{"damage_healed":0,"gold_gain":0,"player_choice":"Entered Light","damage_taken":15,"max_hp_gain":0,"max_hp_loss":0,"event_name":"Shining Light","floor":2,"gold_loss":0,"cards_upgraded":["Strike_B","Strike_B"]},{"cards_removed":["Strike_B"],"damage_healed":0,"gold_gain":0,"player_choice":"Card Removal","damage_taken":0,"max_hp_gain":0,"max_hp_loss":0,"event_name":"The Cleric","floor":3,"gold_loss":50},{"damage_healed":0,"gold_gain":0,"player_choice":"Trade","damage_taken":0,"relics_obtained":["NlothsMask"],"max_hp_gain":0,"max_hp_loss":0,"event_name":"FaceTrader","floor":7,"gold_loss":0},{"damage_healed":0,"gold_gain":30,"player_choice":"Searched \u00272\u0027 times","damage_taken":0,"max_hp_gain":0,"max_hp_loss":0,"event_name":"Dead Adventurer","floor":14,"gold_loss":0},{"damage_healed":0,"gold_gain":0,"player_choice":"Gave Potion","damage_taken":0,"relics_obtained":["Regal Pillow"],"max_hp_gain":0,"max_hp_loss":0,"event_name":"WeMeetAgain","floor":21,"gold_loss":0}],"is_beta":false,"boss_relics":[{"not_picked":["Ectoplasm","Eternal Feather"],"picked":"Nuclear Battery"}],"items_purged_floors":[],"is_endless":false,"potions_floor_spawned":[1,6,14,16,18,20],"killed_by":"Gremlin Leader","ascension_level":3}