{"gold_per_floor":[112,43,5,5,23,23,23,38,38,73,84,107,107,142,142,240,240,251,60,159,159,159,194,194,194,194,194,210,170,14,14,14,112,112,126,136,188,208,0,0,19,30,30,30,48,48,48,48,48,48,48,48,10,45,45],"floor_reached":55,"playtime":3306,"items_purged":[],"score":805,"play_id":"3259bad9-79a7-4bff-a88a-abe1facadb8b","local_time":"20190609124946","is_ascension_mode":true,"campfire_choices":[{"data":"Bouncing Flask","floor":6,"key":"SMITH"},{"data":"Crippling Poison","floor":13,"key":"SMITH"},{"data":"Noxious Fumes","floor":15,"key":"SMITH"},{"data":"Dodge and Roll","floor":24,"key":"SMITH"},{"data":"Leg Sweep","floor":32,"key":"SMITH"},{"floor":40,"key":"REST"},{"floor":44,"key":"RECALL"},{"data":"Survivor","floor":49,"key":"SMITH"},{"data":"Noxious Fumes","floor":52,"key":"SMITH"}],"neow_cost":"CURSE","seed_source_timestamp":7028705975602,"circlet_count":0,"master_deck":["Defend_G","Defend_G","Defend_G+1","Defend_G","Defend_G","Survivor+1","Neutralize+1","Backflip+1","Bouncing Flask+1","Well Laid Plans","Noxious Fumes+1","Crippling Poison+1","Noxious Fumes","Poisoned Stab","Noxious Fumes+1","Bite","Bite","Bite","Bite+1","Bite","Bane","Deadly Poison","Leg Sweep+1","Noxious Fumes","Dodge and Roll+1","Catalyst+1","Bane+1","Deadly Poison+1","Dark Shackles+1","Footwork"],"relics":["Ring of the Snake","Thread and Needle","Calipers","Kunai","Odd Mushroom","Mercury Hourglass","Philosopher\u0027s Stone","Snake Skull","Blood Vial","Lizard Tail","Nunchaku","Red Mask","FossilizedHelix","War Paint"],"potions_floor_usage":[23,28,37,37,38,41,54,55],"damage_taken":[{"damage":0,"enemies":"Cultist","floor":1,"turns":6},{"damage":0,"enemies":"2 Louse","floor":5,"turns":3},{"damage":0,"enemies":"Small Slimes","floor":8,"turns":3},{"damage":20,"enemies":"Gremlin Nob","floor":10,"turns":5},{"damage":6,"enemies":"2 Fungi Beasts","floor":11,"turns":4},{"damage":7,"enemies":"The Mushroom Lair","floor":12,"turns":4},{"damage":2,"enemies":"3 Sentries","floor":14,"turns":6},{"damage":20,"enemies":"Slime Boss","floor":16,"turns":6},{"damage":12,"enemies":"3 Byrds","floor":18,"turns":3},{"damage":9,"enemies":"Gremlin Leader","floor":23,"turns":6},{"damage":3,"enemies":"2 Thieves","floor":28,"turns":3},{"damage":29,"enemies":"Automaton","floor":33,"turns":9},{"damage":4,"enemies":"Orb Walker","floor":35,"turns":4},{"damage":22,"enemies":"3 Darklings","floor":36,"turns":5},{"damage":25,"enemies":"2 Orb Walkers","floor":37,"turns":5},{"damage":14,"enemies":"Maw","floor":38,"turns":7},{"damage":13,"enemies":"Sphere and 2 Shapes","floor":41,"turns":5},{"damage":19,"enemies":"4 Shapes","floor":42,"turns":4},{"damage":3,"enemies":"Transient","floor":45,"turns":5},{"damage":7,"enemies":"Time Eater","floor":50,"turns":6},{"damage":47,"enemies":"Shield and Spear","floor":54,"turns":6},{"damage":72,"enemies":"The Heart","floor":55,"turns":8}],"seed_played":"-8023260601079137288","potions_obtained":[{"floor":1,"key":"GhostInAJar"},{"floor":7,"key":"Block Potion"},{"floor":7,"key":"Poison Potion"},{"floor":33,"key":"SpeedPotion"},{"floor":35,"key":"Fire Potion"},{"floor":37,"key":"Dexterity Potion"},{"floor":38,"key":"Swift Potion"},{"floor":45,"key":"SpeedPotion"}],"is_trial":false,"path_per_floor":["M","$","$","?","M","R","?","M","T","E","M","?","R","E","R","B",null,"M","$","?","?","?","E","R","?","T","?","M","?","$","$","R","B",null,"M","M","?","M","?","R","M","M","T","R","M","?","$","?","R","B",null,"R","$","E","B"],"character_chosen":"THE_SILENT","items_purchased":["Bouncing Flask","Well Laid Plans","Snake Skull","Noxious Fumes","Leg Sweep","Noxious Fumes","Footwork"],"campfire_rested":1,"item_purchase_floors":[2,3,19,19,30,30,53],"current_hp_per_floor":[70,70,70,75,75,75,75,75,75,55,49,42,42,40,40,20,75,63,63,63,63,52,47,47,47,47,47,50,50,50,50,50,34,52,48,35,18,26,26,41,39,31,31,31,41,41,41,41,41,40,52,52,52,12,0],"gold":45,"neow_bonus":"ONE_RARE_RELIC","is_prod":false,"is_daily":false,"chose_seed":false,"campfire_upgraded":7,"win_rate":0,"timestamp":1560077386,"path_taken":["M","?","$","?","M","R","?","?","T","E","M","?","R","E","R","BOSS","M","$","?","?","?","E","R","?","T","?","?","?","?","$","R","BOSS","M","M","?","M","?","R","M","?","T","R","M","?","$","?","R","BOSS","R","$","E","BOSS"],"build_version":"2019-01-23","purchased_purges":0,"victory":false,"max_hp_per_floor":[70,70,70,75,75,75,75,75,75,75,75,75,75,75,75,75,75,75,75,75,75,52,52,52,52,52,52,52,52,52,52,52,52,52,52,52,52,52,52,52,52,52,52,52,52,52,52,52,52,52,52,52,52,52,52],"card_choices":[{"not_picked":["Dagger Spray","Acrobatics"],"picked":"Backflip","floor":1},{"not_picked":["Acrobatics","Deflect","Escape Plan"],"picked":"SKIP","floor":5},{"not_picked":["Blade Dance","Dagger Throw"],"picked":"Noxious Fumes","floor":8},{"not_picked":["Heel Hook","Calculated Gamble"],"picked":"Crippling Poison","floor":10},{"not_picked":["Flechettes","Acrobatics","Heel Hook"],"picked":"SKIP","floor":11},{"not_picked":["Dagger Spray","Setup"],"picked":"Noxious Fumes","floor":12},{"not_picked":["Infinite Blades","Acrobatics"],"picked":"Poisoned Stab","floor":14},{"not_picked":["Dagger Spray","Riddle With Holes","Eviscerate"],"picked":"SKIP","floor":18},{"not_picked":["Storm of Steel","Predator"],"picked":"Bane","floor":23},{"not_picked":["Quick Slash","Slice"],"picked":"Deadly Poison","floor":28},{"not_picked":["Poisoned Stab","Flying Knee"],"picked":"Dodge and Roll+1","floor":35},{"not_picked":["Caltrops","Slice"],"picked":"Catalyst+1","floor":36},{"not_picked":["Eviscerate","Outmaneuver"],"picked":"Bane+1","floor":37},{"not_picked":["Caltrops","Poisoned Stab+1","Die Die Die"],"picked":"SKIP","floor":38},{"not_picked":["All Out Attack","Bane","Sucker Punch+1"],"picked":"SKIP","floor":41},{"not_picked":["PiercingWail+1","Predator","Cloak And Dagger"],"picked":"SKIP","floor":42},{"not_picked":["Sucker Punch","Poisoned Stab+1"],"picked":"Deadly Poison+1","floor":45},{"not_picked":["Mind Blast","The Bomb"],"picked":"Dark Shackles","floor":46},{"not_picked":["Calculated Gamble+1","Outmaneuver","Dagger Throw"],"picked":"SKIP","floor":54}],"player_experience":234457,"relics_obtained":[{"floor":9,"key":"Calipers"},{"floor":10,"key":"Kunai"},{"floor":12,"key":"Odd Mushroom"},{"floor":14,"key":"Mercury Hourglass"},{"floor":23,"key":"Blood Vial"},{"floor":37,"key":"Nunchaku"},{"floor":43,"key":"FossilizedHelix"},{"floor":54,"key":"War Paint"}],"event_choices":[{"damage_healed":0,"gold_gain":0,"player_choice":"Donut","damage_taken":0,"max_hp_gain":5,"max_hp_loss":0,"event_name":"Big Fish","floor":4,"gold_loss":0},{"damage_healed":0,"gold_gain":0,"player_choice":"Got Potions","damage_taken":0,"max_hp_gain":0,"max_hp_loss":0,"event_name":"Lab","floor":7,"gold_loss":0},{"damage_healed":0,"gold_gain":0,"player_choice":"Fought Mushrooms","damage_taken":0,"max_hp_gain":0,"max_hp_loss":0,"event_name":"Mushrooms","floor":12,"gold_loss":0},{"damage_healed":0,"gold_gain":99,"player_choice":"Stole From Cult","damage_taken":0,"max_hp_gain":0,"max_hp_loss":0,"event_name":"Nest","floor":20,"gold_loss":0},{"damage_healed":0,"gold_gain":0,"player_choice":"Read","damage_taken":0,"max_hp_gain":0,"max_hp_loss":0,"event_name":"The Library","floor":21,"gold_loss":0,"cards_obtained":["Dodge and Roll"]},{"damage_healed":0,"gold_gain":0,"player_choice":"Became a vampire","damage_taken":0,"max_hp_gain":0,"max_hp_loss":23,"event_name":"Vampires","floor":22,"gold_loss":0,"cards_obtained":["Bite","Bite","Bite","Bite","Bite"]},{"cards_removed":["Clumsy"],"damage_healed":0,"gold_gain":0,"player_choice":"Elegance","damage_taken":0,"max_hp_gain":0,"max_hp_loss":0,"event_name":"Back to Basics","floor":25,"gold_loss":0},{"damage_healed":0,"gold_gain":0,"player_choice":"Upgraded","damage_taken":0,"max_hp_gain":0,"max_hp_loss":0,"event_name":"Upgrade Shrine","floor":27,"gold_loss":0,"cards_upgraded":["Backflip"]},{"damage_healed":0,"gold_gain":0,"player_choice":"Upgraded Two","damage_taken":0,"max_hp_gain":0,"max_hp_loss":0,"event_name":"Designer","floor":29,"gold_loss":40,"cards_upgraded":["Neutralize","Bite"]},{"damage_healed":0,"gold_gain":0,"player_choice":"Fight","damage_taken":0,"max_hp_gain":0,"max_hp_loss":0,"event_name":"Mysterious Sphere","floor":37,"gold_loss":0},{"damage_healed":0,"gold_gain":0,"player_choice":"Paid","damage_taken":0,"relics_obtained":["Red Mask"],"max_hp_gain":0,"max_hp_loss":0,"event_name":"Tomb of Lord Red Mask","floor":39,"gold_loss":208},{"damage_healed":0,"gold_gain":0,"player_choice":"Memory 1","damage_taken":0,"max_hp_gain":0,"max_hp_loss":0,"event_name":"SensoryStone","floor":46,"gold_loss":0},{"cards_removed":["Dodge and Roll"],"damage_healed":0,"gold_gain":0,"player_choice":"Removed Skill","damage_taken":0,"max_hp_gain":0,"max_hp_loss":0,"event_name":"Falling","floor":48,"gold_loss":0}],"is_beta":false,"boss_relics":[{"not_picked":["Fusion Hammer","Black Star"],"picked":"Philosopher\u0027s Stone"},{"not_picked":["Runic Dome","Astrolabe"],"picked":"Lizard Tail"}],"items_purged_floors":[],"is_endless":false,"potions_floor_spawned":[1,8,16,18,33,35,37,38,45],"killed_by":"The Heart","ascension_level":2}