{"gold_per_floor":[12,12,23,23,35,35,61,61,61,77,77,77,93,108,108,207,207,221,320,163,163,163,192,211,241,241,269,269,269,281,281,281,383,383,400,420,420,420,439,439],"floor_reached":40,"playtime":1396,"items_purged":[],"score":674,"play_id":"237c3148-691d-4535-bd84-433c112d40b5","local_time":"20190609135320","is_ascension_mode":true,"campfire_choices":[{"data":"Perfected Strike","floor":6,"key":"SMITH"},{"data":"Dual Wield","floor":8,"key":"SMITH"},{"data":"Bash","floor":15,"key":"SMITH"},{"floor":29,"key":"REST"},{"floor":32,"key":"REST"}],"neow_cost":"NO_GOLD","seed_source_timestamp":12752175088947,"circlet_count":0,"master_deck":["Strike_R+1","Strike_R+1","Strike_R+1","Strike_R+1","Strike_R+1","Defend_R+1","Defend_R+1","Defend_R+1","Defend_R+1","Bash+1","Perfected Strike+1","Dual Wield+1","Twin Strike+1","Pommel Strike","Pommel Strike+1","Demon Form+1","Shrug It Off","Barricade+1","Twin Strike+1","Madness","Madness"],"relics":["Burning Blood","Peace Pipe","Mercury Hourglass","Singing Bowl","Letter Opener","Fusion Hammer","Whetstone","Frozen Egg 2","Blue Candle","Mummified Hand","Lantern","MutagenicStrength","Mark of Pain"],"potions_floor_usage":[23,25,33,39,40,40],"damage_taken":[{"damage":6,"enemies":"Cultist","floor":1,"turns":3},{"damage":0,"enemies":"Small Slimes","floor":3,"turns":4},{"damage":12,"enemies":"2 Louse","floor":5,"turns":3},{"damage":24,"enemies":"Gremlin Nob","floor":7,"turns":4},{"damage":11,"enemies":"Blue Slaver","floor":10,"turns":3},{"damage":1,"enemies":"Exordium Wildlife","floor":13,"turns":2},{"damage":14,"enemies":"Red Slaver","floor":14,"turns":2},{"damage":0,"enemies":"Slime Boss","floor":16,"turns":5},{"damage":12,"enemies":"2 Thieves","floor":18,"turns":3},{"damage":46,"enemies":"Slavers","floor":23,"turns":7},{"damage":11,"enemies":"Spheric Guardian","floor":24,"turns":3},{"damage":0,"enemies":"Gremlin Leader","floor":25,"turns":5},{"damage":45,"enemies":"Slavers","floor":27,"turns":5},{"damage":10,"enemies":"Snecko","floor":30,"turns":3},{"damage":58,"enemies":"Automaton","floor":33,"turns":8},{"damage":8,"enemies":"3 Shapes","floor":35,"turns":5},{"damage":39,"enemies":"3 Darklings","floor":36,"turns":6},{"damage":1,"enemies":"4 Shapes","floor":39,"turns":4},{"damage":38,"enemies":"Giant Head","floor":40,"turns":6}],"seed_played":"-5923088865827006370","potions_obtained":[{"floor":1,"key":"SpeedPotion"},{"floor":10,"key":"Swift Potion"},{"floor":13,"key":"Regen Potion"},{"floor":24,"key":"GamblersBrew"},{"floor":25,"key":"Fruit Juice"},{"floor":30,"key":"Energy Potion"},{"floor":33,"key":"Weak Potion"},{"floor":39,"key":"Energy Potion"}],"is_trial":false,"path_per_floor":["M","$","M","?","M","R","E","R","T","M","?","T","M","M","R","B",null,"M","?","$","?","$","E","M","E","T","E","?","R","M","?","R","B",null,"M","M","?","?","M","E"],"character_chosen":"IRONCLAD","items_purchased":["Whetstone"],"campfire_rested":2,"item_purchase_floors":[20],"current_hp_per_floor":[80,80,80,80,74,74,56,56,56,51,51,51,56,50,50,58,78,72,72,72,72,72,46,43,56,56,19,19,47,43,43,71,19,76,74,43,31,22,29,0],"gold":439,"neow_bonus":"ONE_RARE_RELIC","is_prod":false,"is_daily":false,"chose_seed":false,"campfire_upgraded":3,"win_rate":0,"timestamp":1560081200,"path_taken":["M","?","M","?","M","R","E","R","T","M","?","?","?","M","R","BOSS","M","?","$","?","?","E","?","E","T","E","?","R","M","?","R","BOSS","M","M","?","?","?","E"],"build_version":"2019-01-23","purchased_purges":0,"victory":false,"max_hp_per_floor":[80,80,80,80,80,80,80,80,80,80,80,80,80,82,82,84,84,84,84,84,84,84,84,86,93,93,95,95,95,95,95,95,95,95,95,97,97,97,99,99],"card_choices":[{"not_picked":["Burning Pact","Disarm","Wild Strike"],"picked":"SKIP","floor":1},{"not_picked":["Cleave","Clash","Power Through"],"picked":"SKIP","floor":3},{"not_picked":["Warcry","Sentinel"],"picked":"Perfected Strike","floor":5},{"not_picked":["Spot Weakness","Warcry"],"picked":"Dual Wield","floor":7},{"not_picked":["Rupture","Clothesline"],"picked":"Twin Strike","floor":10},{"not_picked":["Shrug It Off","Flex"],"picked":"Pommel Strike","floor":13},{"not_picked":["Havoc","Blood for Blood","Shockwave"],"picked":"Singing Bowl","floor":14},{"not_picked":["Juggernaut","Brutality","Exhume"],"picked":"Singing Bowl","floor":16},{"not_picked":["Carnage","Flame Barrier"],"picked":"Pommel Strike+1","floor":18},{"not_picked":["Havoc","Armaments"],"picked":"Demon Form","floor":23},{"not_picked":["Heavy Blade","Hemokinesis+1","Feel No Pain+1"],"picked":"Singing Bowl","floor":24},{"not_picked":["Flex","Immolate","Infernal Blade"],"picked":"Singing Bowl","floor":25},{"not_picked":["Rupture+1","Combust+1","Searing Blow"],"picked":"Singing Bowl","floor":27},{"not_picked":["Sword Boomerang","Armaments"],"picked":"Shrug It Off","floor":30},{"not_picked":["Juggernaut+1","Demon Form+1"],"picked":"Barricade+1","floor":33},{"not_picked":["Havoc","Corruption+1"],"picked":"Twin Strike+1","floor":35},{"not_picked":["Anger+1","Heavy Blade","Reckless Charge"],"picked":"Singing Bowl","floor":36},{"not_picked":["Burning Pact","Bloodletting+1","Inflame+1"],"picked":"Singing Bowl","floor":39}],"player_experience":237763,"relics_obtained":[{"floor":7,"key":"Mercury Hourglass"},{"floor":9,"key":"Singing Bowl"},{"floor":12,"key":"Letter Opener"},{"floor":23,"key":"Frozen Egg 2"},{"floor":25,"key":"Blue Candle"},{"floor":26,"key":"Mummified Hand"},{"floor":27,"key":"Lantern"}],"event_choices":[{"damage_healed":0,"gold_gain":0,"player_choice":"Leave","damage_taken":0,"max_hp_gain":0,"max_hp_loss":0,"event_name":"The Cleric","floor":4,"gold_loss":0},{"damage_healed":0,"gold_gain":0,"player_choice":"Ignored","damage_taken":0,"max_hp_gain":0,"max_hp_loss":0,"event_name":"Liars Game","floor":11,"gold_loss":0},{"damage_healed":0,"gold_gain":99,"player_choice":"Stole From Cult","damage_taken":0,"max_hp_gain":0,"max_hp_loss":0,"event_name":"Nest","floor":19,"gold_loss":0},{"damage_healed":0,"gold_gain":0,"player_choice":"Simplicity","damage_taken":0,"max_hp_gain":0,"max_hp_loss":0,"event_name":"Back to Basics","floor":21,"gold_loss":0,"cards_upgraded":["Strike_R","Strike_R","Strike_R","Strike_R","Defend_R","Defend_R","Defend_R","Defend_R"]},{"damage_healed":0,"gold_gain":0,"player_choice":"Inject Mutagens","damage_taken":0,"relics_obtained":["MutagenicStrength"],"max_hp_gain":0,"max_hp_loss":0,"event_name":"Drug Dealer","floor":28,"gold_loss":0},{"damage_healed":0,"gold_gain":0,"player_choice":"Ignored","damage_taken":0,"max_hp_gain":0,"max_hp_loss":0,"event_name":"Beggar","floor":31,"gold_loss":0},{"damage_healed":0,"gold_gain":0,"player_choice":"Embrace Madness","damage_taken":12,"max_hp_gain":0,"max_hp_loss":0,"event_name":"Winding Halls","floor":37,"gold_loss":0,"cards_obtained":["Madness","Madness"]},{"damage_healed":0,"gold_gain":0,"player_choice":"Damaged","damage_taken":9,"max_hp_gain":0,"max_hp_loss":0,"event_name":"Wheel of Change","floor":38,"gold_loss":0}],"is_beta":false,"boss_relics":[{"not_picked":["Runic Dome","Empty Cage"],"picked":"Fusion Hammer"},{"not_picked":["Busted Crown","Coffee Dripper"],"picked":"Mark of Pain"}],"items_purged_floors":[],"is_endless":false,"potions_floor_spawned":[1,10,13,24,25,30,33,39],"killed_by":"Giant Head","ascension_level":5}