{"gold_per_floor":[114,114,129,144,159,189,189,204,229,259,274,274,304,319,319,419,419,434,449,464,464,479,509,509,43,43,58,58,32,47,77,77,177,177,192,207,222,237,252,312,327,342,367,75,90,90,120,120,120,120],"floor_reached":51,"playtime":3089,"items_purged":[],"score":1052,"play_id":"dcbb45ec-db80-4a79-878f-aba3b462baac","local_time":"20180928193019","daily_mods":["Heirloom","Green Cards","Terminal"],"is_ascension_mode":false,"campfire_choices":[{"data":"Beam Cell","floor":7.0,"key":"SMITH"},{"data":"Sunder","floor":12.0,"key":"SMITH"},{"data":"Creative AI","floor":15.0,"key":"SMITH"},{"data":"Go for the Eyes","floor":32.0,"key":"SMITH"},{"data":"Discovery","floor":49.0,"key":"SMITH"}],"neow_cost":"","seed_source_timestamp":0,"circlet_count":0,"master_deck":["Strike_B","Strike_B","Strike_B","Defend_B","Defend_B","Defend_B","Defend_B","Zap","Dualcast+1","Beam Cell+1","Ball Lightning","Rip and Tear","Glacier","Heatsinks","Sunder+1","Ball Lightning","Compile Driver","Creative AI+1","Leap","Seek","White Noise","Compile Driver","Storm","Hologram","FTL+1","Ball Lightning+1","Reinforced Body","Buffer+1","Ball Lightning+1","Core Surge","Force Field","Go for the Eyes+1","Force Field","Stack","Skim+1","Leap+1","Thunder Strike","Aggregate","Turbo+1","Conserve Battery","White Noise","Undo+1","Sweeping Beam+1","Ball Lightning+1","Creative AI","Stack","Reinforced Body","Cold Snap","Barrage","Enlightenment","Steam","Skim+1","Discovery+1"],"special_seed":17802,"relics":["Cracked Core","Nunchaku","Potion Belt","Lantern","Happy Flower","Mercury Hourglass","Orrery","MutagenicStrength","Dream Catcher","Mango","Blood Vial","Pocketwatch","Sozu","Tiny Chest","Art of War","Juzu Bracelet"],"potions_floor_usage":[50,50,50,50],"damage_taken":[{"damage":0.0,"enemies":"Jaw Worm","floor":1.0,"turns":3.0},{"damage":0.0,"enemies":"Cultist","floor":3.0,"turns":3.0},{"damage":0.0,"enemies":"Small Slimes","floor":4.0,"turns":2.0},{"damage":0.0,"enemies":"Exordium Wildlife","floor":5.0,"turns":3.0},{"damage":0.0,"enemies":"Lagavulin","floor":6.0,"turns":6.0},{"damage":0.0,"enemies":"2 Fungi Beasts","floor":8.0,"turns":3.0},{"damage":8.0,"enemies":"3 Sentries","floor":10.0,"turns":7.0},{"damage":0.0,"enemies":"Red Slaver","floor":11.0,"turns":2.0},{"damage":0.0,"enemies":"Lagavulin","floor":13.0,"turns":2.0},{"damage":0.0,"enemies":"Exordium Wildlife","floor":14.0,"turns":2.0},{"damage":1.0,"enemies":"The Guardian","floor":16.0,"turns":11.0},{"damage":0.0,"enemies":"Spheric Guardian","floor":18.0,"turns":4.0},{"damage":0.0,"enemies":"3 Byrds","floor":19.0,"turns":3.0},{"damage":0.0,"enemies":"Sentry and Sphere","floor":20.0,"turns":5.0},{"damage":0.0,"enemies":"Snecko","floor":22.0,"turns":4.0},{"damage":0.0,"enemies":"Gremlin Leader","floor":23.0,"turns":3.0},{"damage":0.0,"enemies":"Cultist and Chosen","floor":27.0,"turns":3.0},{"damage":0.0,"enemies":"Snake Plant","floor":30.0,"turns":5.0},{"damage":22.0,"enemies":"Slavers","floor":31.0,"turns":3.0},{"damage":0.0,"enemies":"Champ","floor":33.0,"turns":9.0},{"damage":0.0,"enemies":"Orb Walker","floor":35.0,"turns":3.0},{"damage":0.0,"enemies":"3 Shapes","floor":36.0,"turns":3.0},{"damage":0.0,"enemies":"Maw","floor":37.0,"turns":6.0},{"damage":0.0,"enemies":"Transient","floor":38.0,"turns":5.0},{"damage":5.0,"enemies":"Jaw Worm Horde","floor":39.0,"turns":4.0},{"damage":0.0,"enemies":"Nemesis","floor":40.0,"turns":7.0},{"damage":0.0,"enemies":"Maw","floor":41.0,"turns":6.0},{"damage":0.0,"enemies":"Transient","floor":42.0,"turns":5.0},{"damage":0.0,"enemies":"Jaw Worm Horde","floor":45.0,"turns":5.0},{"damage":0.0,"enemies":"Giant Head","floor":47.0,"turns":9.0},{"damage":0,"enemies":"Awakened One","floor":50,"turns":11}],"seed_played":"-59996080173849364","potions_obtained":[{"floor":1.0,"key":"Strength Potion"},{"floor":4.0,"key":"AttackPotion"},{"floor":10.0,"key":"Regen Potion"},{"floor":11.0,"key":"Energy Potion"},{"floor":16.0,"key":"FearPotion"},{"floor":18.0,"key":"SpeedPotion"},{"floor":20.0,"key":"PowerPotion"},{"floor":23.0,"key":"LiquidBronze"},{"floor":27.0,"key":"Poison Potion"},{"floor":31.0,"key":"Block Potion"}],"is_trial":false,"path_per_floor":["M","?","M","M","M","E","R","M","T","E","M","R","E","M","R","B",null,"M","M","M","?","M","E","?","$","T","M","?","$","M","E","R","B",null,"M","M","M","M","M","E","M","M","T","$","M","?","E","?","R","B"],"character_chosen":"DEFECT","items_purchased":["Force Field","Go for the Eyes","Mango","PowerPotion","Stack","Stack","Reinforced Body","Cold Snap","Barrage","Enlightenment"],"campfire_rested":0,"item_purchase_floors":[25,25,25,25,29,44,44,44,44,44],"current_hp_per_floor":[73,72,71,70,69,68,67,66,65,57,57,57,57,57,57,56,57,56,55,54,53,52,51,50,63,62,61,60,59,58,36,36,38,54,53,52,51,50,49,48,47,46,45,44,43,42,41,40,39,38],"gold":120,"neow_bonus":"","is_prod":false,"is_daily":true,"chose_seed":false,"campfire_upgraded":5,"win_rate":0,"timestamp":1538137819,"path_taken":["M","?","M","M","M","E","R","M","T","E","M","R","E","?","R","BOSS","M","?","M","?","M","E","?","?","T","M","?","?","M","E","R","BOSS","M","M","?","M","M","E","M","M","T","$","M","?","E","?","R","BOSS"],"build_version":"2018-09-27","purchased_purges":0,"victory":true,"max_hp_per_floor":[73,72,71,70,69,68,67,66,65,64,63,62,61,60,59,58,57,56,55,54,53,52,51,50,63,62,61,60,59,58,57,56,55,54,53,52,51,50,49,48,47,46,45,44,43,42,41,40,39,38],"card_choices":[{"not_picked":["Steam Power","Chaos"],"picked":"Beam Cell","floor":1.0},{"not_picked":["Turbo","Chaos"],"picked":"Ball Lightning","floor":3.0},{"not_picked":["Double Energy","Steam"],"picked":"Rip and Tear","floor":4.0},{"not_picked":["Beam Cell","Cold Snap"],"picked":"Glacier","floor":5.0},{"not_picked":["Redo","Rebound"],"picked":"Heatsinks","floor":6.0},{"not_picked":["Darkness","Melter"],"picked":"Sunder","floor":8.0},{"not_picked":["Auto Shields","BootSequence"],"picked":"Ball Lightning","floor":10.0},{"not_picked":["Recycle","Ball Lightning"],"picked":"Compile Driver","floor":11.0},{"not_picked":["Steam","Hello World"],"picked":"Creative AI","floor":13.0},{"not_picked":["Compile Driver","Barrage"],"picked":"Leap","floor":14.0},{"not_picked":["Machine Learning","Echo Form"],"picked":"Seek","floor":16.0},{"not_picked":["Compile Driver","Darkness"],"picked":"White Noise","floor":17.0},{"not_picked":["Melter","Double Energy"],"picked":"Sweeping Beam","floor":17.0},{"not_picked":["Beam Cell","Melter"],"picked":"Compile Driver","floor":17.0},{"not_picked":["Turbo","Compile Driver"],"picked":"Storm","floor":17.0},{"not_picked":["Self Repair","Rebound"],"picked":"Hologram","floor":17.0},{"not_picked":["Darkness+1","Go for the Eyes"],"picked":"FTL+1","floor":18.0},{"not_picked":["Gash+1","Reprogram"],"picked":"Ball Lightning+1","floor":19.0},{"not_picked":["Cold Snap","Rip and Tear"],"picked":"Reinforced Body","floor":20.0},{"not_picked":["Compile Driver","Reprogram"],"picked":"Buffer","floor":22.0},{"not_picked":["Recycle","Gash"],"picked":"Ball Lightning+1","floor":23.0},{"not_picked":["Reprogram","Barrage"],"picked":"Force Field","floor":27.0},{"not_picked":["Coolheaded+1","Sunder"],"picked":"Skim+1","floor":30.0},{"not_picked":["Chaos+1","Recycle"],"picked":"Leap+1","floor":31.0},{"not_picked":["Amplify","Electrodynamics"],"picked":"Thunder Strike","floor":33.0},{"not_picked":["Scrape+1","Go for the Eyes"],"picked":"Aggregate","floor":35.0},{"not_picked":["Tempest+1","Leap+1"],"picked":"Turbo+1","floor":36.0},{"not_picked":["Auto Shields","Reprogram"],"picked":"Conserve Battery","floor":37.0},{"not_picked":["Coolheaded","Ball Lightning"],"picked":"White Noise","floor":38.0},{"not_picked":["Beam Cell","Cold Snap"],"picked":"Undo+1","floor":39.0},{"not_picked":["Compile Driver+1","Multi-Cast"],"picked":"Sweeping Beam+1","floor":40.0},{"not_picked":["Redo","Cold Snap+1"],"picked":"Ball Lightning+1","floor":41.0},{"not_picked":["Rebound+1","Ball Lightning+1"],"picked":"Creative AI","floor":42.0},{"not_picked":["Gash+1","Compile Driver+1"],"picked":"Steam","floor":45.0},{"not_picked":["Blizzard","Rebound+1"],"picked":"Skim+1","floor":47.0},{"not_picked":["Secret Weapon","Good Instincts"],"picked":"Discovery","floor":48.0}],"player_experience":383729,"relics_obtained":[{"floor":6.0,"key":"Potion Belt"},{"floor":9.0,"key":"Lantern"},{"floor":10.0,"key":"Happy Flower"},{"floor":13.0,"key":"Mercury Hourglass"},{"floor":23.0,"key":"Dream Catcher"},{"floor":26.0,"key":"Blood Vial"},{"floor":31.0,"key":"Pocketwatch"},{"floor":40.0,"key":"Tiny Chest"},{"floor":43.0,"key":"Art of War"},{"floor":47.0,"key":"Juzu Bracelet"}],"event_choices":[{"event_name":"Living Wall","player_choice":"Grow","floor":2.0,"damage_taken":0.0},{"event_name":"Drug Dealer","player_choice":"Inject Mutagens","floor":21.0,"damage_taken":0.0},{"event_name":"Transmorgrifier","player_choice":"Transform","floor":24.0,"damage_taken":0.0},{"event_name":"Upgrade Shrine","player_choice":"Upgraded","floor":28.0,"damage_taken":0.0},{"event_name":"Falling","player_choice":"Removed Attack","floor":46.0,"damage_taken":0.0},{"event_name":"SensoryStone","player_choice":"Memory 1","floor":48.0,"damage_taken":0.0}],"is_beta":true,"boss_relics":[{"not_picked":["Pandora\u0027s Box","Velvet Choker"],"picked":"Orrery"},{"not_picked":["Runic Pyramid","Empty Cage"],"picked":"Sozu"}],"items_purged_floors":[],"is_endless":false,"potions_floor_spawned":[1,4,10,11,16,18,20,23,27,31,37,38,39,41,42,47],"ascension_level":0}