{"gold_per_floor":[117,130,150,150,169,169,185,199,199,224,240,165,184,5,5,106,106,123,140,171,95,95,95],"floor_reached":23,"playtime":5712,"items_purged":["Strike_B","Strike_B"],"score":283,"play_id":"7447e85c-770e-4cb6-92a6-8fb7e2e267f0","local_time":"20180929121315","is_ascension_mode":true,"campfire_choices":[{"data":"Zap","floor":6,"key":"SMITH"},{"floor":15,"key":"REST"}],"neow_cost":"NONE","seed_source_timestamp":300039044819329,"circlet_count":0,"master_deck":["Strike_B","Strike_B","Defend_B","Defend_B+1","Defend_B","Defend_B","Zap+1","Dualcast+1","Conserve Battery","Ball Lightning","BootSequence","Coolheaded","Echo Form","White Noise","Glacier","Genetic Algorithm","Hologram","Ball Lightning","FTL","Electrodynamics","Leap+1","Conserve Battery","Consume"],"relics":["Cracked Core","Shuriken","War Paint","Velvet Choker","Red Mask","MutagenicStrength"],"potions_floor_usage":[5,10,16,18,20,20],"damage_taken":[{"damage":0,"enemies":"Cultist","floor":1,"turns":4},{"damage":12,"enemies":"Jaw Worm","floor":2,"turns":2},{"damage":2,"enemies":"Small Slimes","floor":3,"turns":2},{"damage":1,"enemies":"Exordium Wildlife","floor":5,"turns":5},{"damage":8,"enemies":"3 Louse","floor":7,"turns":3},{"damage":0,"enemies":"Large Slime","floor":8,"turns":4},{"damage":13,"enemies":"Gremlin Nob","floor":10,"turns":4},{"damage":0,"enemies":"Blue Slaver","floor":11,"turns":2},{"damage":0,"enemies":"Exordium Wildlife","floor":13,"turns":5},{"damage":7,"enemies":"Hexaghost","floor":16,"turns":7},{"damage":29,"enemies":"Chosen","floor":18,"turns":6},{"damage":0,"enemies":"Shell Parasite","floor":19,"turns":7},{"damage":0,"enemies":"Masked Bandits","floor":20,"turns":3},{"damage":41,"enemies":"Gremlin Leader","floor":23,"turns":4}],"seed_played":"7807256008625302749","potions_obtained":[{"floor":2,"key":"AttackPotion"},{"floor":3,"key":"Strength Potion"},{"floor":11,"key":"SpeedPotion"},{"floor":13,"key":"Energy Potion"},{"floor":18,"key":"SkillPotion"},{"floor":19,"key":"FocusPotion"}],"is_trial":false,"path_per_floor":["M","M","M","?","M","R","M","M","T","E","M","$","M","$","R","B",null,"M","M","?","$","?"],"character_chosen":"DEFECT","items_purchased":["FTL","Consume"],"campfire_rested":1,"item_purchase_floors":[14,21],"current_hp_per_floor":[68,56,54,54,53,53,45,45,45,32,32,32,32,32,54,47,68,39,39,39,39,39,0],"gold":95,"neow_bonus":"THREE_CARDS","is_prod":false,"is_daily":false,"chose_seed":false,"campfire_upgraded":1,"win_rate":0,"timestamp":1538241195,"path_taken":["M","M","M","?","M","R","?","?","T","E","M","?","M","$","R","BOSS","M","M","?","$","?","E"],"build_version":"2018-09-27","purchased_purges":2,"victory":false,"max_hp_per_floor":[75,75,75,75,75,75,75,75,75,75,75,75,75,75,75,75,75,75,75,75,75,75,75],"card_choices":[{"not_picked":["Static Discharge","Barrage"],"picked":"Conserve Battery","floor":0},{"not_picked":["Storm","Static Discharge"],"picked":"Ball Lightning","floor":1},{"not_picked":["Barrage","Scrape"],"picked":"BootSequence","floor":2},{"not_picked":["Go for the Eyes","Gash"],"picked":"Coolheaded","floor":3},{"not_picked":["Barrage","Gash"],"picked":"Echo Form","floor":5},{"not_picked":["Streamline","Coolheaded"],"picked":"White Noise","floor":7},{"not_picked":["Turbo","Cold Snap"],"picked":"Glacier","floor":8},{"not_picked":["Compile Driver","Recycle"],"picked":"Genetic Algorithm","floor":10},{"not_picked":["Redo","Barrage"],"picked":"Hologram","floor":11},{"not_picked":["Barrage","Static Discharge"],"picked":"Ball Lightning","floor":13},{"not_picked":["Amplify","Seek"],"picked":"Electrodynamics","floor":16},{"not_picked":["Genetic Algorithm","Force Field"],"picked":"Leap+1","floor":18},{"not_picked":["Gash+1","Beam Cell","Compile Driver"],"picked":"SKIP","floor":19},{"not_picked":["Turbo+1","Go for the Eyes+1"],"picked":"Conserve Battery","floor":20}],"player_experience":662676,"relics_obtained":[{"floor":9,"key":"Shuriken"},{"floor":10,"key":"War Paint"},{"floor":20,"key":"Red Mask"}],"event_choices":[{"event_name":"Liars Game","player_choice":"disagreed","floor":4,"damage_taken":0},{"event_name":"Masked Bandits","player_choice":"Fought Bandits","floor":20,"damage_taken":0},{"event_name":"Drug Dealer","player_choice":"Inject Mutagens","floor":22,"damage_taken":0}],"is_beta":false,"boss_relics":[{"not_picked":["FrozenCore","Runic Pyramid"],"picked":"Velvet Choker"}],"items_purged_floors":[12,14],"is_endless":false,"potions_floor_spawned":[2,3,11,13,18,19],"killed_by":"Gremlin Leader","ascension_level":9}