{"gold_per_floor":[99,99,99,99,99,99,99,99,99,84,84,84,84,84,84,84,84,39,39,39,39,39,39,39,39,39,39,39,39,39,39,39,39,39,39,39,39,39,39,39,39,39,39,39,39,39,39,39,39,39],"floor_reached":51,"playtime":9645,"items_purged":[],"score":1165,"play_id":"11dfc1be-9988-466a-bd71-3c4d8338e8f2","local_time":"20180930114234","is_ascension_mode":true,"campfire_choices":[{"data":"Zap","floor":7,"key":"SMITH"},{"data":"Dualcast","floor":13,"key":"SMITH"},{"data":"Self Repair","floor":15,"key":"SMITH"},{"data":"Seek","floor":24,"key":"SMITH"},{"data":"Doom and Gloom","floor":30,"key":"SMITH"},{"data":"Conserve Battery","floor":32,"key":"SMITH"},{"data":"Multi-Cast","floor":40,"key":"SMITH"},{"data":"Lockon","floor":49,"key":"SMITH"}],"neow_cost":"NONE","seed_source_timestamp":427855982502120,"circlet_count":0,"master_deck":["Zap+1","Dualcast+1","Ball Lightning","Cold Snap","Conserve Battery+1","Core Surge","Core Surge","Seek+1","Doom and Gloom+1","Leap","Creative AI","Double Energy","FTL","Biased Cognition","Redo+1","Leap","Defragment+1","Multi-Cast+1","Barrage","Self Repair","Ball Lightning","Lockon+1","Coolheaded","Streamline","Blizzard","Coolheaded","Rebound+1","Undo+1","Stack+1","Leap+1","Defragment+1","Undo"],"relics":["Ectoplasm","Bag of Preparation","Centennial Puzzle","Regal Pillow","Oddly Smooth Stone","Bronze Scales","Art of War","Coffee Dripper","Ornamental Fan","MawBank","Sundial","Vajra","Singing Bowl","Strawberry","Pandora\u0027s Box","Anchor","Pear","StoneCalendar","Orichalcum"],"potions_floor_usage":[6,11,11,14,31,31,31,33,33,35,42,48,50,50,50],"damage_taken":[{"damage":3,"enemies":"Small Slimes","floor":1,"turns":3},{"damage":1,"enemies":"Cultist","floor":3,"turns":3},{"damage":2,"enemies":"Jaw Worm","floor":5,"turns":2},{"damage":8,"enemies":"3 Sentries","floor":6,"turns":6},{"damage":6,"enemies":"3 Louse","floor":8,"turns":2},{"damage":3,"enemies":"Looter","floor":10,"turns":2},{"damage":2,"enemies":"Gremlin Nob","floor":11,"turns":3},{"damage":0,"enemies":"3 Sentries","floor":14,"turns":4},{"damage":16,"enemies":"Slime Boss","floor":16,"turns":8},{"damage":8,"enemies":"2 Thieves","floor":18,"turns":4},{"damage":3,"enemies":"Spheric Guardian","floor":19,"turns":3},{"damage":4,"enemies":"Chosen and Byrds","floor":20,"turns":3},{"damage":2,"enemies":"Cultist and Chosen","floor":21,"turns":4},{"damage":9,"enemies":"Centurion and Healer","floor":22,"turns":6},{"damage":18,"enemies":"Book of Stabbing","floor":23,"turns":5},{"damage":21,"enemies":"Slavers","floor":25,"turns":5},{"damage":10,"enemies":"Gremlin Leader","floor":27,"turns":6},{"damage":16,"enemies":"Snake Plant","floor":29,"turns":3},{"damage":15,"enemies":"Book of Stabbing","floor":31,"turns":5},{"damage":34,"enemies":"Collector","floor":33,"turns":12},{"damage":21,"enemies":"3 Darklings","floor":35,"turns":4},{"damage":12,"enemies":"Orb Walker","floor":36,"turns":2},{"damage":3,"enemies":"4 Shapes","floor":37,"turns":5},{"damage":0,"enemies":"Sphere and 2 Shapes","floor":38,"turns":3},{"damage":1,"enemies":"Spire Growth","floor":39,"turns":4},{"damage":0,"enemies":"Reptomancer","floor":41,"turns":5},{"damage":11,"enemies":"Nemesis","floor":42,"turns":5},{"damage":11,"enemies":"Maw","floor":44,"turns":5},{"damage":32,"enemies":"Mysterious Sphere","floor":47,"turns":4},{"damage":50,"enemies":"Giant Head","floor":48,"turns":9},{"damage":29,"enemies":"Donu and Deca","floor":50,"turns":9}],"seed_played":"4498294884867916875","potions_obtained":[{"floor":3,"key":"AttackPotion"},{"floor":6,"key":"AttackPotion"},{"floor":8,"key":"Energy Potion"},{"floor":11,"key":"SkillPotion"},{"floor":19,"key":"Regen Potion"},{"floor":25,"key":"GamblersBrew"},{"floor":27,"key":"EntropicBrew"},{"floor":33,"key":"PowerPotion"},{"floor":37,"key":"Ancient Potion"},{"floor":39,"key":"PowerPotion"},{"floor":41,"key":"Weak Potion"},{"floor":47,"key":"EntropicBrew"}],"is_trial":false,"path_per_floor":["M","?","M","?","M","E","R","M","T","M","E","?","R","E","R","B",null,"M","M","M","M","M","E","R","E","T","E","T","M","R","E","R","B",null,"M","M","M","M","M","R","M","E","T","M","$","?","?","E","R","B"],"character_chosen":"DEFECT","items_purchased":[],"campfire_rested":0,"item_purchase_floors":[],"current_hp_per_floor":[65,65,64,61,59,51,51,45,45,42,40,40,40,40,40,34,65,67,74,70,75,75,67,67,46,46,46,46,40,40,51,51,27,68,64,64,80,86,88,88,90,90,100,100,100,100,75,32,32,3],"gold":39,"neow_bonus":"BOSS_RELIC","is_prod":false,"is_daily":false,"chose_seed":false,"campfire_upgraded":8,"win_rate":0,"timestamp":1538325754,"path_taken":["M","?","M","?","M","E","R","M","T","M","E","?","R","E","R","BOSS","M","M","M","M","M","E","R","E","T","E","?","M","R","E","R","BOSS","M","M","M","M","?","R","M","E","T","M","?","?","?","E","R","BOSS"],"build_version":"2018-09-27","purchased_purges":0,"victory":true,"max_hp_per_floor":[75,75,75,75,75,75,75,75,75,75,75,75,75,75,75,75,75,75,75,75,75,75,75,75,75,75,75,75,75,75,82,82,82,82,82,84,86,86,88,88,90,90,100,100,100,100,100,100,100,100],"card_choices":[{"not_picked":["Cold Snap","Barrage"],"picked":"Auto Shields","floor":1},{"not_picked":["Barrage","Gash"],"picked":"Ball Lightning","floor":3},{"not_picked":["Compile Driver","Scrape"],"picked":"Cold Snap","floor":5},{"not_picked":["Static Discharge","Turbo"],"picked":"Conserve Battery","floor":6},{"not_picked":["Rip and Tear","Coolheaded"],"picked":"Core Surge","floor":8},{"not_picked":["Beam Cell","Gash","Rebound"],"picked":"SKIP","floor":10},{"not_picked":["Machine Learning","FTL"],"picked":"Core Surge","floor":11},{"not_picked":["Compile Driver","Double Energy"],"picked":"Self Repair","floor":14},{"not_picked":["Thunder Strike","Rainbow"],"picked":"Seek","floor":16},{"not_picked":["Coolheaded+1","Sweeping Beam"],"picked":"Doom and Gloom","floor":18},{"not_picked":["Barrage","Redo","Hello World"],"picked":"SKIP","floor":19},{"not_picked":["Steam","Ball Lightning"],"picked":"Leap","floor":20},{"not_picked":["Redo","Cold Snap"],"picked":"Creative AI","floor":21},{"not_picked":["Skim","Reprogram"],"picked":"Double Energy","floor":22},{"not_picked":["White Noise","Hologram"],"picked":"FTL","floor":23},{"not_picked":["Go for the Eyes","Doom and Gloom"],"picked":"Biased Cognition","floor":25},{"not_picked":["Genetic Algorithm+1","Hello World"],"picked":"Redo+1","floor":27},{"not_picked":["Rebound+1","Steam"],"picked":"Leap","floor":29},{"not_picked":["Coolheaded","BootSequence+1"],"picked":"Defragment+1","floor":31},{"not_picked":["All For One","Meteor Strike"],"picked":"Multi-Cast","floor":33},{"not_picked":["Self Repair","Barrage"],"picked":"Rebound+1","floor":35},{"not_picked":["Rebound","Go for the Eyes+1","Conserve Battery"],"picked":"Singing Bowl","floor":36},{"not_picked":["Static Discharge","Gash","Rebound"],"picked":"Singing Bowl","floor":37},{"not_picked":["Turbo+1","Melter+1"],"picked":"Undo+1","floor":38},{"not_picked":["Steam Power","Compile Driver+1","Conserve Battery"],"picked":"Singing Bowl","floor":39},{"not_picked":["Compile Driver","Cold Snap","Barrage"],"picked":"Singing Bowl","floor":41},{"not_picked":["Core Surge","Barrage+1"],"picked":"Stack+1","floor":42},{"not_picked":["Chaos","Loop"],"picked":"Leap+1","floor":44},{"not_picked":["Ball Lightning","Turbo+1"],"picked":"Defragment+1","floor":47},{"not_picked":["Conserve Battery","Coolheaded+1"],"picked":"Undo","floor":48}],"player_experience":707102,"relics_obtained":[{"floor":6,"key":"Regal Pillow"},{"floor":9,"key":"Oddly Smooth Stone"},{"floor":11,"key":"Bronze Scales"},{"floor":14,"key":"Art of War"},{"floor":23,"key":"Ornamental Fan"},{"floor":25,"key":"MawBank"},{"floor":26,"key":"Sundial"},{"floor":27,"key":"Vajra"},{"floor":28,"key":"Singing Bowl"},{"floor":31,"key":"Strawberry"},{"floor":42,"key":"Anchor"},{"floor":43,"key":"Pear"},{"floor":47,"key":"StoneCalendar"},{"floor":48,"key":"Orichalcum"}],"event_choices":[{"event_name":"WeMeetAgain","player_choice":"Card","floor":2,"damage_taken":0},{"event_name":"Scrap Ooze","player_choice":"success","floor":4,"damage_taken":3},{"event_name":"Liars Game","player_choice":"disagreed","floor":12,"damage_taken":0},{"event_name":"Falling","player_choice":"Removed Power","floor":46,"damage_taken":0},{"event_name":"Mysterious Sphere","player_choice":"Fight","floor":47,"damage_taken":0}],"is_beta":false,"boss_relics":[{"not_picked":["Cursed Key","Velvet Choker"],"picked":"Coffee Dripper"},{"not_picked":["Fusion Hammer","Black Star"],"picked":"Pandora\u0027s Box"}],"items_purged_floors":[],"is_endless":false,"potions_floor_spawned":[3,6,8,11,19,25,27,29,31,33,37,39,41,47],"ascension_level":9}