{"gold_per_floor":[119,131,144,43,43,71,71,21,21,21,44,44,44,62,62,167,217,231,231,242,342,257,257,270,286,363,363,363,388,398,412,412,512,512,526,0,0,11,29,29,29,59,113,113,113,161,261,291,303,315],"floor_reached":50,"playtime":5500,"items_purged":["Defend_R","Defend_R"],"score":641,"play_id":"12447a8b-672b-4176-b35f-531945c5eb8e","local_time":"20190426224527","is_ascension_mode":false,"campfire_choices":[{"data":"True Grit","floor":10,"key":"SMITH"},{"data":"Iron Wave","floor":12,"key":"SMITH"},{"data":"Bash","floor":15,"key":"SMITH"},{"data":"1","floor":23,"key":"LIFT"},{"data":"2","floor":28,"key":"LIFT"},{"floor":32,"key":"REST"},{"floor":40,"key":"REST"},{"data":"3","floor":41,"key":"LIFT"},{"floor":49,"key":"REST"}],"neow_cost":"NONE","seed_source_timestamp":552164356005087,"circlet_count":0,"master_deck":["Strike_R","Strike_R","Strike_R","Bash+1","Bludgeon+1","Iron Wave+1","Clash+1","True Grit+1","Armaments+1","Clash","Clash","Offering","Pommel Strike","Iron Wave","Sever Soul+1","Dual Wield","Brutality+1","True Grit+1","Warcry+1","Feed+1","Second Wind+1","Mayhem+1","Clash+1","Clash+1","Panacea+1","Infernal Blade+1"],"relics":["Burning Blood","WingedGreaves","Letter Opener","Odd Mushroom","Tiny House","Girya","Frozen Egg 2","Centennial Puzzle","Toxic Egg 2","Darkstone Periapt","Red Skull","Empty Cage","Shuriken","Question Card","Bronze Scales","Pocketwatch","MawBank"],"potions_floor_usage":[21,35,42,46,50],"damage_taken":[{"damage":0,"enemies":"2 Louse","floor":1,"turns":2},{"damage":5,"enemies":"Small Slimes","floor":2,"turns":2},{"damage":0,"enemies":"Cultist","floor":3,"turns":2},{"damage":10,"enemies":"Gremlin Nob","floor":6,"turns":4},{"damage":5,"enemies":"The Mushroom Lair","floor":11,"turns":4},{"damage":2,"enemies":"Exordium Wildlife","floor":14,"turns":4},{"damage":45,"enemies":"Slime Boss","floor":16,"turns":11},{"damage":13,"enemies":"2 Thieves","floor":18,"turns":3},{"damage":6,"enemies":"Spheric Guardian","floor":20,"turns":3},{"damage":8,"enemies":"Colosseum Slavers","floor":21,"turns":4},{"damage":13,"enemies":"Colosseum Nobs","floor":21,"turns":3},{"damage":4,"enemies":"Shelled Parasite and Fungi","floor":24,"turns":4},{"damage":6,"enemies":"Centurion and Healer","floor":25,"turns":3},{"damage":14,"enemies":"Book of Stabbing","floor":29,"turns":3},{"damage":2,"enemies":"Snecko","floor":30,"turns":3},{"damage":9,"enemies":"Chosen and Byrds","floor":31,"turns":3},{"damage":40,"enemies":"Collector","floor":33,"turns":4},{"damage":19,"enemies":"Orb Walker","floor":35,"turns":4},{"damage":2,"enemies":"3 Darklings","floor":38,"turns":3},{"damage":35,"enemies":"Spire Growth","floor":39,"turns":3},{"damage":7,"enemies":"Reptomancer","floor":42,"turns":2},{"damage":17,"enemies":"2 Orb Walkers","floor":46,"turns":2},{"damage":12,"enemies":"Nemesis","floor":48,"turns":3},{"damage":105,"enemies":"Awakened One","floor":50,"turns":7}],"seed_played":"4741381245837582249","potions_obtained":[{"floor":3,"key":"Poison Potion"},{"floor":6,"key":"GamblersBrew"},{"floor":11,"key":"Explosive Potion"},{"floor":14,"key":"Block Potion"},{"floor":21,"key":"EssenceOfSteel"},{"floor":35,"key":"BloodPotion"},{"floor":38,"key":"Strength Potion"},{"floor":39,"key":"AttackPotion"}],"is_trial":false,"path_per_floor":["M","M","M","$","?","E","?","?","T","R","?","R","$","M","R","B",null,"M","?","M","?","?","R","M","M","T","T","R","E","M","M","R","B",null,"M","$","?","M","M","R","R","E","T","?","?","?","?","E","R","B"],"character_chosen":"IRONCLAD","items_purchased":["Armaments","Mayhem+1","Shuriken"],"campfire_rested":3,"item_purchase_floors":[4,36,36],"current_hp_per_floor":[80,80,80,80,80,76,76,76,76,76,77,77,77,80,80,41,85,78,78,78,69,69,69,71,71,71,71,71,63,67,64,85,51,85,75,75,75,83,54,81,81,80,80,80,80,82,82,76,96,0],"gold":315,"neow_bonus":"ONE_RANDOM_RARE_CARD","is_prod":false,"is_daily":false,"chose_seed":false,"campfire_upgraded":3,"win_rate":0,"timestamp":1556336727,"path_taken":["M","M","M","$","?","E","?","?","T","R","?","R","?","M","R","BOSS","M","?","?","?","?","R","M","M","T","?","R","E","M","M","R","BOSS","M","$","?","M","?","R","R","E","T","?","?","?","?","E","R","BOSS"],"build_version":"2019-01-23","purchased_purges":2,"victory":false,"max_hp_per_floor":[80,80,80,80,80,80,80,80,80,80,80,80,80,80,80,80,85,85,85,85,85,85,85,85,85,85,85,85,85,85,85,85,85,85,88,88,88,92,92,92,92,92,92,92,92,96,96,96,96,96],"card_choices":[{"not_picked":["Uppercut","Battle Trance"],"picked":"Iron Wave","floor":1},{"not_picked":["Metallicize","Pommel Strike"],"picked":"Clash","floor":2},{"not_picked":["Corruption","Hemokinesis"],"picked":"True Grit","floor":3},{"not_picked":["Cleave","Inflame"],"picked":"Clash","floor":6},{"not_picked":["Headbutt","Perfected Strike"],"picked":"Clash","floor":14},{"not_picked":["Dark Embrace","Immolate"],"picked":"Offering","floor":16},{"not_picked":["Rupture","True Grit"],"picked":"Pommel Strike","floor":17},{"not_picked":["Wild Strike+1","Shockwave","Pommel Strike"],"picked":"SKIP","floor":18},{"not_picked":["Thunderclap","Shrug It Off"],"picked":"Iron Wave","floor":20},{"not_picked":["Carnage","Cleave+1"],"picked":"Sever Soul+1","floor":21},{"not_picked":["Clothesline","Power Through"],"picked":"Dual Wield","floor":24},{"not_picked":["Hemokinesis","Shrug It Off","Heavy Blade"],"picked":"SKIP","floor":25},{"not_picked":["Havoc+1","Impervious+1"],"picked":"Brutality+1","floor":29},{"not_picked":["Corruption+1","Iron Wave"],"picked":"True Grit+1","floor":30},{"not_picked":["Cleave","Whirlwind"],"picked":"Warcry+1","floor":31},{"not_picked":["Juggernaut+1","Immolate"],"picked":"Feed","floor":33},{"not_picked":["Shockwave+1","Disarm+1"],"picked":"Second Wind+1","floor":35},{"not_picked":["Perfected Strike+1","Body Slam"],"picked":"Clash+1","floor":38},{"not_picked":["Warcry+1","Headbutt+1"],"picked":"Clash+1","floor":39},{"not_picked":["Power Through+1","Iron Wave","Whirlwind"],"picked":"SKIP","floor":42},{"not_picked":["Secret Technique+1","Impatience+1","Bandage Up+1"],"picked":"Panacea+1","floor":45},{"not_picked":["Twin Strike","Dropkick","Heavy Blade+1"],"picked":"Infernal Blade+1","floor":48}],"player_experience":69447,"relics_obtained":[{"floor":6,"key":"WingedGreaves"},{"floor":9,"key":"Letter Opener"},{"floor":11,"key":"Odd Mushroom"},{"floor":21,"key":"Girya"},{"floor":21,"key":"Frozen Egg 2"},{"floor":26,"key":"Toxic Egg 2"},{"floor":27,"key":"Darkstone Periapt"},{"floor":29,"key":"Red Skull"},{"floor":42,"key":"Question Card"},{"floor":43,"key":"Bronze Scales"},{"floor":46,"key":"Pocketwatch"},{"floor":48,"key":"MawBank"}],"event_choices":[{"damage_healed":0,"gold_gain":0,"player_choice":"Grow","damage_taken":0,"max_hp_gain":0,"max_hp_loss":0,"event_name":"Living Wall","floor":5,"gold_loss":0,"cards_upgraded":["Armaments"]},{"damage_healed":0,"gold_gain":0,"player_choice":"Ignored","damage_taken":0,"max_hp_gain":0,"max_hp_loss":0,"event_name":"Liars Game","floor":7,"gold_loss":0},{"cards_removed":["Defend_R"],"damage_healed":0,"gold_gain":0,"player_choice":"Card Removal","damage_taken":0,"max_hp_gain":0,"max_hp_loss":0,"event_name":"The Cleric","floor":8,"gold_loss":50},{"damage_healed":0,"gold_gain":0,"player_choice":"Fought Mushrooms","damage_taken":0,"max_hp_gain":0,"max_hp_loss":0,"event_name":"Mushrooms","floor":11,"gold_loss":0},{"damage_healed":0,"gold_gain":0,"player_choice":"Forge","damage_taken":0,"max_hp_gain":0,"max_hp_loss":0,"event_name":"Accursed Blacksmith","floor":19,"gold_loss":0,"cards_upgraded":["Clash"]},{"damage_healed":0,"gold_gain":0,"player_choice":"Fight","damage_taken":0,"max_hp_gain":0,"max_hp_loss":0,"event_name":"Colosseum","floor":21,"gold_loss":0},{"damage_healed":0,"gold_gain":0,"player_choice":"Fought Nobs","damage_taken":0,"max_hp_gain":0,"max_hp_loss":0,"event_name":"Colosseum","floor":21,"gold_loss":0},{"damage_healed":0,"gold_gain":0,"player_choice":"Obtained Relic","damage_taken":0,"relics_obtained":["Centennial Puzzle"],"max_hp_gain":0,"max_hp_loss":0,"event_name":"Addict","floor":22,"gold_loss":85},{"damage_healed":0,"gold_gain":0,"player_choice":"Upgraded","damage_taken":0,"max_hp_gain":0,"max_hp_loss":0,"event_name":"Upgrade Shrine","floor":37,"gold_loss":0,"cards_upgraded":["Feed"]},{"cards_removed":["Strike_R"],"damage_healed":0,"gold_gain":0,"player_choice":"Removed Attack","damage_taken":0,"max_hp_gain":0,"max_hp_loss":0,"event_name":"Falling","floor":44,"gold_loss":0},{"damage_healed":0,"gold_gain":0,"player_choice":"Memory 1","damage_taken":0,"max_hp_gain":0,"max_hp_loss":0,"event_name":"SensoryStone","floor":45,"gold_loss":0},{"damage_healed":0,"gold_gain":0,"player_choice":"Fight","damage_taken":0,"max_hp_gain":0,"max_hp_loss":0,"event_name":"Mysterious Sphere","floor":46,"gold_loss":0},{"damage_healed":0,"gold_gain":100,"player_choice":"Pray","damage_taken":0,"max_hp_gain":0,"max_hp_loss":0,"event_name":"Golden Shrine","floor":47,"gold_loss":0}],"is_beta":false,"boss_relics":[{"not_picked":["Ectoplasm","Coffee Dripper"],"picked":"Tiny House"},{"not_picked":["Black Star","Snecko Eye"],"picked":"Empty Cage"}],"items_purged_floors":[4,36],"is_endless":false,"potions_floor_spawned":[3,6,11,14,18,21,21,29,31,33,35,38,39],"killed_by":"Awakened One","ascension_level":0}