{"gold_per_floor":[109,109,284,34,47,47,78,78,78,91,113,141,216,246,246,343,343,360,360,46,46,65,65,95,95,95,124,155,197,219,249,261,374,386,409,52,0,11,23,23,23,40,40,50,78,78,110,130,130,130,130,130,14,49,49],"floor_reached":56,"playtime":7822,"items_purged":["Doubt"],"score":1365,"play_id":"f6d71058-7c46-40f3-8158-bde2ee7fa2b3","local_time":"20190812020843","is_ascension_mode":false,"campfire_choices":[{"data":"Deadly Poison","floor":6.0,"key":"SMITH"},{"data":"Blade Dance","floor":8.0,"key":"SMITH"},{"data":"Cloak And Dagger","floor":15.0,"key":"SMITH"},{"data":"Accuracy","floor":23.0,"key":"SMITH"},{"data":"Doppelganger","floor":25.0,"key":"SMITH"},{"data":"After Image","floor":32.0,"key":"SMITH"},{"floor":40,"key":"RECALL"},{"data":"Malaise","floor":46,"key":"SMITH"},{"data":"Panache","floor":49,"key":"SMITH"},{"data":"Blade Dance","floor":52,"key":"SMITH"}],"neow_cost":"NONE","seed_source_timestamp":0,"circlet_count":0,"master_deck":["Neutralize","Deadly Poison+1","Panache+1","Blade Dance+1","Cloak And Dagger+1","Blade Dance+1","Endless Agony","Bane","Poisoned Stab+1","After Image+1","Accuracy+1","Outmaneuver","Prepared","Bullet Time","Malaise+1","Endless Agony","Prepared","Dodge and Roll","Doppelganger+1","Caltrops","Sucker Punch","Bandage Up","Bouncing Flask","Footwork","Deadly Poison","Acrobatics","PiercingWail","Dagger Spray+1","Dodge and Roll","Night Terror","Noxious Fumes+1","Flying Knee+1","Violence","Panacea","Bane+1","Backflip","Infinite Blades","All Out Attack+1","Finisher+1","Cloak And Dagger","PiercingWail+1","Accuracy+1","Noxious Fumes","Escape Plan"],"special_seed":0,"relics":["Ring of the Serpent","NeowsBlessing","Happy Flower","Mummified Hand","Odd Mushroom","Bag of Marbles","Thread and Needle","Pandora\u0027s Box","Membership Card","FossilizedHelix","MawBank","Orichalcum","Juzu Bracelet","Question Card","Red Mask","Snake Skull","Whetstone","DollysMirror","Ornamental Fan"],"potions_floor_usage":[54,54,55,55],"damage_taken":[{"damage":0.0,"enemies":"Jaw Worm","floor":1.0,"turns":1.0},{"damage":0.0,"enemies":"Small Slimes","floor":5.0,"turns":1.0},{"damage":0.0,"enemies":"Gremlin Nob","floor":7.0,"turns":1.0},{"damage":0.0,"enemies":"2 Louse","floor":10.0,"turns":1.0},{"damage":0.0,"enemies":"The Mushroom Lair","floor":11.0,"turns":2.0},{"damage":17.0,"enemies":"Lagavulin","floor":12.0,"turns":6.0},{"damage":11.0,"enemies":"3 Sentries","floor":14.0,"turns":5.0},{"damage":0.0,"enemies":"Slime Boss","floor":16.0,"turns":7.0},{"damage":0.0,"enemies":"Shell Parasite","floor":18.0,"turns":3.0},{"damage":2.0,"enemies":"3 Byrds","floor":22.0,"turns":2.0},{"damage":6.0,"enemies":"Book of Stabbing","floor":24.0,"turns":4.0},{"damage":0.0,"enemies":"Cultist and Chosen","floor":27.0,"turns":4.0},{"damage":0.0,"enemies":"Centurion and Healer","floor":28.0,"turns":5.0},{"damage":16.0,"enemies":"Slavers","floor":29.0,"turns":5.0},{"damage":0.0,"enemies":"Shelled Parasite and Fungi","floor":30.0,"turns":4.0},{"damage":0.0,"enemies":"Snake Plant","floor":31.0,"turns":3.0},{"damage":25.0,"enemies":"Automaton","floor":33.0,"turns":9.0},{"damage":10,"enemies":"3 Shapes","floor":35,"turns":3},{"damage":0,"enemies":"Orb Walker","floor":38,"turns":4},{"damage":9,"enemies":"3 Darklings","floor":39,"turns":4},{"damage":0,"enemies":"4 Shapes","floor":42,"turns":5},{"damage":0,"enemies":"Writhing Mass","floor":44,"turns":6},{"damage":0,"enemies":"Nemesis","floor":45,"turns":7},{"damage":0,"enemies":"Giant Head","floor":47,"turns":6},{"damage":0,"enemies":"Transient","floor":48,"turns":5},{"damage":39,"enemies":"Time Eater","floor":50,"turns":9},{"damage":30,"enemies":"Shield and Spear","floor":54,"turns":5},{"damage":41,"enemies":"The Heart","floor":55,"turns":9}],"seed_played":"-2594488003981099479","potions_obtained":[{"floor":5.0,"key":"SkillPotion"},{"floor":7.0,"key":"Regen Potion"},{"floor":12.0,"key":"FearPotion"},{"floor":16.0,"key":"GhostInAJar"},{"floor":33.0,"key":"Dexterity Potion"},{"floor":35,"key":"LiquidBronze"},{"floor":39,"key":"Explosive Potion"},{"floor":54,"key":"LiquidBronze"}],"is_trial":false,"path_per_floor":["M","?","?","$","M","R","E","R","T","M","?","E","?","E","R","B",null,"M","?","$","?","M","R","E","R","T","M","M","E","M","M","R","B",null,"M","$","?","M","M","R","?","M","T","M","E","R","E","M","R","B",null,"R","$","E","B",null],"character_chosen":"THE_SILENT","items_purchased":["Panache","Membership Card","Bandage Up","Bouncing Flask","Footwork","Juzu Bracelet","Question Card","Flying Knee","Violence","Panacea","DollysMirror","Noxious Fumes"],"campfire_rested":0,"item_purchase_floors":[4,20,20,20,20,36,36,36,36,36,53,53],"current_hp_per_floor":[70,70,70,70,70,70,70,70,70,70,70,53,42,45,45,45,70,70,70,70,70,68,68,66,66,66,70,70,54,58,62,62,41,70,64,64,64,68,61,61,61,61,61,65,69,69,70,70,70,35,70,70,70,44,7],"gold":49,"neow_bonus":"THREE_ENEMY_KILL","is_prod":false,"is_daily":false,"chose_seed":false,"campfire_upgraded":9,"win_rate":0,"timestamp":1565590123,"path_taken":["M","?","?","$","M","R","E","R","T","M","?","E","?","E","R","BOSS","M","?","$","?","M","R","E","R","T","M","M","E","M","M","R","BOSS","M","$","?","M","M","R","?","M","T","M","E","R","E","M","R","BOSS","R","$","E","BOSS"],"build_version":"2019-07-17","purchased_purges":1,"victory":true,"max_hp_per_floor":[70,70,70,70,70,70,70,70,70,70,70,70,70,70,70,70,70,70,70,70,70,70,70,70,70,70,70,70,70,70,70,70,70,70,70,70,70,70,70,70,70,70,70,70,70,70,70,70,70,70,70,70,70,70,70],"card_choices":[{"not_picked":["Prepared","Blade Dance"],"picked":"Deadly Poison","floor":1.0},{"not_picked":["Backflip","Caltrops"],"picked":"Blade Dance","floor":5.0},{"not_picked":["Leg Sweep","Unload"],"picked":"Cloak And Dagger","floor":7.0},{"not_picked":["Tactician","Acrobatics"],"picked":"Blade Dance","floor":10.0},{"not_picked":["Prepared","Acrobatics"],"picked":"Endless Agony","floor":11.0},{"not_picked":["Poisoned Stab","Unload"],"picked":"Bane","floor":12.0},{"not_picked":["All Out Attack","Flying Knee"],"picked":"Poisoned Stab","floor":14.0},{"not_picked":["Burst","Tools of the Trade"],"picked":"After Image","floor":16.0},{"not_picked":["Caltrops","Underhanded Strike+1"],"picked":"Sucker Punch","floor":18.0},{"not_picked":["Acrobatics+1","Dagger Throw"],"picked":"Deadly Poison","floor":22.0},{"not_picked":["Dagger Throw","Choke","Unload"],"picked":"SKIP","floor":24.0},{"not_picked":["Sucker Punch","Deflect"],"picked":"Acrobatics","floor":27.0},{"not_picked":["Riddle With Holes","Caltrops","Slice"],"picked":"SKIP","floor":28.0},{"not_picked":["All Out Attack","Accuracy"],"picked":"PiercingWail","floor":29.0},{"not_picked":["Bouncing Flask","Choke"],"picked":"Dagger Spray+1","floor":30.0},{"not_picked":["Footwork","Prepared"],"picked":"Dodge and Roll","floor":31.0},{"not_picked":["Doppelganger","Tools of the Trade"],"picked":"Night Terror","floor":33.0},{"not_picked":["Escape Plan+1","Backflip+1"],"picked":"Noxious Fumes+1","floor":35},{"not_picked":["Slice","Endless Agony+1","Flying Knee+1"],"picked":"Bane+1","floor":38},{"not_picked":["Dash+1","Dagger Throw","Flechettes+1"],"picked":"Backflip","floor":39},{"not_picked":["Flechettes","Footwork+1","Backstab+1"],"picked":"Infinite Blades","floor":42},{"not_picked":["Blade Dance","Backflip","Dodge and Roll+1"],"picked":"All Out Attack+1","floor":44},{"not_picked":["Calculated Gamble","Dodge and Roll+1","Prepared"],"picked":"Finisher+1","floor":45},{"not_picked":["Blade Dance","Flechettes","Eviscerate"],"picked":"Cloak And Dagger","floor":47},{"not_picked":["Flying Knee","Outmaneuver","Slice"],"picked":"PiercingWail+1","floor":48},{"not_picked":["Flying Knee+1","Quick Slash","Glass Knife"],"picked":"Escape Plan","floor":54}],"player_experience":157770,"relics_obtained":[{"floor":7.0,"key":"Happy Flower"},{"floor":9.0,"key":"Mummified Hand"},{"floor":11.0,"key":"Odd Mushroom"},{"floor":12.0,"key":"Bag of Marbles"},{"floor":14.0,"key":"Thread and Needle"},{"floor":24.0,"key":"FossilizedHelix"},{"floor":26.0,"key":"MawBank"},{"floor":29.0,"key":"Orichalcum"},{"floor":45,"key":"Snake Skull"},{"floor":47,"key":"Whetstone"},{"floor":54,"key":"Ornamental Fan"}],"event_choices":[{"damage_healed":0.0,"max_hp_gain":0.0,"max_hp_loss":0.0,"gold_gain":0.0,"event_name":"The Cleric","player_choice":"Leave","floor":2.0,"gold_loss":0.0,"damage_taken":0.0},{"damage_healed":0.0,"max_hp_gain":0.0,"max_hp_loss":0.0,"gold_gain":175.0,"event_name":"Liars Game","player_choice":"AGREE","floor":3.0,"gold_loss":0.0,"damage_taken":0.0,"cards_obtained":["Doubt"]},{"damage_healed":0.0,"max_hp_gain":0.0,"max_hp_loss":0.0,"gold_gain":0.0,"event_name":"Mushrooms","player_choice":"Fought Mushrooms","floor":11.0,"gold_loss":0.0,"damage_taken":0.0},{"damage_healed":0.0,"max_hp_gain":0.0,"max_hp_loss":0.0,"gold_gain":75.0,"event_name":"World of Goop","player_choice":"Gather Gold","floor":13.0,"gold_loss":0.0,"damage_taken":11.0},{"damage_healed":0.0,"max_hp_gain":0.0,"max_hp_loss":0.0,"gold_gain":0.0,"event_name":"Beggar","player_choice":"Ignored","floor":19.0,"gold_loss":0.0,"damage_taken":0.0},{"damage_healed":0.0,"max_hp_gain":0.0,"max_hp_loss":0.0,"gold_gain":0.0,"event_name":"Ghosts","player_choice":"Ignored","floor":21.0,"gold_loss":0.0,"damage_taken":0.0},{"damage_healed":0,"gold_gain":0,"player_choice":"Paid","damage_taken":0,"relics_obtained":["Red Mask"],"max_hp_gain":0,"max_hp_loss":0,"event_name":"Tomb of Lord Red Mask","floor":37,"gold_loss":52},{"cards_removed":["Survivor"],"damage_healed":0,"gold_gain":0,"player_choice":"Removed Skill","damage_taken":0,"max_hp_gain":0,"max_hp_loss":0,"event_name":"Falling","floor":41,"gold_loss":0}],"is_beta":false,"boss_relics":[{"not_picked":["Fusion Hammer","Coffee Dripper"],"picked":"Pandora\u0027s Box"},{"not_picked":["Busted Crown","Astrolabe"],"picked":"Ring of the Serpent"}],"items_purged_floors":[4],"is_endless":false,"potions_floor_spawned":[5,7,12,16,18,24,33,35,39,42,45,54],"ascension_level":0}