{"gold_per_floor":[109,109,129,148,162,162,197,197],"floor_reached":8,"playtime":294,"items_purged":[],"score":116,"play_id":"535e113d-fdf1-41e5-9303-2f17a88d38b8","local_time":"20190925142045","is_ascension_mode":true,"campfire_choices":[{"floor":6,"key":"REST"}],"neow_cost":"NONE","seed_source_timestamp":742149856920700,"circlet_count":0,"master_deck":["AscendersBane","Strike_R","Strike_R","Strike_R","Strike_R","Strike_R","Defend_R","Defend_R","Defend_R","Defend_R","Bash","Headbutt","Shrug It Off","Fire Breathing","Anger"],"relics":["Burning Blood","Golden Idol","Girya"],"potions_floor_usage":[8],"damage_taken":[{"damage":19,"enemies":"Jaw Worm","floor":1,"turns":5},{"damage":7,"enemies":"Small Slimes","floor":3,"turns":4},{"damage":5,"enemies":"2 Louse","floor":4,"turns":5},{"damage":9,"enemies":"Blue Slaver","floor":5,"turns":6},{"damage":47,"enemies":"Lagavulin","floor":7,"turns":10},{"damage":17,"enemies":"Large Slime","floor":8,"turns":5}],"seed_played":"-3027651782162331243","potions_obtained":[{"floor":3,"key":"LiquidBronze"},{"floor":7,"key":"Swift Potion"}],"is_trial":false,"path_per_floor":["M","?","M","M","M","R","E","M"],"character_chosen":"IRONCLAD","items_purchased":[],"campfire_rested":1,"item_purchase_floors":[],"current_hp_per_floor":[55,29,28,29,26,48,7,0],"gold":197,"neow_bonus":"THREE_CARDS","is_prod":false,"is_daily":false,"chose_seed":false,"campfire_upgraded":0,"win_rate":0,"timestamp":1569446445,"path_taken":["M","?","M","M","M","R","E","M"],"build_version":"2019-09-25","purchased_purges":0,"victory":false,"max_hp_per_floor":[75,75,75,75,75,75,75,75],"card_choices":[{"not_picked":["Heavy Blade","Hemokinesis"],"picked":"Headbutt","floor":0},{"not_picked":["Sword Boomerang","Body Slam"],"picked":"Shrug It Off","floor":1},{"not_picked":["Hemokinesis","Sword Boomerang"],"picked":"Fire Breathing","floor":3},{"not_picked":["Cleave","Pommel Strike"],"picked":"Anger","floor":4},{"not_picked":["Cleave","Body Slam","Pommel Strike"],"picked":"SKIP","floor":5},{"not_picked":["Body Slam","Iron Wave","Rupture"],"picked":"SKIP","floor":7}],"player_experience":1034738,"relics_obtained":[{"floor":7,"key":"Girya"}],"event_choices":[{"damage_healed":0,"gold_gain":0,"player_choice":"Take Damage","damage_taken":26,"relics_obtained":["Golden Idol"],"max_hp_gain":0,"max_hp_loss":0,"event_name":"Golden Idol","floor":2,"gold_loss":0}],"is_beta":true,"boss_relics":[],"items_purged_floors":[],"is_endless":false,"potions_floor_spawned":[3,7],"killed_by":"Large Slime","ascension_level":20}