{"gold_per_floor":[114,129,144,159,174,204,219,234,234,264,279,294,294,309,309,409,409,424,424,429,444,459,474,489,504,504,534,549,564,594,75,75,205,205,220,220,18,18,33,63,63,78,78,93,108,123,73,88,88,88],"floor_reached":51,"playtime":1906,"items_purged":[],"score":1420,"play_id":"a71a05dc-2875-4376-ac69-9e1c6c1cf328","local_time":"20180710141417","daily_mods":["Diverse","Vintage","Hoarder"],"is_ascension_mode":false,"campfire_choices":[{"data":"Neutralize","floor":15,"key":"SMITH"},{"data":"Writhe","floor":32,"key":"PURGE"},{"data":"Writhe","floor":41,"key":"PURGE"},{"data":"Redo+1","floor":49,"key":"PURGE"}],"neow_cost":"","seed_source_timestamp":0,"circlet_count":0,"master_deck":["Defend_G","Defend_G+1","Defend_G","Defend_G","Defend_G","Strike_G+1","Strike_G","Strike_G+1","Strike_G+1","Survivor+1","Neutralize+1","Reinforced Body+1","Reinforced Body+1","Reinforced Body+1","Dagger Throw+1","Dagger Throw+1","Dagger Throw+1","Redo+1","Redo+1","Redo+1","Seek+1","Seek+1","Seek+1","Pain","Pain","Pain","Writhe","Writhe","Writhe","Writhe","Sword Boomerang+1","Sword Boomerang+1","Sword Boomerang+1","Fusion+1","Fusion+1","Fusion+1","Skewer+1","Skewer+1","Skewer+1","Seek+1","Seek+1","Seek+1","Glacier+1","Glacier+1","Glacier+1","Battle Trance+1","Battle Trance+1","Battle Trance+1","Dagger Throw+1","Dagger Throw+1","Dagger Throw+1","Redo+1","Redo+1","Expertise+1","Expertise+1","Expertise+1","Terror+1","Terror+1","Terror+1","Dagger Spray+1","Dagger Spray+1","Dagger Spray+1","Hologram+1","Hologram+1","Hologram+1"],"special_seed":17722,"relics":["Ring of the Snake","Smiling Mask","Lantern","Paper Crane","Toxic Egg 2","Happy Flower","War Paint","Dodecahedron","Molten Egg 2","Ninja Scroll","Regal Pillow","Du-Vu Doll","Blood Vial","Pantograph","The Specimen","Calling Bell","Snake Skull","Letter Opener","Peace Pipe","Vajra","Red Mask","Mercury Hourglass","Oddly Smooth Stone","Toolbox","Ornamental Fan","Ancient Tea Set","Gremlin Horn","Strawberry","Art of War","Boot","Sundial","Orichalcum","Frozen Egg 2","Tiny Chest","Orrery","Bag of Preparation","Ice Cream","Anchor","Kunai","Singing Bowl","Whetstone","Bag of Marbles","Potion Belt","Omamori","Dream Catcher"],"potions_floor_usage":[6,6,10,10,16,27,27,30,30,50,50,50,50],"damage_taken":[{"damage":2,"enemies":"Cultist","floor":1,"turns":4},{"damage":3,"enemies":"Small Slimes","floor":2,"turns":3},{"damage":0,"enemies":"Jaw Worm","floor":3,"turns":4},{"damage":2,"enemies":"Looter","floor":4,"turns":4},{"damage":1,"enemies":"3 Louse","floor":5,"turns":5},{"damage":16,"enemies":"3 Sentries","floor":6,"turns":10},{"damage":0,"enemies":"2 Fungi Beasts","floor":7,"turns":5},{"damage":0,"enemies":"Blue Slaver","floor":8,"turns":5},{"damage":21,"enemies":"Lagavulin","floor":10,"turns":12},{"damage":0,"enemies":"Looter","floor":11,"turns":2},{"damage":0,"enemies":"Lots of Slimes","floor":12,"turns":2},{"damage":0,"enemies":"Large Slime","floor":14,"turns":6},{"damage":0,"enemies":"The Guardian","floor":16,"turns":20},{"damage":0,"enemies":"Chosen","floor":18,"turns":2},{"damage":1,"floor":20,"turns":3},{"damage":0,"enemies":"2 Thieves","floor":21,"turns":1},{"damage":0,"enemies":"Snake Plant","floor":22,"turns":2},{"damage":1,"enemies":"Centurion and Healer","floor":23,"turns":2},{"damage":0,"enemies":"3 Cultists","floor":24,"turns":1},{"damage":0,"enemies":"Snake Plant","floor":25,"turns":1},{"damage":2,"enemies":"Gremlin Leader","floor":27,"turns":1},{"damage":1,"enemies":"Snecko","floor":28,"turns":3},{"damage":1,"enemies":"Chosen and Byrds","floor":29,"turns":4},{"damage":0,"enemies":"Slavers","floor":30,"turns":2},{"damage":20,"enemies":"Champ","floor":33,"turns":4},{"damage":0,"enemies":"Orb Walker","floor":35,"turns":1},{"damage":0,"floor":36,"turns":1},{"damage":0,"enemies":"Flame Bruiser 1 Orb","floor":39,"turns":1},{"damage":2,"enemies":"2 Orb Walkers","floor":40,"turns":2},{"damage":0,"enemies":"Spire Growth","floor":42,"turns":2},{"damage":1,"enemies":"Transient","floor":44,"turns":5},{"damage":7,"enemies":"Flame Bruiser 2 Orb","floor":45,"turns":2},{"damage":0,"enemies":"4 Shapes","floor":46,"turns":1},{"damage":1,"enemies":"3 Darklings","floor":48,"turns":1},{"damage":20,"enemies":"Donu and Deca","floor":50,"turns":3}],"seed_played":"-163716102511872118","potions_obtained":[{"floor":2,"key":"Energy Potion"},{"floor":4,"key":"Strength Potion"},{"floor":7,"key":"Poison Potion"},{"floor":8,"key":"Ancient Potion"},{"floor":14,"key":"Energy Potion"},{"floor":16,"key":"GamblersBrew"},{"floor":21,"key":"Explosive Potion"},{"floor":22,"key":"PowerPotion"},{"floor":23,"key":"Dexterity Potion"},{"floor":25,"key":"GhostInAJar"},{"floor":27,"key":"Regen Potion"},{"floor":28,"key":"Block Potion"},{"floor":30,"key":"Regen Potion"},{"floor":39,"key":"PowerPotion"},{"floor":42,"key":"SkillPotion"},{"floor":44,"key":"EssenceOfSteel"},{"floor":46,"key":"SpeedPotion"}],"is_trial":false,"path_per_floor":["M","M","M","M","M","E","M","M","T","E","M","M","?","M","R","B",null,"M","?","?","M","M","M","M","M","T","E","M","M","E","$","R","B",null,"M","?","$","?","M","E","R","M","T","M","M","M","$","M","R","B"],"character_chosen":"THE_SILENT","items_purchased":["Skewer+1","Orichalcum","Frozen Egg 2","Explosive Potion","Dagger Spray+1","Anchor","Explosive Potion"],"campfire_rested":0,"item_purchase_floors":[31,31,31,31,37,37,47],"current_hp_per_floor":[68,65,65,63,62,46,46,46,46,25,25,25,25,27,27,54,70,70,70,69,70,70,69,70,70,70,75,76,76,77,77,77,57,77,77,77,77,77,77,75,75,77,77,76,70,72,72,73,73,57],"gold":88,"neow_bonus":"","is_prod":false,"is_daily":true,"chose_seed":false,"campfire_upgraded":1,"win_rate":0,"timestamp":1531206857,"path_taken":["M","M","M","M","M","E","M","M","T","E","M","M","?","M","R","BOSS","M","?","?","M","M","M","?","M","T","E","M","M","E","$","R","BOSS","M","?","?","?","M","E","R","M","T","M","M","M","$","M","R","BOSS"],"build_version":"2018-07-05","purchased_purges":0,"victory":true,"max_hp_per_floor":[70,70,70,70,70,70,70,70,70,70,70,70,70,70,70,70,70,70,70,70,70,70,70,70,70,70,77,77,77,77,77,77,77,77,77,77,77,77,77,77,77,77,77,77,77,77,77,77,77,77],"card_choices":[{"not_picked":["Headbutt","Acrobatics+1"],"picked":"Reinforced Body+1","floor":6},{"not_picked":["Caltrops","Lockon+1"],"picked":"Dagger Throw+1","floor":10},{"not_picked":["Reaper+1","Unload+1"],"picked":"Seek+1","floor":16},{"not_picked":["Deflect+1","Reinforced Body+1"],"picked":"Sword Boomerang+1","floor":20},{"not_picked":["Shockwave+1","Doppelganger+1"],"picked":"Fusion+1","floor":27},{"not_picked":["Capacitor","Go for the Eyes+1","Clothesline+1"],"picked":"SKIP","floor":30},{"not_picked":["Doppelganger+1","Impervious+1"],"picked":"Seek+1","floor":33},{"not_picked":["Accuracy+1","Combust+1"],"picked":"Glacier+1","floor":34},{"not_picked":["Choke+1","Consume+1"],"picked":"Battle Trance+1","floor":34},{"not_picked":["Recycle+1","Scrape+1"],"picked":"Dagger Throw+1","floor":34},{"not_picked":["Flex+1","Clash+1"],"picked":"Redo+1","floor":34},{"not_picked":["Outmaneuver+1","Genetic Algorithm+1"],"picked":"Expertise+1","floor":34},{"not_picked":["Hologram+1","Storm+1"],"picked":"Terror+1","floor":36},{"not_picked":["Body Slam+1","Deflect+1"],"picked":"Hologram+1","floor":40}],"player_experience":175857,"relics_obtained":[{"floor":1,"key":"Smiling Mask"},{"floor":2,"key":"Lantern"},{"floor":3,"key":"Paper Crane"},{"floor":4,"key":"Toxic Egg 2"},{"floor":5,"key":"Happy Flower"},{"floor":6,"key":"War Paint"},{"floor":7,"key":"Dodecahedron"},{"floor":8,"key":"Molten Egg 2"},{"floor":9,"key":"Ninja Scroll"},{"floor":10,"key":"Regal Pillow"},{"floor":11,"key":"Du-Vu Doll"},{"floor":12,"key":"Blood Vial"},{"floor":14,"key":"Pantograph"},{"floor":16,"key":"The Specimen"},{"floor":17,"key":"Snake Skull"},{"floor":17,"key":"Letter Opener"},{"floor":17,"key":"Peace Pipe"},{"floor":18,"key":"Vajra"},{"floor":20,"key":"Red Mask"},{"floor":21,"key":"Mercury Hourglass"},{"floor":22,"key":"Oddly Smooth Stone"},{"floor":23,"key":"Toolbox"},{"floor":24,"key":"Ornamental Fan"},{"floor":25,"key":"Ancient Tea Set"},{"floor":26,"key":"Gremlin Horn"},{"floor":27,"key":"Strawberry"},{"floor":28,"key":"Art of War"},{"floor":29,"key":"Boot"},{"floor":30,"key":"Sundial"},{"floor":33,"key":"Tiny Chest"},{"floor":35,"key":"Bag of Preparation"},{"floor":36,"key":"Ice Cream"},{"floor":39,"key":"Kunai"},{"floor":40,"key":"Singing Bowl"},{"floor":43,"key":"Whetstone"},{"floor":44,"key":"Bag of Marbles"},{"floor":45,"key":"Potion Belt"},{"floor":46,"key":"Omamori"},{"floor":48,"key":"Dream Catcher"}],"event_choices":[{"event_name":"Living Wall","player_choice":"Change","floor":13,"damage_taken":0},{"event_name":"Vampires","player_choice":"Ignored","floor":19,"damage_taken":0},{"event_name":"Masked Bandits","player_choice":"Fought over 424 gold","floor":20,"damage_taken":0},{"event_name":"MindBloom","player_choice":"Fight","floor":36,"damage_taken":0},{"event_name":"Accursed Blacksmith","player_choice":"Forge","floor":38,"damage_taken":0}],"boss_relics":[{"not_picked":["Philosopher\u0027s Stone","Fusion Hammer"],"picked":"Calling Bell"},{"not_picked":["Sozu","Empty Cage"],"picked":"Orrery"}],"items_purged_floors":[],"is_endless":false,"potions_floor_spawned":[2,4,7,8,14,16,21,22,23,25,27,28,30,39,42,44,46],"ascension_level":0}