{"gold_per_floor":[115,115,61,236,246,246,246,246,246,272,287,287,95,95,95,191,191,203,60,70,119,131,131,160,180,180,180,180,196,37,37,37,132,132,149,149,3,3,3,23,23,48,48,66,66,0,12,94,94,94],"floor_reached":50,"playtime":3313,"items_purged":["Strike_B","Strike_B"],"score":629,"play_id":"1f1df3e6-f020-4149-b0c4-02d70ab69068","local_time":"20190817102257","is_ascension_mode":true,"campfire_choices":[{"data":"Conserve Battery","floor":6.0,"key":"SMITH"},{"data":"Zap","floor":8.0,"key":"SMITH"},{"data":"Echo Form","floor":12.0,"key":"SMITH"},{"data":"Consume","floor":15.0,"key":"SMITH"},{"floor":23.0,"key":"REST"},{"floor":27.0,"key":"REST"},{"floor":32.0,"key":"REST"},{"floor":41.0,"key":"REST"},{"floor":45.0,"key":"REST"},{"floor":49.0,"key":"REST"}],"neow_cost":"NONE","seed_source_timestamp":0,"circlet_count":0,"master_deck":["Defend_B","Defend_B","Zap+1","Dualcast","Ball Lightning","Conserve Battery+1","Sweeping Beam+1","Echo Form+1","Consume+1","Ball Lightning+1","Rainbow","Multi-Cast","Self Repair","Doom and Gloom+1","Self Repair","Leap+1","Seek","Madness","Redo","Gash+1","Madness","Machine Learning","Conserve Battery+1","Hologram+1","Parasite"],"special_seed":0,"relics":["Inserter","Molten Egg 2","Odd Mushroom","Fusion Hammer","Lantern","Juzu Bracelet","Kunai","Nuclear Battery","Blood Vial","Ornamental Fan","Red Mask","Mummified Hand"],"potions_floor_usage":[],"damage_taken":[{"damage":8.0,"enemies":"Jaw Worm","floor":1.0,"turns":4.0},{"damage":8.0,"enemies":"Small Slimes","floor":5.0,"turns":5.0},{"damage":8.0,"enemies":"The Mushroom Lair","floor":10.0,"turns":5.0},{"damage":0.0,"enemies":"2 Louse","floor":11.0,"turns":3.0},{"damage":0.0,"enemies":"Slime Boss","floor":16.0,"turns":5.0},{"damage":10.0,"enemies":"Shell Parasite","floor":18.0,"turns":5.0},{"damage":24.0,"enemies":"Chosen","floor":20.0,"turns":5.0},{"damage":20.0,"enemies":"Sentry and Sphere","floor":22.0,"turns":5.0},{"damage":56.0,"enemies":"Slavers","floor":24.0,"turns":5.0},{"damage":15.0,"enemies":"Shelled Parasite and Fungi","floor":25.0,"turns":6.0},{"damage":6.0,"enemies":"Centurion and Healer","floor":29.0,"turns":6.0},{"damage":21.0,"enemies":"Champ","floor":33.0,"turns":10.0},{"damage":62.0,"enemies":"3 Darklings","floor":35.0,"turns":5.0},{"damage":19.0,"enemies":"3 Shapes","floor":40.0,"turns":6.0},{"damage":43.0,"enemies":"Reptomancer","floor":42.0,"turns":6.0},{"damage":16.0,"enemies":"Sphere and 2 Shapes","floor":44.0,"turns":5.0},{"damage":11.0,"enemies":"Writhing Mass","floor":47.0,"turns":4.0},{"damage":66,"enemies":"Donu and Deca","floor":50,"turns":6}],"seed_played":"8176651590407176954","potions_obtained":[{"floor":5.0,"key":"PowerPotion"},{"floor":16.0,"key":"Block Potion"},{"floor":20.0,"key":"SpeedPotion"},{"floor":24.0,"key":"SteroidPotion"},{"floor":25.0,"key":"FearPotion"},{"floor":40.0,"key":"Swift Potion"},{"floor":42.0,"key":"Poison Potion"}],"is_trial":false,"path_per_floor":["M","?","$","?","M","R","?","R","T","?","M","R","$","?","R","B",null,"M","$","M","T","M","R","E","M","T","R","?","M","$","?","R","B",null,"M","?","$","?","?","M","R","E","T","M","R","?","M","T","R","B"],"character_chosen":"DEFECT","items_purchased":["Conserve Battery","Consume","Ball Lightning+1","Self Repair","Doom and Gloom+1","Seek","Madness","Gash+1"],"campfire_rested":6,"item_purchase_floors":[3,13,13,19,19,30,30,37],"current_hp_per_floor":[67,60,60,60,52,52,52,52,52,44,44,44,44,44,44,44,75,65,65,55,55,35,57,22,21,21,43,43,58,58,58,75,68,75,27,27,27,27,27,29,51,29,29,22,44,44,42,42,64,0],"gold":94,"neow_bonus":"BOSS_RELIC","is_prod":false,"is_daily":false,"chose_seed":false,"campfire_upgraded":4,"win_rate":0,"timestamp":1566030177,"path_taken":["M","?","$","?","M","R","?","R","T","?","M","R","$","?","R","BOSS","M","$","M","?","M","R","E","M","T","R","?","M","$","?","R","BOSS","M","?","$","?","?","M","R","E","T","M","R","?","M","?","R","BOSS"],"build_version":"2019-07-17","purchased_purges":2,"victory":false,"max_hp_per_floor":[75,75,75,75,75,75,75,75,75,75,75,75,75,75,75,75,75,75,75,75,75,75,75,75,75,75,75,75,75,75,75,75,75,75,75,75,75,75,75,75,75,75,75,75,75,75,75,75,75,75],"card_choices":[{"not_picked":["Turbo","Heatsinks"],"picked":"Ball Lightning","floor":1.0},{"not_picked":["Skim","Turbo","Compile Driver"],"picked":"SKIP","floor":5.0},{"not_picked":["Melter+1","Capacitor"],"picked":"Sweeping Beam+1","floor":10.0},{"not_picked":["Reprogram","Storm"],"picked":"Echo Form","floor":11.0},{"not_picked":["Meteor Strike+1","Rainbow"],"picked":"Multi-Cast","floor":16.0},{"not_picked":["Force Field+1","Rebound+1","Ball Lightning+1"],"picked":"SKIP","floor":18.0},{"not_picked":["Steam Power","Capacitor"],"picked":"Self Repair","floor":20.0},{"not_picked":["Doom and Gloom+1","Leap","Auto Shields+1"],"picked":"SKIP","floor":22.0},{"not_picked":["Steam","Tempest","Blizzard+1"],"picked":"SKIP","floor":24.0},{"not_picked":["Double Energy","Steam"],"picked":"Leap+1","floor":25.0},{"not_picked":["Aggregate","Coolheaded","Force Field"],"picked":"SKIP","floor":29.0},{"not_picked":["Chaos+1","Chill+1","Leap"],"picked":"SKIP","floor":35.0},{"not_picked":["Stack","Compile Driver+1"],"picked":"Conserve Battery+1","floor":40.0},{"not_picked":["Go for the Eyes+1","Recycle+1"],"picked":"Hologram+1","floor":42.0},{"not_picked":["Machine Learning","Ball Lightning+1","Redo"],"picked":"SKIP","floor":44.0},{"not_picked":["Self Repair+1","Undo","Steam"],"picked":"SKIP","floor":47.0}],"player_experience":303422,"relics_obtained":[{"floor":9.0,"key":"Molten Egg 2"},{"floor":10.0,"key":"Odd Mushroom"},{"floor":21.0,"key":"Lantern"},{"floor":24.0,"key":"Juzu Bracelet"},{"floor":26.0,"key":"Kunai"},{"floor":42.0,"key":"Blood Vial"},{"floor":43.0,"key":"Ornamental Fan"},{"floor":48.0,"key":"Mummified Hand"}],"event_choices":[{"cards_removed":["Strike_B"],"damage_healed":0.0,"max_hp_gain":0.0,"max_hp_loss":0.0,"gold_gain":0.0,"event_name":"Golden Wing","player_choice":"Card Removal","floor":2.0,"gold_loss":0.0,"damage_taken":7.0},{"damage_healed":0.0,"max_hp_gain":0.0,"max_hp_loss":0.0,"gold_gain":175.0,"event_name":"Liars Game","player_choice":"AGREE","floor":4.0,"gold_loss":0.0,"damage_taken":0.0,"cards_obtained":["Doubt"]},{"cards_removed":["Doubt"],"damage_healed":0.0,"max_hp_gain":0.0,"max_hp_loss":0.0,"gold_gain":0.0,"event_name":"Living Wall","player_choice":"Forget","floor":7.0,"gold_loss":0.0,"damage_taken":0.0},{"damage_healed":0.0,"max_hp_gain":0.0,"max_hp_loss":0.0,"gold_gain":0.0,"event_name":"Mushrooms","player_choice":"Fought Mushrooms","floor":10.0,"gold_loss":0.0,"damage_taken":0.0},{"damage_healed":0.0,"max_hp_gain":0.0,"max_hp_loss":0.0,"gold_gain":0.0,"cards_transformed":["Defend_B"],"event_name":"Transmorgrifier","player_choice":"Transformed","floor":14.0,"gold_loss":0.0,"damage_taken":0.0,"cards_obtained":["Rainbow"]},{"cards_removed":["Strike_B"],"damage_healed":0.0,"max_hp_gain":0.0,"max_hp_loss":0.0,"gold_gain":0.0,"event_name":"Purifier","player_choice":"Purged","floor":28.0,"gold_loss":0.0,"damage_taken":0.0},{"damage_healed":0.0,"max_hp_gain":0.0,"max_hp_loss":0.0,"gold_gain":0.0,"event_name":"The Library","player_choice":"Read","floor":31.0,"gold_loss":0.0,"damage_taken":0.0,"cards_obtained":["Redo"]},{"damage_healed":0.0,"max_hp_gain":0.0,"max_hp_loss":0.0,"gold_gain":0.0,"event_name":"Mysterious Sphere","player_choice":"Ignored","floor":36.0,"gold_loss":0.0,"damage_taken":0.0},{"damage_healed":0.0,"max_hp_gain":0.0,"max_hp_loss":0.0,"gold_gain":0.0,"event_name":"Match and Keep!","player_choice":"2 cards matched","floor":38.0,"gold_loss":0.0,"damage_taken":0.0,"cards_obtained":["Madness","Machine Learning"]},{"cards_removed":["Defend_B"],"damage_healed":0.0,"max_hp_gain":0.0,"max_hp_loss":0.0,"gold_gain":0.0,"event_name":"Falling","player_choice":"Removed Skill","floor":39.0,"gold_loss":0.0,"damage_taken":0.0},{"damage_healed":0.0,"max_hp_gain":0.0,"max_hp_loss":0.0,"gold_gain":0.0,"event_name":"Tomb of Lord Red Mask","player_choice":"Paid","floor":46.0,"gold_loss":66.0,"damage_taken":0.0,"relics_obtained":["Red Mask"]}],"is_beta":false,"boss_relics":[{"not_picked":["Lizard Tail","Astrolabe"],"picked":"Fusion Hammer"},{"not_picked":["Black Star","Snecko Eye"],"picked":"Nuclear Battery"}],"items_purged_floors":[13,37],"is_endless":false,"potions_floor_spawned":[5,16,20,24,25,40,42],"killed_by":"Donu and Deca","ascension_level":4}