{"gold_per_floor":[111,26,26,26,26,57,77,77,77,94,126,126,140,65,65,65],"floor_reached":16,"playtime":383,"items_purged":[],"score":266,"play_id":"4e62ab6d-6b0b-4205-9b72-8de9ebd6e28c","local_time":"20190925175204","is_ascension_mode":true,"campfire_choices":[{"data":"Whirlwind","floor":8,"key":"SMITH"},{"data":"Combust","floor":12,"key":"SMITH"},{"data":"True Grit","floor":15,"key":"SMITH"}],"neow_cost":"NONE","seed_source_timestamp":1209123385445000,"circlet_count":0,"master_deck":["AscendersBane","Strike_R","Strike_R","Strike_R+1","Defend_R","Defend_R","Defend_R","Defend_R","Bash+1","Whirlwind+1","Feel No Pain","Combust+1","Shrug It Off","True Grit+1","Limit Break"],"relics":["Burning Blood","NeowsBlessing","Singing Bowl","Strawberry"],"potions_floor_usage":[16],"damage_taken":[{"damage":0,"enemies":"Small Slimes","floor":1,"turns":1},{"damage":0,"enemies":"3 Sentries","floor":6,"turns":1},{"damage":0,"enemies":"2 Louse","floor":7,"turns":1},{"damage":2,"enemies":"Jaw Worm","floor":10,"turns":4},{"damage":31,"enemies":"Gremlin Nob","floor":11,"turns":4},{"damage":11,"enemies":"Looter","floor":13,"turns":5},{"damage":37,"enemies":"The Guardian","floor":16,"turns":9}],"seed_played":"1520783608295340849","potions_obtained":[{"floor":1,"key":"SpeedPotion"},{"floor":7,"key":"SpeedPotion"}],"is_trial":false,"path_per_floor":["M","$","?","?","$","E","M","R","T","M","E","R","M","?","R","B"],"character_chosen":"IRONCLAD","items_purchased":["Feel No Pain"],"campfire_rested":0,"item_purchase_floors":[2],"current_hp_per_floor":[74,74,51,44,44,50,56,56,56,60,42,42,39,39,39,2],"gold":65,"neow_bonus":"THREE_ENEMY_KILL","is_prod":false,"is_daily":false,"chose_seed":false,"campfire_upgraded":3,"win_rate":0,"timestamp":1569448324,"path_taken":["M","$","?","?","?","E","M","R","T","M","E","R","M","?","R","BOSS"],"build_version":"2019-07-17","purchased_purges":0,"victory":false,"max_hp_per_floor":[75,75,75,75,75,75,75,75,75,75,82,82,84,84,84,84],"card_choices":[{"not_picked":["Pommel Strike","Flex"],"picked":"Whirlwind","floor":1},{"not_picked":["Armaments","Pommel Strike"],"picked":"Combust","floor":6},{"not_picked":["Heavy Blade","Dropkick"],"picked":"Shrug It Off","floor":7},{"not_picked":["Rampage","Thunderclap"],"picked":"True Grit","floor":10},{"not_picked":["Thunderclap","Body Slam"],"picked":"Limit Break","floor":11},{"not_picked":["Pommel Strike","Whirlwind","Searing Blow"],"picked":"Singing Bowl","floor":13}],"player_experience":1029162,"relics_obtained":[{"floor":6,"key":"Singing Bowl"},{"floor":11,"key":"Strawberry"}],"event_choices":[{"damage_healed":0,"gold_gain":0,"player_choice":"Entered Light","damage_taken":23,"max_hp_gain":0,"max_hp_loss":0,"event_name":"Shining Light","floor":3,"gold_loss":0,"cards_upgraded":["Bash","Strike_R"]},{"cards_removed":["Strike_R"],"damage_healed":0,"gold_gain":0,"player_choice":"Card Removal","damage_taken":7,"max_hp_gain":0,"max_hp_loss":0,"event_name":"Golden Wing","floor":4,"gold_loss":0},{"cards_removed":["Strike_R"],"damage_healed":0,"gold_gain":0,"player_choice":"Card Removal","damage_taken":0,"max_hp_gain":0,"max_hp_loss":0,"event_name":"The Cleric","floor":14,"gold_loss":75}],"is_beta":false,"boss_relics":[],"items_purged_floors":[],"is_endless":false,"potions_floor_spawned":[1,7],"killed_by":"The Guardian","ascension_level":20}