{"gold_per_floor":[114,129,144,94,144,174,189,189,189,204,219,394,194,224,224,324,324,339,254,254,134,149,149,179,179,254,254,284,284,314,329,329,429,429,444,459,459,681,696,711,211,241,291,316,346,361,361,376,376,376],"floor_reached":51,"playtime":1350,"items_purged":[],"score":1573,"play_id":"793b1b83-7ad9-442b-9802-5178978e4222","local_time":"20180703124026","daily_mods":["Specialized","Lethality","Hoarder"],"is_ascension_mode":false,"campfire_choices":[{"data":"Adrenaline","floor":15,"key":"SMITH"},{"data":"Backstab","floor":23,"key":"SMITH"},{"floor":25,"key":"REST"},{"data":"Backstab","floor":27,"key":"SMITH"},{"data":"Backstab","floor":29,"key":"SMITH"},{"floor":32,"key":"REST"},{"data":"Backstab","floor":49,"key":"SMITH"}],"neow_cost":"","seed_source_timestamp":0,"circlet_count":0,"master_deck":["Defend_G","Defend_G","Defend_G","Defend_G","Defend_G","Strike_G","Strike_G","Strike_G","Strike_G","Strike_G","Survivor","Neutralize+1","Phantasmal Killer","Phantasmal Killer","Phantasmal Killer","Phantasmal Killer","Phantasmal Killer","Phantasmal Killer","Phantasmal Killer","Phantasmal Killer","Phantasmal Killer","Phantasmal Killer","Phantasmal Killer","Phantasmal Killer","Phantasmal Killer","Phantasmal Killer","Backflip","Backflip","Backflip","Dagger Spray","Dagger Spray+1","Dagger Spray","Terror","Terror","Terror","Skewer+1","Skewer","Skewer","Doubt","Doubt","Doubt","Adrenaline","Adrenaline","Adrenaline+1","Tools of the Trade","Tools of the Trade","Tools of the Trade","Backstab+1","Backstab+1","Backstab+1","Necronomicurse","Necronomicurse","Necronomicurse","Well Laid Plans+1","Well Laid Plans+1","Well Laid Plans+1","Calculated Gamble","Calculated Gamble","Calculated Gamble","Bullet Time","Bullet Time","Bullet Time","Backstab+1","Backstab","Backstab","Adrenaline","Adrenaline","Adrenaline","Backstab+1","Backstab+1","Backstab+1","Finesse","Finesse","Finesse","Flash of Steel","Flash of Steel","Flash of Steel","Swift Strike","Swift Strike","Swift Strike"],"special_seed":17715,"relics":["Ring of the Snake","Whetstone","Snake Skull","Paper Crane","Lee\u0027s Waffle","Ninja Scroll","Philosopher\u0027s Stone","Anchor","Necronomicon","Tiny Chest","Juzu Bracelet","Blue Candle","Lantern","Vajra","Red Mask","Coffee Dripper","Unceasing Top","Singing Bowl","Meat on the Bone","Dodecahedron","Ancient Tea Set","Pen Nib","Regal Pillow"],"potions_floor_usage":[10,16,16,28,28,33,33,37,50,50,50],"damage_taken":[{"damage":8,"enemies":"Small Slimes","floor":1,"turns":4},{"damage":0,"enemies":"Cultist","floor":2,"turns":2},{"damage":1,"enemies":"Jaw Worm","floor":3,"turns":2},{"damage":15,"enemies":"Lagavulin","floor":6,"turns":5},{"damage":6,"enemies":"Large Slime","floor":7,"turns":4},{"damage":13,"enemies":"2 Fungi Beasts","floor":10,"turns":2},{"damage":9,"enemies":"Exordium Wildlife","floor":11,"turns":2},{"damage":0,"enemies":"Gremlin Nob","floor":14,"turns":2},{"damage":0,"enemies":"The Guardian","floor":16,"turns":5},{"damage":19,"enemies":"2 Thieves","floor":18,"turns":3},{"damage":0,"enemies":"Spheric Guardian","floor":22,"turns":1},{"damage":27,"enemies":"Book of Stabbing","floor":24,"turns":3},{"damage":0,"enemies":"Slavers","floor":28,"turns":1},{"damage":0,"enemies":"Gremlin Leader","floor":30,"turns":2},{"damage":0,"floor":31,"turns":1},{"damage":0,"enemies":"Collector","floor":33,"turns":4},{"damage":0,"enemies":"Orb Walker","floor":35,"turns":1},{"damage":0,"enemies":"3 Shapes","floor":36,"turns":1},{"damage":0,"floor":37,"turns":2},{"damage":20,"enemies":"Transient","floor":39,"turns":5},{"damage":23,"enemies":"3 Darklings","floor":40,"turns":5},{"damage":0,"enemies":"Nemesis","floor":42,"turns":1},{"damage":0,"enemies":"Giant Head","floor":45,"turns":2},{"damage":0,"enemies":"Maw","floor":46,"turns":2},{"damage":0,"enemies":"Spire Growth","floor":48,"turns":1},{"damage":30,"enemies":"Donu and Deca","floor":50,"turns":5}],"seed_played":"-5295216616361332357","potions_obtained":[{"floor":2,"key":"Regen Potion"},{"floor":3,"key":"Block Potion"},{"floor":6,"key":"GamblersBrew"},{"floor":14,"key":"FearPotion"},{"floor":18,"key":"Explosive Potion"},{"floor":30,"key":"AttackPotion"},{"floor":31,"key":"GamblersBrew"},{"floor":36,"key":"Fire Potion"},{"floor":37,"key":"Block Potion"}],"is_trial":false,"path_per_floor":["M","M","M","?","T","E","M","?","T","M","M","?","$","E","R","B",null,"M","?","?","$","M","R","E","R","T","R","E","R","E","?","R","B",null,"M","M","?","?","M","M","$","E","T","T","E","M","?","M","R","B"],"character_chosen":"THE_SILENT","items_purchased":["Lee\u0027s Waffle","Tiny Chest","Singing Bowl","Meat on the Bone","Energy Potion","Swift Potion"],"campfire_rested":2,"item_purchase_floors":[13,21,41,41,41,41],"current_hp_per_floor":[62,62,61,61,61,46,40,40,40,27,18,18,77,77,77,77,77,58,58,42,42,42,42,15,38,38,38,38,38,38,38,61,61,77,77,77,77,77,57,34,34,48,48,48,48,50,40,54,54,36],"gold":376,"neow_bonus":"","is_prod":false,"is_daily":true,"chose_seed":false,"campfire_upgraded":5,"win_rate":0,"timestamp":1530598226,"path_taken":["M","M","M","?","?","E","M","?","T","M","?","?","$","E","R","BOSS","M","?","?","$","M","R","E","R","T","R","E","R","E","?","R","BOSS","M","M","?","?","M","M","$","E","T","?","E","M","?","M","R","BOSS"],"build_version":"2018-06-29","purchased_purges":0,"victory":true,"max_hp_per_floor":[70,70,70,70,70,70,70,70,70,70,70,70,77,77,77,77,77,77,77,77,77,77,77,77,77,77,77,77,77,77,77,77,77,77,77,77,77,77,77,77,77,79,79,79,79,81,81,83,83,83],"card_choices":[{"not_picked":["Endless Agony","Slice"],"picked":"Backflip","floor":1},{"not_picked":["Sucker Punch","Dash"],"picked":"Dagger Spray","floor":2},{"not_picked":["Grand Finale","Endless Agony"],"picked":"Terror","floor":3},{"not_picked":["Predator","Deflect","Finisher"],"picked":"SKIP","floor":6},{"not_picked":["PiercingWail","Deflect"],"picked":"Skewer","floor":7},{"not_picked":["Acrobatics","Deadly Poison","Dagger Throw"],"picked":"SKIP","floor":10},{"not_picked":["Backflip","Calculated Gamble","Masterful Stab"],"picked":"SKIP","floor":11},{"not_picked":["Backflip","Leg Sweep"],"picked":"Adrenaline","floor":14},{"not_picked":["Venomology","Corpse Explosion"],"picked":"Tools of the Trade","floor":16},{"not_picked":["Masterful Stab+1","Terror"],"picked":"Backstab","floor":18},{"not_picked":["Poisoned Stab","Footwork"],"picked":"Well Laid Plans+1","floor":22},{"not_picked":["Unload","Predator","Bouncing Flask"],"picked":"SKIP","floor":24},{"not_picked":["Outmaneuver","Deadly Poison","Setup"],"picked":"SKIP","floor":28},{"not_picked":["Deadly Poison","Predator"],"picked":"Calculated Gamble","floor":30},{"not_picked":["Envenom","Adrenaline"],"picked":"Bullet Time","floor":33},{"not_picked":["Dash","Outmaneuver"],"picked":"Backstab","floor":35},{"not_picked":["Blade Dance+1","Slice","Prepared"],"picked":"SKIP","floor":36},{"not_picked":["Distraction+1","Bane+1","Dagger Spray"],"picked":"SKIP","floor":39},{"not_picked":["Malaise","Catalyst+1"],"picked":"Adrenaline","floor":40},{"not_picked":["Quick Slash+1","Sucker Punch","Predator+1"],"picked":"Singing Bowl","floor":42},{"not_picked":["Infinite Blades","Outmaneuver+1"],"picked":"Backstab+1","floor":45},{"not_picked":["Distraction","Escape Plan","Slice"],"picked":"Singing Bowl","floor":46},{"not_picked":["Bandage Up","Trip"],"picked":"Finesse","floor":47},{"not_picked":["Master of Strategy","Blind"],"picked":"Flash of Steel","floor":47},{"not_picked":["Master of Strategy","Finesse"],"picked":"Swift Strike","floor":47},{"not_picked":["Flying Knee+1","Acrobatics","Sucker Punch"],"picked":"Singing Bowl","floor":48}],"player_experience":134280,"relics_obtained":[{"floor":5,"key":"Whetstone"},{"floor":6,"key":"Snake Skull"},{"floor":9,"key":"Paper Crane"},{"floor":14,"key":"Ninja Scroll"},{"floor":20,"key":"Necronomicon"},{"floor":24,"key":"Juzu Bracelet"},{"floor":26,"key":"Blue Candle"},{"floor":28,"key":"Lantern"},{"floor":30,"key":"Vajra"},{"floor":31,"key":"Red Mask"},{"floor":37,"key":"Unceasing Top"},{"floor":42,"key":"Dodecahedron"},{"floor":43,"key":"Ancient Tea Set"},{"floor":44,"key":"Pen Nib"},{"floor":45,"key":"Regal Pillow"}],"event_choices":[{"event_name":"The Cleric","player_choice":"Card Removal","floor":4,"damage_taken":0},{"event_name":"Living Wall","player_choice":"Grow","floor":8,"damage_taken":0},{"event_name":"Liars Game","player_choice":"agreed","floor":12,"damage_taken":0},{"event_name":"Addict","player_choice":"Obtained Relic","floor":19,"damage_taken":0},{"event_name":"Cursed Tome","player_choice":"Obtained Book","floor":20,"damage_taken":0},{"event_name":"Masked Bandits","player_choice":"Fought over 314 gold","floor":31,"damage_taken":0},{"event_name":"MindBloom","player_choice":"Fight","floor":37,"damage_taken":0},{"event_name":"Tomb of Lord Red Mask","player_choice":"Wore Mask","floor":38,"damage_taken":0},{"event_name":"SensoryStone","player_choice":"Memory 3","floor":47,"damage_taken":0}],"boss_relics":[{"not_picked":["Fusion Hammer","Empty Cage"],"picked":"Philosopher\u0027s Stone"},{"not_picked":["Orrery","Eternal Feather"],"picked":"Coffee Dripper"}],"items_purged_floors":[],"is_endless":false,"potions_floor_spawned":[2,3,6,7,14,18,30,31,36,37,46],"ascension_level":0}