{"gold_per_floor":[17,17,31,45,64,64,64,239,262,274,274,274,305,67,67,162,162,117,117,117,117,117,117,117,117,117,2,2,2,2,2,2,2,2,2,2,2,2,2,2,2,2,2,2,2,2,2,2,2,2],"floor_reached":51,"playtime":3379,"items_purged":["Doubt"],"score":657,"play_id":"b915dc47-23ef-4544-b82c-73a11ec950f9","local_time":"20190924231349","is_ascension_mode":false,"campfire_choices":[{"data":"Machine Learning","floor":7,"key":"SMITH"},{"data":"Zap","floor":11,"key":"SMITH"},{"floor":15,"key":"REST"},{"floor":24,"key":"REST"},{"data":"Hologram","floor":29,"key":"SMITH"},{"floor":32,"key":"REST"},{"data":"Hyperbeam","floor":41,"key":"SMITH"},{"data":"Hyperbeam","floor":49,"key":"SMITH"}],"neow_cost":"NO_GOLD","seed_source_timestamp":1064168683429200,"circlet_count":0,"master_deck":["Strike_B","Strike_B","Strike_B+1","Defend_B","Defend_B","Defend_B","Defend_B","Zap+1","Dualcast+1","Meteor Strike+1","Self Repair","Turbo+1","Machine Learning+1","Hologram+1","Lockon","Reinforced Body","Hyperbeam+1","Conserve Battery+1","Necronomicurse","Darkness","Rebound","Redo","Hologram","Hello World","Melter","FTL+1","Double Energy","Buffer","White Noise+1","Undo","Aggregate+1","Double Energy+1","Hyperbeam+1","Conserve Battery+1","Stack+1","Force Field","Sunder+1","Loop","Doubt"],"relics":["Cracked Core","Whetstone","Bag of Preparation","War Paint","Chemical X","Ectoplasm","Necronomicon","Prayer Wheel","Sozu","Shuriken","Gambling Chip"],"potions_floor_usage":[13,16,22,25,31,33],"damage_taken":[{"damage":7,"enemies":"2 Louse","floor":1,"turns":3},{"damage":6,"enemies":"Cultist","floor":3,"turns":3},{"damage":5,"enemies":"Small Slimes","floor":4,"turns":3},{"damage":16,"enemies":"3 Louse","floor":5,"turns":3},{"damage":10,"enemies":"2 Fungi Beasts","floor":10,"turns":4},{"damage":3,"enemies":"Gremlin Nob","floor":13,"turns":3},{"damage":45,"enemies":"Slime Boss","floor":16,"turns":11},{"damage":10,"enemies":"2 Thieves","floor":18,"turns":4},{"damage":22,"enemies":"Spheric Guardian","floor":21,"turns":5},{"damage":14,"enemies":"Centurion and Healer","floor":22,"turns":4},{"damage":0,"enemies":"Snecko","floor":23,"turns":3},{"damage":5,"enemies":"Sentry and Sphere","floor":25,"turns":4},{"damage":24,"enemies":"Shelled Parasite and Fungi","floor":28,"turns":4},{"damage":0,"enemies":"Centurion and Healer","floor":30,"turns":2},{"damage":0,"enemies":"Snecko","floor":31,"turns":3},{"damage":55,"enemies":"Collector","floor":33,"turns":8},{"damage":13,"enemies":"Orb Walker","floor":35,"turns":3},{"damage":10,"enemies":"3 Darklings","floor":36,"turns":2},{"damage":24,"enemies":"Spire Growth","floor":38,"turns":3},{"damage":0,"enemies":"Transient","floor":39,"turns":5},{"damage":10,"enemies":"Sphere and 2 Shapes","floor":40,"turns":2},{"damage":25,"enemies":"Maw","floor":42,"turns":6},{"damage":0,"enemies":"Spire Growth","floor":44,"turns":5},{"damage":0,"enemies":"Jaw Worm Horde","floor":45,"turns":2},{"damage":15,"enemies":"2 Orb Walkers","floor":46,"turns":2},{"damage":13,"enemies":"Donu and Deca","floor":50,"turns":7}],"seed_played":"-2261279303202836163","potions_obtained":[{"floor":2,"key":"Energy Potion"},{"floor":2,"key":"Ancient Potion"},{"floor":2,"key":"SmokeBomb"},{"floor":3,"key":"Block Potion"},{"floor":13,"key":"FearPotion"},{"floor":18,"key":"SmokeBomb"},{"floor":22,"key":"Block Potion"},{"floor":28,"key":"FairyPotion"},{"floor":31,"key":"AttackPotion"}],"is_trial":false,"path_per_floor":["M","?","M","M","M","$","R","?","T","M","R","?","E","$","R","B",null,"M","?","?","M","M","M","R","M","T","$","M","R","M","M","R","B",null,"M","M","?","M","M","M","R","M","T","M","M","?","?","?","R","B",null],"character_chosen":"DEFECT","items_purchased":["Chemical X","Reinforced Body","Melter"],"campfire_rested":3,"item_purchase_floors":[14,14,27],"current_hp_per_floor":[68,68,69,71,62,62,62,62,62,59,59,52,56,56,75,37,75,72,56,56,41,34,34,56,58,58,58,41,41,41,55,75,27,75,75,75,71,47,61,51,51,33,33,40,40,32,71,71,71,58],"gold":2,"neow_bonus":"THREE_RARE_CARDS","is_prod":false,"is_daily":false,"chose_seed":false,"campfire_upgraded":5,"win_rate":0,"timestamp":1569381229,"path_taken":["M","?","M","M","M","?","R","?","T","M","R","?","E","$","R","BOSS","M","?","?","?","M","M","R","M","T","$","M","R","M","?","R","BOSS","M","M","?","M","M","M","R","M","T","M","M","?","?","?","R","BOSS"],"build_version":"2019-07-17","purchased_purges":1,"victory":true,"max_hp_per_floor":[75,75,75,75,75,75,75,75,75,75,75,75,75,75,75,75,75,75,75,75,75,75,75,75,75,75,75,75,75,75,75,75,75,75,75,75,71,71,71,71,71,71,71,71,71,71,71,71,71,71],"card_choices":[{"not_picked":["Creative AI","Buffer"],"picked":"Meteor Strike","floor":0},{"not_picked":["Sweeping Beam","Streamline"],"picked":"Self Repair","floor":1},{"not_picked":["Sweeping Beam","Steam"],"picked":"Turbo","floor":3},{"not_picked":["Doom and Gloom","Barrage"],"picked":"Machine Learning","floor":4},{"not_picked":["Self Repair","Steam"],"picked":"Hologram","floor":5},{"not_picked":["Static Discharge","Coolheaded"],"picked":"Lockon","floor":10},{"not_picked":["Streamline","Sweeping Beam","Hologram"],"picked":"SKIP","floor":13},{"not_picked":["Echo Form","Amplify"],"picked":"Hyperbeam","floor":16},{"not_picked":["BootSequence","Hologram"],"picked":"Conserve Battery+1","floor":18},{"not_picked":["Compile Driver","Cold Snap"],"picked":"Rebound","floor":21},{"not_picked":["Streamline","Echo Form"],"picked":"Redo","floor":22},{"not_picked":["Scrape+1","Ball Lightning+1"],"picked":"Hologram","floor":23},{"not_picked":["Ball Lightning","Lockon"],"picked":"Hello World","floor":25},{"not_picked":["BootSequence","Barrage+1"],"picked":"Self Repair","floor":28},{"not_picked":["BootSequence","Stack","Hologram"],"picked":"SKIP","floor":28},{"not_picked":["Reboot","Go for the Eyes"],"picked":"FTL+1","floor":30},{"not_picked":["Gash","Cold Snap+1","Tempest+1"],"picked":"SKIP","floor":30},{"not_picked":["Hologram","FTL"],"picked":"Double Energy","floor":31},{"not_picked":["Blizzard","Streamline","Steam+1"],"picked":"SKIP","floor":31},{"not_picked":["All For One","Thunder Strike"],"picked":"Buffer","floor":33},{"not_picked":["Leap","Steam"],"picked":"White Noise+1","floor":35},{"not_picked":["Beam Cell+1","Hologram","Sweeping Beam+1"],"picked":"SKIP","floor":35},{"not_picked":["Barrage+1","Scrape"],"picked":"Undo","floor":36},{"not_picked":["Compile Driver+1","Genetic Algorithm","Reboot"],"picked":"SKIP","floor":36},{"not_picked":["Tempest+1","Defragment+1"],"picked":"Aggregate+1","floor":38},{"not_picked":["Redo","Gash+1","Leap"],"picked":"SKIP","floor":38},{"not_picked":["Darkness","Coolheaded"],"picked":"Double Energy+1","floor":39},{"not_picked":["Darkness+1","Go for the Eyes","Doom and Gloom+1"],"picked":"SKIP","floor":39},{"not_picked":["Rebound+1","Cold Snap"],"picked":"Hyperbeam","floor":40},{"not_picked":["Redo","Steam Power+1","Steam"],"picked":"SKIP","floor":40},{"not_picked":["Streamline","Beam Cell"],"picked":"Conserve Battery+1","floor":42},{"not_picked":["Sweeping Beam","Gash+1"],"picked":"Stack+1","floor":42},{"not_picked":["Chill","Rebound+1","Sweeping Beam+1"],"picked":"SKIP","floor":44},{"not_picked":["Tempest+1","Ball Lightning+1","Self Repair"],"picked":"SKIP","floor":44},{"not_picked":["Go for the Eyes+1","Chaos"],"picked":"Force Field","floor":45},{"not_picked":["Go for the Eyes+1","Rainbow"],"picked":"Sunder+1","floor":45},{"not_picked":["Steam+1","Self Repair"],"picked":"Loop","floor":46}],"player_experience":67801,"relics_obtained":[{"floor":9,"key":"Whetstone"},{"floor":13,"key":"War Paint"},{"floor":19,"key":"Necronomicon"},{"floor":26,"key":"Prayer Wheel"},{"floor":43,"key":"Shuriken"},{"floor":46,"key":"Gambling Chip"}],"event_choices":[{"damage_healed":0,"gold_gain":0,"player_choice":"Got Potions","damage_taken":0,"max_hp_gain":0,"max_hp_loss":0,"event_name":"Lab","floor":2,"gold_loss":0},{"damage_healed":0,"gold_gain":175,"player_choice":"AGREE","damage_taken":0,"max_hp_gain":0,"max_hp_loss":0,"event_name":"Liars Game","floor":8,"gold_loss":0,"cards_obtained":["Doubt"]},{"damage_healed":0,"gold_gain":0,"player_choice":"Success","damage_taken":7,"relics_obtained":["Bag of Preparation"],"max_hp_gain":0,"max_hp_loss":0,"event_name":"Scrap Ooze","floor":12,"gold_loss":0},{"damage_healed":0,"gold_gain":0,"player_choice":"Obtained Book","damage_taken":16,"max_hp_gain":0,"max_hp_loss":0,"event_name":"Cursed Tome","floor":19,"gold_loss":0},{"damage_healed":0,"gold_gain":0,"cards_transformed":["Strike_B"],"player_choice":"Transformed","damage_taken":0,"max_hp_gain":0,"max_hp_loss":0,"event_name":"Transmorgrifier","floor":20,"gold_loss":0,"cards_obtained":["Darkness"]},{"damage_healed":0,"gold_gain":0,"player_choice":"Max HP","damage_taken":0,"max_hp_gain":0,"max_hp_loss":4,"event_name":"Winding Halls","floor":37,"gold_loss":0},{"damage_healed":0,"gold_gain":0,"player_choice":"Fight","damage_taken":0,"max_hp_gain":0,"max_hp_loss":0,"event_name":"Mysterious Sphere","floor":46,"gold_loss":0},{"damage_healed":39,"gold_gain":0,"player_choice":"Heal","damage_taken":0,"max_hp_gain":0,"max_hp_loss":0,"event_name":"MindBloom","floor":47,"gold_loss":0,"cards_obtained":["Doubt"]},{"cards_removed":["Self Repair"],"damage_healed":0,"gold_gain":0,"player_choice":"Removed Power","damage_taken":0,"max_hp_gain":0,"max_hp_loss":0,"event_name":"Falling","floor":48,"gold_loss":0}],"is_beta":false,"boss_relics":[{"not_picked":["Calling Bell","Eternal Feather"],"picked":"Ectoplasm"},{"not_picked":["Snecko Eye","Astrolabe"],"picked":"Sozu"}],"items_purged_floors":[27],"is_endless":false,"potions_floor_spawned":[3,10,13,18,22,28,31,35,39,40,44,45],"ascension_level":0}