{"gold_per_floor":[114,126,137,87,104,104,119,144,170,170,199,213,213,231,231,326,376,387,68,68,81,81,113,113,128,179,211,211,240,259,271,271,370,370,389,489,504,504,504,532,532,50,50,50,84,102,102,112,112,112],"floor_reached":50,"playtime":5397,"items_purged":["Pain"],"score":597,"play_id":"002dd49c-72b3-44a8-ba24-b57072d4304a","local_time":"20190719010018","is_ascension_mode":false,"campfire_choices":[{"data":"Zap","floor":6,"key":"SMITH"},{"floor":10,"key":"REST"},{"floor":15,"key":"REST"},{"floor":24,"key":"REST"},{"floor":28,"key":"REST"},{"floor":32,"key":"REST"},{"data":"Chill","floor":41,"key":"SMITH"},{"floor":44,"key":"REST"},{"floor":47,"key":"REST"},{"floor":49,"key":"RECALL"}],"neow_cost":"NONE","seed_source_timestamp":151995646814003,"circlet_count":0,"master_deck":["Zap+1","Dualcast","Ball Lightning+1","Rebound","Streamline+1","Leap","Doom and Gloom","Ball Lightning","Meteor Strike","Redo","Fusion","Electrodynamics","Stack","Compile Driver","Chill+1","Discovery","Loop+1","Cold Snap+1","Auto Shields","Loop+1","Defragment","Barrage","Chill","Thunder Strike","Hologram","Streamline","Steam","Recycle","Machine Learning","Streamline","Reprogram","Fusion","Barrage+1","Coolheaded+1","Madness","Madness","Loop+1","Conserve Battery","Skim","Glacier+1","Steam+1","Stack+1"],"relics":["Cracked Core","NeowsBlessing","Whetstone","Vajra","PreservedInsect","Tiny House","Happy Flower","WarpedTongs","Blood Vial","Regal Pillow","Peace Pipe","Pandora\u0027s Box","Torii","Bag of Marbles","Shuriken","Toxic Egg 2","Potion Belt"],"potions_floor_usage":[11,23,23,23,29,33,40,45,48,50,50],"damage_taken":[{"damage":0,"enemies":"Jaw Worm","floor":1,"turns":1},{"damage":0,"enemies":"Small Slimes","floor":2,"turns":1},{"damage":0,"enemies":"Cultist","floor":3,"turns":1},{"damage":4,"enemies":"2 Fungi Beasts","floor":5,"turns":3},{"damage":22,"enemies":"Exordium Thugs","floor":7,"turns":3},{"damage":8,"enemies":"3 Sentries","floor":8,"turns":6},{"damage":17,"enemies":"Lagavulin","floor":11,"turns":5},{"damage":0,"enemies":"Blue Slaver","floor":12,"turns":3},{"damage":5,"enemies":"Looter","floor":14,"turns":2},{"damage":1,"enemies":"Slime Boss","floor":16,"turns":5},{"damage":13,"enemies":"Shell Parasite","floor":18,"turns":7},{"damage":11,"enemies":"3 Byrds","floor":21,"turns":5},{"damage":23,"enemies":"Book of Stabbing","floor":23,"turns":3},{"damage":15,"enemies":"Snecko","floor":25,"turns":4},{"damage":47,"enemies":"Slavers","floor":27,"turns":7},{"damage":14,"enemies":"Gremlin Leader","floor":29,"turns":5},{"damage":10,"enemies":"Cultist and Chosen","floor":30,"turns":5},{"damage":18,"enemies":"Snake Plant","floor":31,"turns":3},{"damage":33,"enemies":"Champ","floor":33,"turns":9},{"damage":0,"enemies":"3 Shapes","floor":35,"turns":3},{"damage":5,"enemies":"Mind Bloom Boss Battle","floor":36,"turns":4},{"damage":31,"enemies":"3 Darklings","floor":37,"turns":3},{"damage":35,"enemies":"Reptomancer","floor":40,"turns":7},{"damage":32,"enemies":"Giant Head","floor":45,"turns":7},{"damage":25,"enemies":"Spire Growth","floor":46,"turns":5},{"damage":9,"enemies":"Maw","floor":48,"turns":8},{"damage":49,"enemies":"Donu and Deca","floor":50,"turns":7}],"seed_played":"-5101520959404307373","potions_obtained":[{"floor":3,"key":"Fire Potion"},{"floor":5,"key":"AttackPotion"},{"floor":8,"key":"Poison Potion"},{"floor":14,"key":"Weak Potion"},{"floor":17,"key":"Regen Potion"},{"floor":23,"key":"GamblersBrew"},{"floor":27,"key":"Regen Potion"},{"floor":29,"key":"GamblersBrew"},{"floor":40,"key":"GamblersBrew"},{"floor":45,"key":"FearPotion"},{"floor":46,"key":"AttackPotion"}],"is_trial":false,"path_per_floor":["M","M","M","?","M","R","M","E","T","R","E","M","?","M","R","B",null,"M","$","?","M","?","E","R","M","T","E","R","E","M","M","R","B",null,"M","?","M","?","?","E","R","$","T","R","E","M","R","M","R","B"],"character_chosen":"DEFECT","items_purchased":["Happy Flower","Chill","Discovery","Shuriken","Conserve Battery","Skim","Strength Potion"],"campfire_rested":7,"item_purchase_floors":[19,19,19,42,42,42,42],"current_hp_per_floor":[75,75,75,75,71,71,49,41,41,63,46,46,46,41,63,62,80,67,67,67,56,56,42,66,53,53,8,47,49,41,25,64,33,80,80,75,46,36,70,35,35,35,35,70,38,15,51,44,44,0],"gold":112,"neow_bonus":"THREE_ENEMY_KILL","is_prod":false,"is_daily":false,"chose_seed":false,"campfire_upgraded":2,"win_rate":0,"timestamp":1563516018,"path_taken":["M","M","M","?","M","R","M","E","T","R","E","M","?","M","R","BOSS","M","$","?","M","?","E","R","M","T","E","R","E","M","M","R","BOSS","M","?","M","?","?","E","R","?","T","R","E","M","R","M","R","BOSS"],"build_version":"2019-07-17","purchased_purges":1,"victory":false,"max_hp_per_floor":[75,75,75,75,75,75,75,75,75,75,75,75,75,75,75,75,80,80,80,80,80,80,80,80,80,80,80,80,80,80,80,80,80,80,80,80,80,80,70,70,70,70,70,70,70,70,70,70,70,70],"card_choices":[{"not_picked":["Redo","Steam"],"picked":"Ball Lightning","floor":1},{"not_picked":["Turbo","Compile Driver"],"picked":"Rebound","floor":2},{"not_picked":["Force Field","Consume"],"picked":"Streamline","floor":3},{"not_picked":["Turbo","Ball Lightning"],"picked":"Leap","floor":5},{"not_picked":["Beam Cell","Streamline"],"picked":"Doom and Gloom","floor":7},{"not_picked":["Gash","Turbo"],"picked":"Ball Lightning","floor":8},{"not_picked":["Coolheaded","Reprogram"],"picked":"Meteor Strike","floor":11},{"not_picked":["Scrape","Streamline"],"picked":"Redo","floor":12},{"not_picked":["Redo","Chaos"],"picked":"Fusion","floor":14},{"not_picked":["Thunder Strike","Rainbow"],"picked":"Electrodynamics","floor":16},{"not_picked":["Compile Driver","Steam Power"],"picked":"Stack","floor":17},{"not_picked":["Consume","Reprogram"],"picked":"Compile Driver","floor":18},{"not_picked":["Go for the Eyes+1","Rebound"],"picked":"Loop+1","floor":21},{"not_picked":["Redo","Gash"],"picked":"Cold Snap+1","floor":23},{"not_picked":["Compile Driver","Streamline"],"picked":"Auto Shields","floor":25},{"not_picked":["BootSequence","Rebound"],"picked":"Loop+1","floor":27},{"not_picked":["Rainbow","Reboot"],"picked":"Defragment","floor":29},{"not_picked":["Steam Power","Turbo"],"picked":"Barrage","floor":30},{"not_picked":["Stack","Steam Power"],"picked":"Chill","floor":31},{"not_picked":["Reboot","All For One"],"picked":"Thunder Strike","floor":33},{"not_picked":["Rebound","Sweeping Beam"],"picked":"Fusion","floor":35},{"not_picked":["Turbo","Cold Snap"],"picked":"Barrage+1","floor":36},{"not_picked":["Rainbow","Compile Driver"],"picked":"Coolheaded+1","floor":37},{"not_picked":["Go for the Eyes","Melter+1"],"picked":"Loop+1","floor":40},{"not_picked":["Reprogram+1","Ball Lightning+1"],"picked":"Glacier+1","floor":45},{"not_picked":["Compile Driver+1","Redo+1"],"picked":"Steam+1","floor":46},{"not_picked":["Heatsinks+1","Rebound+1"],"picked":"Stack+1","floor":48}],"player_experience":128384,"relics_obtained":[{"floor":8,"key":"Whetstone"},{"floor":9,"key":"Vajra"},{"floor":11,"key":"PreservedInsect"},{"floor":23,"key":"Blood Vial"},{"floor":27,"key":"Regal Pillow"},{"floor":29,"key":"Peace Pipe"},{"floor":36,"key":"Torii"},{"floor":40,"key":"Bag of Marbles"},{"floor":43,"key":"Toxic Egg 2"},{"floor":45,"key":"Potion Belt"}],"event_choices":[{"cards_removed":["Strike_B"],"damage_healed":0,"gold_gain":0,"player_choice":"Card Removal","damage_taken":0,"max_hp_gain":0,"max_hp_loss":0,"event_name":"The Cleric","floor":4,"gold_loss":50},{"damage_healed":0,"gold_gain":0,"player_choice":"Ignored","damage_taken":0,"max_hp_gain":0,"max_hp_loss":0,"event_name":"WeMeetAgain","floor":13,"gold_loss":0},{"damage_healed":0,"gold_gain":0,"player_choice":"Ignored","damage_taken":0,"max_hp_gain":0,"max_hp_loss":0,"event_name":"Ghosts","floor":20,"gold_loss":0},{"damage_healed":0,"gold_gain":0,"player_choice":"Rummage","damage_taken":0,"relics_obtained":["WarpedTongs"],"max_hp_gain":0,"max_hp_loss":0,"event_name":"Accursed Blacksmith","floor":22,"gold_loss":0,"cards_obtained":["Pain"]},{"damage_healed":0,"gold_gain":0,"player_choice":"Fight","damage_taken":0,"max_hp_gain":0,"max_hp_loss":0,"event_name":"MindBloom","floor":36,"gold_loss":0},{"damage_healed":0,"gold_gain":0,"player_choice":"Embrace Madness","damage_taken":10,"max_hp_gain":0,"max_hp_loss":0,"event_name":"Winding Halls","floor":38,"gold_loss":0,"cards_obtained":["Madness","Madness"]},{"damage_healed":70,"gold_gain":0,"player_choice":"Heal","damage_taken":0,"max_hp_gain":0,"max_hp_loss":10,"event_name":"The Moai Head","floor":39,"gold_loss":0}],"is_beta":false,"boss_relics":[{"not_picked":["Empty Cage","Orrery"],"picked":"Tiny House"},{"not_picked":["FrozenCore","Busted Crown"],"picked":"Pandora\u0027s Box"}],"items_purged_floors":[42],"is_endless":false,"potions_floor_spawned":[3,5,8,14,23,27,29,40,45,46],"killed_by":"Donu and Deca","ascension_level":0}