{"gold_per_floor":[114,130,80,80,94,94,25,25,25,16,30,30,58,68,68,168,168,185,185,185,136,136,161,161,178,178,178,178,178,103,103,103,103],"floor_reached":33,"playtime":1607,"items_purged":["Decay"],"score":338,"play_id":"52cee839-ee58-4a1a-90f5-930e37ae7ce9","local_time":"20190824160922","is_ascension_mode":true,"campfire_choices":[{"data":"Zap","floor":6,"key":"SMITH"},{"data":"Conserve Battery","floor":8,"key":"SMITH"},{"data":"Go for the Eyes","floor":12,"key":"SMITH"},{"data":"Conserve Battery","floor":15,"key":"SMITH"},{"floor":27,"key":"REST"},{"data":"Streamline","floor":29,"key":"SMITH"},{"data":"Bite","floor":32,"key":"SMITH"}],"neow_cost":"NONE","seed_source_timestamp":70642569297900,"circlet_count":0,"master_deck":["Defend_B","Defend_B","Zap+1","Dualcast+1","BootSequence+1","Auto Shields+1","Reboot+1","Gash","Go for the Eyes+1","Undo","Streamline+1","Conserve Battery+1","Coolheaded+1","Conserve Battery+1","Sweeping Beam","Biased Cognition","Cold Snap","Coolheaded+1","Writhe","Bite+1","Bite","Bite","Bite","Bite"],"relics":["Astrolabe","Anchor","Singing Bowl","Cursed Key","Juzu Bracelet","Bottled Flame","War Paint"],"potions_floor_usage":[23,23,23,33],"damage_taken":[{"damage":6,"enemies":"Jaw Worm","floor":1,"turns":7},{"damage":5,"enemies":"2 Louse","floor":2,"turns":3},{"damage":0,"enemies":"Cultist","floor":5,"turns":5},{"damage":3,"enemies":"Exordium Thugs","floor":10,"turns":4},{"damage":0,"enemies":"Large Slime","floor":11,"turns":9},{"damage":6,"enemies":"Lagavulin","floor":13,"turns":9},{"damage":0,"enemies":"3 Louse","floor":14,"turns":3},{"damage":48,"enemies":"Slime Boss","floor":16,"turns":18},{"damage":18,"enemies":"Spheric Guardian","floor":18,"turns":8},{"damage":38,"enemies":"Book of Stabbing","floor":23,"turns":11},{"damage":0,"enemies":"Shell Parasite","floor":25,"turns":12},{"damage":122,"enemies":"Champ","floor":33,"turns":19}],"seed_played":"5798129363272309624","potions_obtained":[{"floor":1,"key":"FearPotion"},{"floor":10,"key":"Dexterity Potion"},{"floor":11,"key":"SkillPotion"},{"floor":23,"key":"Poison Potion"}],"is_trial":false,"path_per_floor":["M","M","?","?","M","R","$","R","T","M","M","R","E","M","R","B",null,"M","?","?","$","?","E","?","M","T","R","?","R","$","?","R","B"],"character_chosen":"DEFECT","items_purchased":["Conserve Battery","Coolheaded","Cold Snap"],"campfire_rested":1,"item_purchase_floors":[7,7,21],"current_hp_per_floor":[69,64,64,64,64,64,64,64,64,61,61,61,57,59,59,11,79,63,63,48,48,48,12,12,14,14,41,41,41,41,41,41,0],"gold":103,"neow_bonus":"BOSS_RELIC","is_prod":false,"is_daily":false,"chose_seed":false,"campfire_upgraded":6,"win_rate":0,"timestamp":1566655762,"path_taken":["M","M","?","?","M","R","$","R","T","M","M","R","E","?","R","BOSS","M","?","?","$","?","E","?","M","T","R","?","R","?","?","R","BOSS"],"build_version":"2019-07-17","purchased_purges":1,"victory":false,"max_hp_per_floor":[75,75,75,75,75,75,75,75,75,75,75,75,77,79,79,79,79,81,81,86,86,86,88,88,90,90,90,90,90,90,62,62,62],"card_choices":[{"not_picked":["Double Energy","Streamline"],"picked":"Gash","floor":1},{"not_picked":["Blizzard","Consume"],"picked":"Go for the Eyes","floor":2},{"not_picked":["Genetic Algorithm","Stack"],"picked":"Streamline","floor":5},{"not_picked":["Static Discharge","Cold Snap"],"picked":"Conserve Battery","floor":10},{"not_picked":["Blizzard","Turbo"],"picked":"Sweeping Beam","floor":11},{"not_picked":["Steam","Rebound","Barrage"],"picked":"Singing Bowl","floor":13},{"not_picked":["Genetic Algorithm","Compile Driver","White Noise"],"picked":"Singing Bowl","floor":14},{"not_picked":["Fission","Reboot"],"picked":"Biased Cognition","floor":16},{"not_picked":["Go for the Eyes","Undo","Storm"],"picked":"Singing Bowl","floor":18},{"not_picked":["Scrape+1","Chaos","BootSequence"],"picked":"Singing Bowl","floor":23},{"not_picked":["Beam Cell","Compile Driver","Chill"],"picked":"Singing Bowl","floor":25}],"player_experience":336225,"relics_obtained":[{"floor":9,"key":"Anchor"},{"floor":13,"key":"Singing Bowl"},{"floor":23,"key":"Bottled Flame"},{"floor":26,"key":"War Paint"}],"event_choices":[{"cards_removed":["Defend_B"],"damage_healed":0,"gold_gain":0,"player_choice":"Card Removal","damage_taken":0,"max_hp_gain":0,"max_hp_loss":0,"event_name":"The Cleric","floor":3,"gold_loss":50},{"damage_healed":0,"gold_gain":0,"cards_transformed":["Strike_B"],"player_choice":"Transformed","damage_taken":0,"max_hp_gain":0,"max_hp_loss":0,"event_name":"Transmorgrifier","floor":4,"gold_loss":0,"cards_obtained":["Undo"]},{"damage_healed":0,"gold_gain":0,"player_choice":"Ignored","damage_taken":0,"max_hp_gain":0,"max_hp_loss":0,"event_name":"Beggar","floor":19,"gold_loss":0},{"damage_healed":0,"gold_gain":0,"player_choice":"Shed Blood","damage_taken":20,"max_hp_gain":5,"max_hp_loss":0,"event_name":"Forgotten Altar","floor":20,"gold_loss":0},{"damage_healed":0,"gold_gain":0,"player_choice":"Opened","damage_taken":0,"relics_obtained":["Juzu Bracelet"],"max_hp_gain":0,"max_hp_loss":0,"event_name":"The Mausoleum","floor":22,"gold_loss":0,"cards_obtained":["Writhe"]},{"damage_healed":0,"gold_gain":0,"cards_transformed":["Writhe","Defend_B"],"player_choice":"Became Test Subject","damage_taken":0,"max_hp_gain":0,"max_hp_loss":0,"event_name":"Drug Dealer","floor":24,"gold_loss":0,"cards_obtained":["Decay","Coolheaded"]},{"damage_healed":0,"gold_gain":0,"player_choice":"Upgraded","damage_taken":0,"max_hp_gain":0,"max_hp_loss":0,"event_name":"Upgrade Shrine","floor":28,"gold_loss":0,"cards_upgraded":["Coolheaded"]},{"damage_healed":0,"gold_gain":0,"player_choice":"Became a vampire","damage_taken":0,"max_hp_gain":0,"max_hp_loss":28,"event_name":"Vampires","floor":31,"gold_loss":0,"cards_obtained":["Bite","Bite","Bite","Bite","Bite"]}],"is_beta":false,"boss_relics":[{"not_picked":["Pandora\u0027s Box","Runic Pyramid"],"picked":"Cursed Key"}],"items_purged_floors":[30],"is_endless":false,"potions_floor_spawned":[1,10,11,14,16,23],"killed_by":"Champ","ascension_level":4}