{"gold_per_floor":[109,128,147,62,78,78,111,111,159,185,201,201,201,276,276,353,353,368,368,293,303,323,323,337,364,418,418],"floor_reached":27,"playtime":3643,"items_purged":["Pain"],"score":450,"play_id":"3ed0c22b-0de2-44c3-8b48-a1c1c12af72c","local_time":"20190821114529","is_ascension_mode":true,"campfire_choices":[{"data":"Dash","floor":6.0,"key":"SMITH"},{"floor":8.0,"key":"REST"},{"floor":13.0,"key":"REST"},{"floor":15.0,"key":"REST"},{"floor":23,"key":"REST"}],"neow_cost":"NONE","seed_source_timestamp":0,"circlet_count":0,"master_deck":["AscendersBane","Strike_G","Strike_G","Strike_G","Strike_G","Strike_G","Defend_G","Defend_G+1","Defend_G","Defend_G","Defend_G","Survivor+1","Neutralize","Bane","Deadly Poison","Bane","Dash+1","Bouncing Flask","A Thousand Cuts","Backflip","Envenom","Dagger Spray","Dodge and Roll+1"],"special_seed":0,"relics":["Velvet Choker","Blue Candle","Oddly Smooth Stone","Orichalcum","Bag of Preparation","Snecko Eye","WarpedTongs","War Paint","Bag of Marbles"],"potions_floor_usage":[16,25,25],"damage_taken":[{"damage":3.0,"enemies":"Small Slimes","floor":1.0,"turns":4.0},{"damage":6.0,"enemies":"2 Louse","floor":2.0,"turns":4.0},{"damage":1.0,"enemies":"Jaw Worm","floor":3.0,"turns":3.0},{"damage":5.0,"enemies":"Lots of Slimes","floor":5.0,"turns":4.0},{"damage":25.0,"enemies":"3 Sentries","floor":7.0,"turns":9.0},{"damage":15.0,"enemies":"Lagavulin","floor":10.0,"turns":7.0},{"damage":10.0,"enemies":"Gremlin Gang","floor":11.0,"turns":6.0},{"damage":16,"enemies":"Hexaghost","floor":16,"turns":8},{"damage":16,"enemies":"2 Thieves","floor":18,"turns":3},{"damage":0,"enemies":"Spheric Guardian","floor":21,"turns":3},{"damage":0,"enemies":"Centurion and Healer","floor":22,"turns":6},{"damage":1,"enemies":"Snecko","floor":24,"turns":4},{"damage":34,"enemies":"Gremlin Leader","floor":25,"turns":5},{"damage":23,"enemies":"Slavers","floor":27,"turns":4}],"seed_played":"-6362645215371729845","potions_obtained":[{"floor":1.0,"key":"SkillPotion"},{"floor":2.0,"key":"Fire Potion"},{"floor":11.0,"key":"SkillPotion"},{"floor":21,"key":"GamblersBrew"},{"floor":22,"key":"PowerPotion"}],"is_trial":false,"path_per_floor":["M","M","M","$","M","R","E","R","T","E","M","?","R","?","R","B",null,"M","?","$","M","M","R","M","E","T","E"],"character_chosen":"THE_SILENT","items_purchased":["Dash"],"campfire_rested":4,"item_purchase_floors":[4],"current_hp_per_floor":[56,50,49,49,44,44,19,38,38,23,13,8,27,16,35,19,54,38,38,38,38,38,57,56,22,22,0],"gold":418,"neow_bonus":"BOSS_RELIC","is_prod":false,"is_daily":false,"chose_seed":false,"campfire_upgraded":1,"win_rate":0,"timestamp":1566405929,"path_taken":["M","M","M","$","M","R","E","R","T","E","M","?","R","?","R","BOSS","M","?","$","M","M","R","?","E","T","E"],"build_version":"2019-07-17","purchased_purges":1,"victory":false,"max_hp_per_floor":[66,66,66,66,66,66,66,66,66,66,66,66,66,66,66,66,66,66,66,66,66,66,66,66,66,66,66],"card_choices":[{"not_picked":["Blade Dance","Slice"],"picked":"Bane","floor":1.0},{"not_picked":["Poisoned Stab","Catalyst"],"picked":"Deadly Poison","floor":2.0},{"not_picked":["Poisoned Stab","Eviscerate"],"picked":"Bane","floor":3.0},{"not_picked":["Cloak And Dagger","Bane","Endless Agony"],"picked":"SKIP","floor":5.0},{"not_picked":["Eviscerate","Bane"],"picked":"Bouncing Flask","floor":7.0},{"not_picked":["Backstab","Sucker Punch"],"picked":"A Thousand Cuts","floor":10.0},{"not_picked":["Bane","Poisoned Stab"],"picked":"Backflip","floor":11.0},{"not_picked":["Night Terror","Die Die Die"],"picked":"Envenom","floor":16},{"not_picked":["Blur","Slice"],"picked":"Dagger Spray","floor":18},{"not_picked":["Backstab","Terror"],"picked":"Dodge and Roll+1","floor":21},{"not_picked":["Bane","Deflect+1","Dagger Spray"],"picked":"SKIP","floor":22},{"not_picked":["Backstab","Accuracy","Blade Dance"],"picked":"SKIP","floor":24},{"not_picked":["Setup","Finisher","Cloak And Dagger"],"picked":"SKIP","floor":25}],"player_experience":1656583,"relics_obtained":[{"floor":7.0,"key":"Blue Candle"},{"floor":9.0,"key":"Oddly Smooth Stone"},{"floor":10.0,"key":"Orichalcum"},{"floor":25,"key":"War Paint"},{"floor":26,"key":"Bag of Marbles"}],"event_choices":[{"damage_healed":0.0,"max_hp_gain":0.0,"max_hp_loss":0.0,"gold_gain":0.0,"event_name":"Scrap Ooze","player_choice":"Success","floor":12.0,"gold_loss":0.0,"damage_taken":5.0,"relics_obtained":["Bag of Preparation"]},{"damage_healed":0.0,"max_hp_gain":0.0,"max_hp_loss":0.0,"gold_gain":75.0,"event_name":"World of Goop","player_choice":"Gather Gold","floor":14.0,"gold_loss":0.0,"damage_taken":11.0},{"damage_healed":0,"gold_gain":0,"player_choice":"Rummage","damage_taken":0,"relics_obtained":["WarpedTongs"],"max_hp_gain":0,"max_hp_loss":0,"event_name":"Accursed Blacksmith","floor":19,"gold_loss":0,"cards_obtained":["Pain"]}],"is_beta":false,"boss_relics":[{"not_picked":["Coffee Dripper","Ectoplasm"],"picked":"Snecko Eye"}],"items_purged_floors":[20],"is_endless":false,"potions_floor_spawned":[1,2,11,21,22],"killed_by":"Slavers","ascension_level":17}