{"gold_per_floor":[113,133,208,208,208,208,249,249,249,318,21,34,34,47,47,178,178,196,196,111,111,16,16],"floor_reached":23,"playtime":571,"items_purged":[],"score":242,"play_id":"96c1387b-6322-4536-bdfe-e15dddec8e9f","local_time":"20190607162207","is_ascension_mode":true,"campfire_choices":[{"data":"Redo","floor":6,"key":"SMITH"},{"floor":15,"key":"REST"}],"neow_cost":"NONE","seed_source_timestamp":27457919436039,"circlet_count":0,"master_deck":["Strike_B","Strike_B","Strike_B","Defend_B","Defend_B","Defend_B","Defend_B","Zap","Dualcast","Redo+1","Injury","Cold Snap","Streamline","Ball Lightning","Multi-Cast","Cold Snap+1","Capacitor","Conserve Battery"],"relics":["Cracked Core","NeowsBlessing","Golden Idol","Ginger","Bottled Flame","PreservedInsect","Gambling Chip","Happy Flower","Philosopher\u0027s Stone","MutagenicStrength","The Courier","Oddly Smooth Stone"],"potions_floor_usage":[],"damage_taken":[{"damage":0,"enemies":"2 Louse","floor":1,"turns":1},{"damage":0,"enemies":"Small Slimes","floor":2,"turns":1},{"damage":0,"enemies":"Gremlin Nob","floor":7,"turns":1},{"damage":63,"enemies":"Lagavulin Event","floor":10,"turns":7},{"damage":7,"enemies":"Jaw Worm","floor":12,"turns":3},{"damage":0,"enemies":"Blue Slaver","floor":14,"turns":3},{"damage":17,"enemies":"Slime Boss","floor":16,"turns":10},{"damage":4,"enemies":"Chosen","floor":18,"turns":4},{"damage":72,"enemies":"Book of Stabbing","floor":23,"turns":5}],"seed_played":"3150430682503067819","potions_obtained":[{"floor":2,"key":"FairyPotion"},{"floor":7,"key":"FairyPotion"},{"floor":16,"key":"Energy Potion"}],"is_trial":false,"path_per_floor":["M","M","?","?","?","R","E","?","T","?","$","M","T","M","R","B",null,"M","?","?","T","$","E"],"character_chosen":"DEFECT","items_purchased":["Gambling Chip","Capacitor","Conserve Battery"],"campfire_rested":1,"item_purchase_floors":[11,22,22],"current_hp_per_floor":[75,75,64,57,57,57,57,57,57,7,7,7,7,7,29,12,75,71,71,71,71,71,0],"gold":16,"neow_bonus":"THREE_ENEMY_KILL","is_prod":false,"is_daily":false,"chose_seed":false,"campfire_upgraded":1,"win_rate":0,"timestamp":1559917327,"path_taken":["M","M","?","?","?","R","E","?","T","?","?","M","?","?","R","BOSS","M","?","?","?","$","E"],"build_version":"2019-01-23","purchased_purges":0,"victory":false,"max_hp_per_floor":[75,75,75,75,75,75,75,75,75,75,75,75,75,75,75,75,75,75,75,75,75,75,75],"card_choices":[{"not_picked":["Barrage","Leap"],"picked":"Redo","floor":1},{"not_picked":["Barrage","Leap","Sweeping Beam"],"picked":"SKIP","floor":2},{"not_picked":["Chaos","Leap","Beam Cell"],"picked":"SKIP","floor":7},{"not_picked":["Reprogram","Skim"],"picked":"Cold Snap","floor":10},{"not_picked":["Compile Driver","Coolheaded"],"picked":"Streamline","floor":12},{"not_picked":["Machine Learning","Chaos"],"picked":"Ball Lightning","floor":14},{"not_picked":["Meteor Strike","Amplify"],"picked":"Multi-Cast","floor":16},{"not_picked":["Beam Cell","Fusion"],"picked":"Cold Snap+1","floor":18}],"player_experience":204614,"relics_obtained":[{"floor":7,"key":"Ginger"},{"floor":9,"key":"Bottled Flame"},{"floor":10,"key":"PreservedInsect"},{"floor":13,"key":"Happy Flower"},{"floor":21,"key":"Oddly Smooth Stone"}],"event_choices":[{"damage_healed":0,"gold_gain":75,"player_choice":"Gather Gold","damage_taken":11,"max_hp_gain":0,"max_hp_loss":0,"event_name":"World of Goop","floor":3,"gold_loss":0},{"cards_removed":["Strike_B"],"damage_healed":0,"gold_gain":0,"player_choice":"Card Removal","damage_taken":7,"max_hp_gain":0,"max_hp_loss":0,"event_name":"Golden Wing","floor":4,"gold_loss":0},{"damage_healed":0,"gold_gain":0,"player_choice":"Take Wound","damage_taken":0,"relics_obtained":["Golden Idol"],"max_hp_gain":0,"max_hp_loss":0,"event_name":"Golden Idol","floor":5,"gold_loss":0,"cards_obtained":["Injury"]},{"damage_healed":0,"gold_gain":0,"player_choice":"Ignored","damage_taken":0,"max_hp_gain":0,"max_hp_loss":0,"event_name":"Shining Light","floor":8,"gold_loss":0},{"damage_healed":0,"gold_gain":0,"player_choice":"Searched \u00272\u0027 times","damage_taken":0,"max_hp_gain":0,"max_hp_loss":0,"event_name":"Dead Adventurer","floor":10,"gold_loss":0},{"damage_healed":0,"gold_gain":0,"player_choice":"Inject Mutagens","damage_taken":0,"relics_obtained":["MutagenicStrength"],"max_hp_gain":0,"max_hp_loss":0,"event_name":"Drug Dealer","floor":19,"gold_loss":0},{"damage_healed":0,"gold_gain":0,"player_choice":"Obtained Relic","damage_taken":0,"relics_obtained":["The Courier"],"max_hp_gain":0,"max_hp_loss":0,"event_name":"Addict","floor":20,"gold_loss":85}],"is_beta":false,"boss_relics":[{"not_picked":["Calling Bell","White Beast Statue"],"picked":"Philosopher\u0027s Stone"}],"items_purged_floors":[],"is_endless":false,"potions_floor_spawned":[2,7,16],"killed_by":"Book of Stabbing","ascension_level":3}