{"gold_per_floor":[117,129,129,204,216,216,243,243,288,363,35,50,118,133,133,207,207,221,221,236,6,6,6,17,17],"floor_reached":25,"playtime":2445,"items_purged":["Strike_B"],"score":342,"play_id":"404c88a6-260a-49bb-a187-fe13a068946a","local_time":"20190505234155","is_ascension_mode":true,"campfire_choices":[{"data":"Sunder","floor":6.0,"key":"SMITH"},{"floor":8.0,"key":"REST"},{"floor":15,"key":"REST"}],"neow_cost":"NONE","seed_source_timestamp":0,"circlet_count":0,"master_deck":["AscendersBane","Strike_B+1","Strike_B+1","Strike_B+1","Defend_B+1","Defend_B+1","Defend_B+1","Defend_B+1","Zap","Dualcast","Cold Snap","Ball Lightning","Sunder+1","Biased Cognition","Defragment","Genetic Algorithm+1","Core Surge","Redo+1","Biased Cognition","Zap+1","Conserve Battery+1","Glacier+1","Defragment"],"special_seed":0,"relics":["Cracked Core","Pen Nib","StoneCalendar","Bag of Marbles","Toxic Egg 2","Eternal Feather"],"potions_floor_usage":[16,24,25],"damage_taken":[{"damage":2.0,"enemies":"Jaw Worm","floor":1.0,"turns":3.0},{"damage":0.0,"enemies":"Cultist","floor":2.0,"turns":3.0},{"damage":2.0,"enemies":"2 Louse","floor":5.0,"turns":3.0},{"damage":30.0,"enemies":"Lagavulin","floor":7.0,"turns":7.0},{"damage":0,"enemies":"Large Slime","floor":12,"turns":3},{"damage":8,"enemies":"Gremlin Gang","floor":14,"turns":4},{"damage":5,"enemies":"Slime Boss","floor":16,"turns":6},{"damage":39,"enemies":"2 Thieves","floor":18,"turns":5},{"damage":5,"enemies":"3 Byrds","floor":20,"turns":4},{"damage":23,"enemies":"Centurion and Healer","floor":24,"turns":7},{"damage":4,"enemies":"Colosseum Slavers","floor":25,"turns":1}],"seed_played":"-4321552975928123484","potions_obtained":[{"floor":7.0,"key":"FearPotion"},{"floor":18,"key":"Energy Potion"},{"floor":20,"key":"SpeedPotion"}],"is_trial":false,"path_per_floor":["M","M","?","?","M","R","E","R","T","?","$","M","?","M","R","B",null,"M","?","M","$","?","?","M","?"],"character_chosen":"DEFECT","items_purchased":["Toxic Egg 2","Defragment","Glacier+1","Defragment"],"campfire_rested":2,"item_purchase_floors":[11,11,21,21],"current_hp_per_floor":[69,69,57,46,44,44,14,37,37,30,30,30,30,22,45,40,69,30,30,25,25,25,25,2,0],"gold":17,"neow_bonus":"TEN_PERCENT_HP_BONUS","is_prod":false,"is_daily":false,"chose_seed":false,"campfire_upgraded":1,"win_rate":0,"timestamp":1557117715,"path_taken":["M","M","?","?","M","R","E","R","T","?","$","?","?","M","R","BOSS","M","?","?","$","?","?","M","?"],"build_version":"2019-01-23","purchased_purges":1,"victory":false,"max_hp_per_floor":[78,78,78,78,78,78,78,78,78,78,78,78,78,78,78,78,78,78,78,78,78,78,78,78,78],"card_choices":[{"not_picked":["Turbo","Sweeping Beam"],"picked":"Cold Snap","floor":1.0},{"not_picked":["Rebound","Rip and Tear"],"picked":"Ball Lightning","floor":2.0},{"not_picked":["Redo","Sweeping Beam"],"picked":"Sunder","floor":5.0},{"not_picked":["Consume","BootSequence"],"picked":"Biased Cognition","floor":7.0},{"not_picked":["Ball Lightning","Rebound","Sweeping Beam"],"picked":"SKIP","floor":12},{"not_picked":["Streamline","Sweeping Beam"],"picked":"Genetic Algorithm+1","floor":14},{"not_picked":["Amplify+1","All For One"],"picked":"Core Surge","floor":16},{"not_picked":["Cold Snap","Compile Driver"],"picked":"Redo+1","floor":18},{"not_picked":["Genetic Algorithm+1","Steam+1"],"picked":"Conserve Battery+1","floor":20},{"not_picked":["Streamline+1","Ball Lightning","Blizzard"],"picked":"SKIP","floor":24}],"player_experience":1184850,"relics_obtained":[{"floor":7.0,"key":"StoneCalendar"},{"floor":9.0,"key":"Bag of Marbles"}],"event_choices":[{"damage_healed":0.0,"max_hp_gain":0.0,"max_hp_loss":0.0,"gold_gain":0.0,"event_name":"Scrap Ooze","player_choice":"Success","floor":3.0,"gold_loss":0.0,"damage_taken":12.0,"relics_obtained":["Pen Nib"]},{"damage_healed":0.0,"max_hp_gain":0.0,"max_hp_loss":0.0,"gold_gain":75.0,"event_name":"World of Goop","player_choice":"Gather Gold","floor":4.0,"gold_loss":0.0,"damage_taken":11.0},{"damage_healed":0.0,"max_hp_gain":0.0,"max_hp_loss":0.0,"gold_gain":75.0,"event_name":"FaceTrader","player_choice":"Touch","floor":10.0,"gold_loss":0.0,"damage_taken":7.0},{"damage_healed":0,"gold_gain":68,"player_choice":"Gained Gold","damage_taken":0,"max_hp_gain":0,"max_hp_loss":0,"event_name":"Golden Wing","floor":13,"gold_loss":0},{"damage_healed":0,"gold_gain":0,"player_choice":"2 cards matched","damage_taken":0,"max_hp_gain":0,"max_hp_loss":0,"event_name":"Match and Keep!","floor":19,"gold_loss":0,"cards_obtained":["Biased Cognition","Zap"]},{"damage_healed":0,"gold_gain":0,"player_choice":"Ignored","damage_taken":0,"max_hp_gain":0,"max_hp_loss":0,"event_name":"Beggar","floor":22,"gold_loss":0},{"damage_healed":0,"gold_gain":0,"player_choice":"Simplicity","damage_taken":0,"max_hp_gain":0,"max_hp_loss":0,"event_name":"Back to Basics","floor":23,"gold_loss":0,"cards_upgraded":["Strike_B","Strike_B","Strike_B","Defend_B","Defend_B","Defend_B","Defend_B"]},{"damage_healed":0,"gold_gain":0,"player_choice":"Fight","damage_taken":0,"max_hp_gain":0,"max_hp_loss":0,"event_name":"Colosseum","floor":25,"gold_loss":0}],"is_beta":false,"boss_relics":[{"not_picked":["Orrery","Empty Cage"],"picked":"Eternal Feather"}],"items_purged_floors":[21],"is_endless":false,"potions_floor_spawned":[7,18,20],"killed_by":"Colosseum Slavers","ascension_level":14}