{"gold_per_floor":[112,112,126,26,26,53,53,79,99,99,114,141,141,151,151,213,213,213],"floor_reached":18,"playtime":514,"items_purged":["Strike_G"],"score":513,"play_id":"a5272295-dc1a-48f7-a95b-940508ea07ae","local_time":"20190828003937","is_ascension_mode":true,"campfire_choices":[{"data":"Neutralize","floor":7,"key":"SMITH"},{"data":"Corpse Explosion","floor":10,"key":"SMITH"},{"data":"Glass Knife","floor":13,"key":"SMITH"},{"data":"Backflip","floor":15,"key":"SMITH"}],"neow_cost":"NONE","seed_source_timestamp":212273037242483,"circlet_count":0,"master_deck":["Strike_G","Strike_G","Strike_G","Strike_G","Defend_G","Defend_G","Defend_G","Defend_G","Defend_G","Survivor","Neutralize+1","AscMod:ascendersbane","Backstab+1","Predator","Corpse Explosion+1","Glass Knife+1","Backflip+1","Malaise"],"relics":["Ring of the Snake","NeowsBlessing","Omamori","Vajra","Regal Pillow","Pocketwatch"],"potions_floor_usage":[8,11,12],"damage_taken":[{"damage":0,"enemies":"Cultist","floor":1,"turns":1},{"damage":0,"enemies":"Jaw Worm","floor":3,"turns":1},{"damage":0,"enemies":"Lagavulin","floor":6,"turns":1},{"damage":0,"enemies":"3 Sentries","floor":8,"turns":2},{"damage":0,"enemies":"Small Slimes","floor":11,"turns":2},{"damage":8,"enemies":"Gremlin Nob","floor":12,"turns":3},{"damage":0,"enemies":"Blue Slaver","floor":14,"turns":1},{"damage":10,"enemies":"Hexaghost","floor":16,"turns":8},{"damage":0,"enemies":"Shell Parasite","floor":18,"turns":1}],"seed_played":"-599132149098336188","potions_obtained":[{"floor":3,"key":"SteroidPotion"},{"floor":8,"key":"Poison Potion"},{"floor":11,"key":"Fruit Juice"},{"floor":12,"key":"Explosive Potion"}],"is_trial":false,"path_per_floor":["M","?","M","$","?","E","R","E","T","R","M","E","R","M","R","B",null,"M"],"character_chosen":"THE_SILENT","items_purchased":[],"campfire_rested":0,"item_purchase_floors":[],"current_hp_per_floor":[59,59,59,59,59,59,59,59,59,59,63,55,55,55,55,45,61,61],"gold":213,"neow_bonus":"THREE_ENEMY_KILL","is_prod":false,"is_daily":false,"chose_seed":false,"campfire_upgraded":4,"win_rate":0,"timestamp":1566927577,"path_taken":["M","?","?","$","?","E","R","E","T","R","M","E","R","M","R","BOSS","M"],"build_version":"2019-07-17","purchased_purges":1,"victory":false,"max_hp_per_floor":[66,66,66,66,66,66,66,66,66,66,71,71,71,71,71,71,71,71],"card_choices":[{"not_picked":["Deadly Poison","Sucker Punch"],"picked":"Backstab","floor":1},{"not_picked":["Backflip","Blade Dance"],"picked":"Predator","floor":3},{"not_picked":["Deadly Poison","Skewer"],"picked":"Corpse Explosion","floor":6},{"not_picked":["Dagger Throw","Dodge and Roll","Deadly Poison"],"picked":"SKIP","floor":8},{"not_picked":["Distraction","Slice","Endless Agony"],"picked":"SKIP","floor":11},{"not_picked":["Dash","Quick Slash"],"picked":"Glass Knife","floor":12},{"not_picked":["Deadly Poison","Reflex"],"picked":"Backflip","floor":14},{"not_picked":["Burst","Storm of Steel"],"picked":"Malaise","floor":16}],"player_experience":1098297,"relics_obtained":[{"floor":6,"key":"Omamori"},{"floor":8,"key":"Vajra"},{"floor":9,"key":"Regal Pillow"},{"floor":12,"key":"Pocketwatch"}],"event_choices":[{"damage_healed":0,"gold_gain":0,"player_choice":"Upgraded","damage_taken":0,"max_hp_gain":0,"max_hp_loss":0,"event_name":"Upgrade Shrine","floor":2,"gold_loss":0,"cards_upgraded":["Backstab"]},{"damage_healed":0,"gold_gain":0,"player_choice":"Ignored","damage_taken":0,"max_hp_gain":0,"max_hp_loss":0,"event_name":"Liars Game","floor":5,"gold_loss":0}],"is_beta":false,"boss_relics":[{"not_picked":["MetallicRebirth"],"picked":"Scatterbrain"},{"not_picked":["MetallicRebirth"],"picked":"Scatterbrain"}],"items_purged_floors":[4],"is_endless":false,"potions_floor_spawned":[3,8,11,12],"killed_by":"Shell Parasite","ascension_level":25}