{"gold_per_floor":[113,126,145,163,133,158,158,191,217,24,24,49,49,60,60,133,133,145,159,5,25,75,75],"floor_reached":23,"playtime":978,"items_purged":["Strike_R","Strike_R"],"score":422,"play_id":"9c60e206-9042-4237-a6b4-6d0a9724f307","local_time":"20190604185037","is_ascension_mode":true,"campfire_choices":[{"data":"Juggernaut","floor":7,"key":"SMITH"},{"floor":11,"key":"REST"},{"data":"Flame Barrier","floor":13,"key":"SMITH"},{"data":"Corruption","floor":15,"key":"SMITH"}],"neow_cost":"NONE","seed_source_timestamp":1111948880558118,"circlet_count":0,"master_deck":["AscendersBane","Strike_R","Strike_R","Strike_R","Defend_R","Defend_R","Defend_R","Defend_R","Bash+1","Twin Strike","Combust","True Grit","Carnage","Juggernaut+1","Corruption+1","Sentinel","Flame Barrier+1","Immolate","Uppercut","Spot Weakness+1"],"relics":["Burning Blood","Vajra","Lantern","Potion Belt","Runic Dome"],"potions_floor_usage":[6,8,8,16,16,21,23,23,23],"damage_taken":[{"damage":7,"enemies":"Cultist","floor":1,"turns":4},{"damage":0,"enemies":"2 Louse","floor":2,"turns":4},{"damage":14,"enemies":"Jaw Worm","floor":3,"turns":4},{"damage":20,"enemies":"3 Louse","floor":4,"turns":4},{"damage":8,"enemies":"Gremlin Nob","floor":6,"turns":3},{"damage":18,"enemies":"3 Sentries","floor":8,"turns":5},{"damage":20,"enemies":"Lagavulin","floor":12,"turns":6},{"damage":10,"enemies":"Lots of Slimes","floor":14,"turns":3},{"damage":29,"enemies":"Hexaghost","floor":16,"turns":8},{"damage":26,"enemies":"Shell Parasite","floor":18,"turns":4},{"damage":26,"enemies":"3 Byrds","floor":19,"turns":4},{"damage":16,"enemies":"Snake Plant","floor":21,"turns":3},{"damage":12,"enemies":"Slavers","floor":23,"turns":2}],"seed_played":"5486880422813324063","potions_obtained":[{"floor":3,"key":"Dexterity Potion"},{"floor":4,"key":"Swift Potion"},{"floor":5,"key":"Fire Potion"},{"floor":5,"key":"SkillPotion"},{"floor":6,"key":"SkillPotion"},{"floor":8,"key":"PowerPotion"},{"floor":14,"key":"Swift Potion"},{"floor":16,"key":"EssenceOfSteel"},{"floor":18,"key":"Energy Potion"},{"floor":21,"key":"AttackPotion"}],"is_trial":false,"path_per_floor":["M","M","M","M","?","E","R","E","T","$","R","E","R","M","R","B",null,"M","M","$","M","?","E"],"character_chosen":"IRONCLAD","items_purchased":["Corruption","Sentinel","AttackPotion"],"campfire_rested":1,"item_purchase_floors":[10,10,20],"current_hp_per_floor":[67,73,65,51,51,49,49,37,37,37,59,45,45,41,41,18,61,41,21,21,11,11,0],"gold":75,"neow_bonus":"UPGRADE_CARD","is_prod":false,"is_daily":false,"chose_seed":false,"campfire_upgraded":3,"win_rate":0,"timestamp":1559688637,"path_taken":["M","M","?","M","?","E","R","E","T","$","R","E","R","?","R","BOSS","M","M","$","?","?","E"],"build_version":"2019-01-23","purchased_purges":2,"victory":false,"max_hp_per_floor":[75,75,75,75,75,75,75,75,75,75,75,75,75,75,75,75,75,75,75,75,75,75,75],"card_choices":[{"not_picked":["Sword Boomerang","Blood for Blood"],"picked":"Twin Strike","floor":1},{"not_picked":["Perfected Strike","Intimidate"],"picked":"Combust","floor":2},{"not_picked":["Entrench","Reckless Charge"],"picked":"True Grit","floor":3},{"not_picked":["Wild Strike","Thunderclap"],"picked":"Carnage","floor":4},{"not_picked":["Armaments","Inflame"],"picked":"Juggernaut","floor":6},{"not_picked":["Warcry","Twin Strike","Pummel"],"picked":"SKIP","floor":8},{"not_picked":["Pommel Strike","Entrench"],"picked":"Flame Barrier","floor":12},{"not_picked":["Twin Strike","True Grit","Sword Boomerang"],"picked":"SKIP","floor":14},{"not_picked":["Berserk","Impervious"],"picked":"Immolate","floor":16},{"not_picked":["Havoc","Bloodletting"],"picked":"Uppercut","floor":18},{"not_picked":["Body Slam","Sword Boomerang"],"picked":"Spot Weakness+1","floor":19},{"not_picked":["Searing Blow","Sever Soul","Infernal Blade"],"picked":"SKIP","floor":21}],"player_experience":900725,"relics_obtained":[{"floor":6,"key":"Vajra"},{"floor":8,"key":"Lantern"},{"floor":12,"key":"Potion Belt"}],"event_choices":[{"damage_healed":0,"gold_gain":0,"player_choice":"Bought 2 Potions","damage_taken":0,"max_hp_gain":0,"max_hp_loss":0,"event_name":"The Woman in Blue","floor":5,"gold_loss":0},{"damage_healed":0,"gold_gain":50,"player_choice":"Stole From Cult","damage_taken":0,"max_hp_gain":0,"max_hp_loss":0,"event_name":"Nest","floor":22,"gold_loss":0}],"is_beta":false,"boss_relics":[{"not_picked":["Eternal Feather","Coffee Dripper"],"picked":"Runic Dome"}],"items_purged_floors":[10,20],"is_endless":false,"potions_floor_spawned":[3,4,6,8,14,16,18,21],"killed_by":"Slavers","ascension_level":20}