{"gold_per_floor":[111,136,136,136,61,61,89,89,89,99,99,99,13,28,28,101,101,115,115,125,125,125,125],"floor_reached":23,"playtime":3984,"items_purged":["Strike_G"],"score":324,"play_id":"89203cc6-f560-4a74-8d72-dea0bac9c3fa","local_time":"20190603221503","is_ascension_mode":true,"campfire_choices":[{"data":"Neutralize","floor":6,"key":"SMITH"},{"floor":15,"key":"REST"}],"neow_cost":"NONE","seed_source_timestamp":1729284401262935,"circlet_count":0,"master_deck":["AscendersBane","Defend_G+1","Defend_G+1","Defend_G+1","Defend_G+1","Defend_G+1","Strike_G+1","Strike_G+1","Strike_G+1","Strike_G+1","Survivor+1","Neutralize+1","Calculated Gamble","Backstab","Noxious Fumes","Parasite","Good Instincts+1","Bullet Time+1","Distraction+1","Terror+1"],"relics":["Ring of the Snake","Art of War","Singing Bowl","Toxic Egg 2","Eternal Feather","Mummified Hand","MutagenicStrength"],"potions_floor_usage":[16,20,23],"damage_taken":[{"damage":0,"enemies":"Cultist","floor":1,"turns":4},{"damage":41,"enemies":"Lagavulin","floor":7,"turns":12},{"damage":3,"enemies":"Small Slimes","floor":10,"turns":3},{"damage":1,"enemies":"2 Louse","floor":14,"turns":3},{"damage":19,"enemies":"The Guardian","floor":16,"turns":16},{"damage":22,"enemies":"3 Byrds","floor":18,"turns":7},{"damage":9,"enemies":"Shell Parasite","floor":20,"turns":10},{"damage":58,"enemies":"Gremlin Leader","floor":23,"turns":6}],"seed_played":"-2194945427096607038","potions_obtained":[{"floor":10,"key":"Explosive Potion"},{"floor":16,"key":"SteroidPotion"},{"floor":18,"key":"SteroidPotion"},{"floor":20,"key":"SteroidPotion"}],"is_trial":false,"path_per_floor":["M","T","?","?","$","R","E","$","T","M","?","?","$","M","R","B",null,"M","?","M","?","?","E"],"character_chosen":"THE_SILENT","items_purchased":["Good Instincts+1"],"campfire_rested":1,"item_purchase_floors":[13],"current_hp_per_floor":[65,65,43,48,48,48,7,7,7,4,23,23,23,24,47,28,66,44,44,35,35,35,0],"gold":125,"neow_bonus":"TEN_PERCENT_HP_BONUS","is_prod":false,"is_daily":false,"chose_seed":false,"campfire_upgraded":1,"win_rate":0,"timestamp":1559618103,"path_taken":["M","?","?","?","?","R","E","$","T","M","?","?","$","?","R","BOSS","M","?","?","?","?","E"],"build_version":"2019-01-23","purchased_purges":1,"victory":false,"max_hp_per_floor":[72,72,72,77,77,77,77,77,77,77,77,77,77,79,79,79,79,79,79,79,79,79,79],"card_choices":[{"not_picked":["Dagger Throw","Sucker Punch"],"picked":"Calculated Gamble","floor":1},{"not_picked":["Flechettes","Cloak And Dagger"],"picked":"Backstab","floor":7},{"not_picked":["All Out Attack","A Thousand Cuts"],"picked":"Noxious Fumes","floor":10},{"not_picked":["Flying Knee","Quick Slash","Poisoned Stab"],"picked":"Singing Bowl","floor":14},{"not_picked":["Unload","Tools of the Trade"],"picked":"Bullet Time+1","floor":16},{"not_picked":["Dagger Throw+1","Sucker Punch"],"picked":"Distraction+1","floor":18},{"not_picked":["PiercingWail+1","Quick Slash"],"picked":"Terror+1","floor":20}],"player_experience":1237601,"relics_obtained":[{"floor":2,"key":"Art of War"},{"floor":7,"key":"Singing Bowl"},{"floor":9,"key":"Toxic Egg 2"}],"event_choices":[{"damage_healed":0,"gold_gain":0,"player_choice":"Entered Light","damage_taken":22,"max_hp_gain":0,"max_hp_loss":0,"event_name":"Shining Light","floor":3,"gold_loss":0,"cards_upgraded":["Survivor","Strike_G"]},{"damage_healed":0,"gold_gain":0,"player_choice":"Donut","damage_taken":0,"max_hp_gain":5,"max_hp_loss":0,"event_name":"Big Fish","floor":4,"gold_loss":0},{"damage_healed":19,"gold_gain":0,"player_choice":"Healed and dodged fight","damage_taken":0,"max_hp_gain":0,"max_hp_loss":0,"event_name":"Mushrooms","floor":11,"gold_loss":0,"cards_obtained":["Parasite"]},{"damage_healed":0,"gold_gain":0,"player_choice":"Ignored","damage_taken":0,"max_hp_gain":0,"max_hp_loss":0,"event_name":"Liars Game","floor":12,"gold_loss":0},{"damage_healed":0,"gold_gain":0,"player_choice":"Gave Potion","damage_taken":0,"relics_obtained":["Mummified Hand"],"max_hp_gain":0,"max_hp_loss":0,"event_name":"WeMeetAgain","floor":19,"gold_loss":0},{"damage_healed":0,"gold_gain":0,"player_choice":"Inject Mutagens","damage_taken":0,"relics_obtained":["MutagenicStrength"],"max_hp_gain":0,"max_hp_loss":0,"event_name":"Drug Dealer","floor":21,"gold_loss":0},{"damage_healed":0,"gold_gain":0,"player_choice":"Simplicity","damage_taken":0,"max_hp_gain":0,"max_hp_loss":0,"event_name":"Back to Basics","floor":22,"gold_loss":0,"cards_upgraded":["Defend_G","Defend_G","Defend_G","Defend_G","Defend_G","Strike_G","Strike_G","Strike_G"]}],"is_beta":false,"boss_relics":[{"not_picked":["HoveringKite","Astrolabe"],"picked":"Eternal Feather"}],"items_purged_floors":[5],"is_endless":false,"potions_floor_spawned":[10,16,18,20],"killed_by":"Gremlin Leader","ascension_level":15}