{"gold_per_floor":[114,364,389,404,419,449,449,487,487,8,46,46,84,103,103,228,228,247,266,216,139,158,158,196,215,290,470,489,508,508,546,546,671,671,690,690,690,709,728,766,785,823,898,898,898,917,936,28,28,28],"floor_reached":51,"playtime":1838,"items_purged":["Normality","Writhe"],"score":1352,"play_id":"e0aa5bb1-ce52-4524-88f9-a61c621a6522","local_time":"20180720155016","daily_mods":["Diverse","Cursed Run","Night Terrors"],"is_ascension_mode":false,"campfire_choices":[{"data":"Sword Boomerang","floor":12,"key":"SMITH"},{"data":"Backflip","floor":15,"key":"SMITH"},{"data":"Adrenaline","floor":23,"key":"SMITH"},{"floor":32,"key":"REST"},{"data":"Hologram","floor":44,"key":"SMITH"},{"floor":49,"key":"REST"}],"neow_cost":"","seed_source_timestamp":0,"circlet_count":0,"master_deck":["Strike_B","Strike_B","Strike_B","Strike_B","Defend_B","Defend_B","Defend_B","Defend_B+1","Zap","Dualcast","Spot Weakness","Regret","Prepared+1","Thunderclap","Sword Boomerang+1","Injury","Immolate","Backflip+1","Injury","Leap","Dagger Spray","Clumsy","Adrenaline+1","Ball Lightning","Rip and Tear","Cleave","Dagger Spray","Hologram+1","J.A.X.","Dagger Spray","Electrodynamics","Shrug It Off","Decay","Deep Breath","Backstab","True Grit","Second Wind","Reinforced Body","Writhe","Brutality","Shrug It Off+1","Self Repair+1","Writhe","Sucker Punch","Havoc","Burst","Quick Slash","Dagger Spray","Shame","Shrug It Off+1","Leg Sweep","Hologram","Discovery","Dagger Spray","Go for the Eyes","Distraction","Sword Boomerang","Parasite"],"special_seed":17732,"relics":["Cursed Key","Darkstone Periapt","Du-Vu Doll","Anchor","DataDisk","Golden Idol","Mango","Gremlin Horn","War Paint","DollysMirror","Orichalcum","Mummified Hand","Orrery","Dream Catcher","Matryoshka","Enchiridion","Dodecahedron","Sozu","Turnip","Pen Nib","Mercury Hourglass","Ornamental Fan","Meat on the Bone","Bird Faced Urn","Chemical X","Centennial Puzzle","Boot"],"potions_floor_usage":[6,16,16,16,28,28,31,50],"damage_taken":[{"damage":2,"enemies":"Small Slimes","floor":1,"turns":5},{"damage":1,"enemies":"Cultist","floor":4,"turns":3},{"damage":5,"enemies":"Jaw Worm","floor":5,"turns":4},{"damage":28,"enemies":"Gremlin Nob","floor":6,"turns":5},{"damage":19,"enemies":"3 Sentries","floor":8,"turns":6},{"damage":18,"enemies":"Lagavulin","floor":11,"turns":4},{"damage":0,"enemies":"3 Sentries","floor":13,"turns":2},{"damage":0,"enemies":"Gremlin Gang","floor":14,"turns":1},{"damage":37,"enemies":"The Guardian","floor":16,"turns":8},{"damage":2,"enemies":"Spheric Guardian","floor":18,"turns":2},{"damage":5,"enemies":"2 Thieves","floor":19,"turns":2},{"damage":15,"enemies":"3 Cultists","floor":22,"turns":3},{"damage":12,"enemies":"Book of Stabbing","floor":24,"turns":3},{"damage":14,"enemies":"Snake Plant","floor":25,"turns":4},{"damage":14,"enemies":"Slaver and Parasite","floor":28,"turns":3},{"damage":0,"enemies":"Centurion and Healer","floor":29,"turns":3},{"damage":5,"enemies":"Gremlin Leader","floor":31,"turns":3},{"damage":71,"enemies":"Champ","floor":33,"turns":9},{"damage":1,"enemies":"3 Darklings","floor":35,"turns":3},{"damage":54,"floor":36,"turns":4},{"damage":10,"enemies":"3 Shapes","floor":38,"turns":3},{"damage":16,"enemies":"3 Darklings","floor":39,"turns":3},{"damage":49,"enemies":"Nemesis","floor":40,"turns":5},{"damage":0,"enemies":"4 Shapes","floor":41,"turns":3},{"damage":15,"enemies":"Giant Head","floor":42,"turns":7},{"damage":0,"enemies":"Flame Bruiser 2 Orb","floor":46,"turns":2},{"damage":11,"enemies":"3 Darklings","floor":47,"turns":3},{"damage":41,"enemies":"Awakened One","floor":50,"turns":10}],"seed_played":"-1497029972376068251","potions_obtained":[{"floor":1,"key":"Block Potion"},{"floor":6,"key":"EssenceOfSteel"},{"floor":13,"key":"Weak Potion"},{"floor":14,"key":"Ancient Potion"},{"floor":16,"key":"EssenceOfSteel"},{"floor":18,"key":"Dexterity Potion"},{"floor":24,"key":"PowerPotion"},{"floor":29,"key":"Regen Potion"}],"is_trial":false,"path_per_floor":["M","?","T","M","M","E","?","E","T","$","E","R","E","M","R","B",null,"M","M","?","?","M","R","E","M","T","?","M","M","?","E","R","B",null,"M","?","?","M","M","E","M","E","T","R","?","M","M","$","R","B"],"character_chosen":"DEFECT","items_purchased":["Backflip","War Paint","DollysMirror","Hologram","Chemical X","Discovery","Centennial Puzzle","Boot","Dagger Spray","Go for the Eyes","Distraction"],"campfire_rested":2,"item_purchase_floors":[10,10,10,48,48,48,48,48,48,48,48],"current_hp_per_floor":[73,79,85,84,79,51,57,52,58,64,46,46,46,46,46,15,125,123,118,118,118,103,103,91,77,83,31,17,17,1,5,126,61,132,131,77,116,116,100,61,61,56,62,62,62,76,81,81,139,120],"gold":28,"neow_bonus":"","is_prod":false,"is_daily":true,"chose_seed":false,"campfire_upgraded":4,"win_rate":0,"timestamp":1532076616,"path_taken":["M","?","?","?","M","E","?","E","T","$","E","R","E","M","R","BOSS","M","M","?","?","M","R","E","M","T","?","?","?","?","E","R","BOSS","M","?","?","M","M","E","M","E","T","R","?","?","?","$","R","BOSS"],"build_version":"2018-07-19","purchased_purges":2,"victory":true,"max_hp_per_floor":[75,81,87,87,87,87,93,107,113,119,119,119,119,119,119,125,125,125,125,125,125,125,125,125,125,131,131,131,131,131,131,126,132,132,132,132,138,138,138,138,138,138,144,144,144,144,144,144,139,145],"card_choices":[{"not_picked":["Self Repair","Pommel Strike"],"picked":"Spot Weakness","floor":1},{"not_picked":["Clash","Deadly Poison"],"picked":"Prepared","floor":4},{"not_picked":["Armaments","Dual Wield"],"picked":"Thunderclap","floor":5},{"not_picked":["Leap","Sunder"],"picked":"Sword Boomerang","floor":6},{"not_picked":["Cold Snap","Expertise"],"picked":"Immolate","floor":8},{"not_picked":["Steam","Seeing Red"],"picked":"Leap","floor":11},{"not_picked":["Anger","Clash"],"picked":"Dagger Spray","floor":13},{"not_picked":["Corpse Explosion","Outmaneuver","Flying Knee"],"picked":"SKIP","floor":14},{"not_picked":["Unload","All For One"],"picked":"Adrenaline","floor":16},{"not_picked":["Heel Hook","Iron Wave"],"picked":"Ball Lightning","floor":17},{"not_picked":["PiercingWail","Self Repair"],"picked":"Rip and Tear","floor":17},{"not_picked":["Pommel Strike","Calculated Gamble"],"picked":"Cleave","floor":17},{"not_picked":["Recycle","Ball Lightning"],"picked":"Dagger Spray","floor":17},{"not_picked":["Aggregate","Machine Learning"],"picked":"Hologram","floor":17},{"not_picked":["Scrape+1","Recycle+1","Reprogram"],"picked":"SKIP","floor":18},{"not_picked":["Infinite Blades","Eviscerate+1","Heel Hook+1"],"picked":"SKIP","floor":19},{"not_picked":["Slice","Stack"],"picked":"Dagger Spray","floor":22},{"not_picked":["Static Discharge","Machine Learning","Electrodynamics"],"picked":"SKIP","floor":24},{"not_picked":["Static Discharge","Machine Learning"],"picked":"Electrodynamics","floor":24},{"not_picked":["Rampage","Cold Snap"],"picked":"Shrug It Off","floor":25},{"not_picked":["Setup","Corruption"],"picked":"Backstab","floor":28},{"not_picked":["Underhanded Strike","Armaments+1"],"picked":"True Grit","floor":29},{"not_picked":["Doom and Gloom+1","Perfected Strike"],"picked":"Second Wind","floor":31},{"not_picked":["Reckless Charge","Quick Slash"],"picked":"Reinforced Body","floor":32},{"not_picked":["A Thousand Cuts","Fission"],"picked":"Brutality","floor":33},{"not_picked":["PiercingWail","Skim+1"],"picked":"Shrug It Off+1","floor":35},{"not_picked":["Sweeping Beam+1","Burning Pact"],"picked":"Self Repair+1","floor":36},{"not_picked":["Perfected Strike+1","Skim"],"picked":"Sucker Punch","floor":38},{"not_picked":["Clash","Rampage+1"],"picked":"Havoc","floor":39},{"not_picked":["Melter","Capacitor+1"],"picked":"Burst","floor":40},{"not_picked":["Wild Strike+1","Catalyst"],"picked":"Quick Slash","floor":41},{"not_picked":["Melter+1","Heatsinks"],"picked":"Dagger Spray","floor":42},{"not_picked":["Die Die Die","Blood for Blood+1"],"picked":"Shrug It Off+1","floor":46},{"not_picked":["Steam+1","Go for the Eyes"],"picked":"Leg Sweep","floor":47},{"not_picked":["Streamline","Dodge and Roll+1"],"picked":"Sword Boomerang","floor":49}],"player_experience":233361,"relics_obtained":[{"floor":3,"key":"Anchor"},{"floor":6,"key":"DataDisk"},{"floor":8,"key":"Mango"},{"floor":9,"key":"Gremlin Horn"},{"floor":11,"key":"Orichalcum"},{"floor":13,"key":"Mummified Hand"},{"floor":24,"key":"Dream Catcher"},{"floor":26,"key":"Matryoshka"},{"floor":30,"key":"Enchiridion"},{"floor":31,"key":"Dodecahedron"},{"floor":36,"key":"Turnip"},{"floor":40,"key":"Pen Nib"},{"floor":42,"key":"Mercury Hourglass"},{"floor":43,"key":"Ornamental Fan"},{"floor":43,"key":"Meat on the Bone"}],"event_choices":[{"event_name":"Golden Shrine","player_choice":"Desecrate","floor":2,"damage_taken":0},{"event_name":"Golden Idol","player_choice":"Take Wound","floor":7,"damage_taken":0},{"event_name":"The Joust","player_choice":"Bet on Murderer","floor":20,"damage_taken":0},{"event_name":"Drug Dealer","player_choice":"Got JAXXED","floor":21,"damage_taken":0},{"event_name":"Knowing Skull","player_choice":"GOLD GOLD CARD ","floor":27,"damage_taken":0},{"event_name":"Cursed Tome","player_choice":"Obtained Book","floor":30,"damage_taken":0},{"event_name":"MindBloom","player_choice":"Fight","floor":36,"damage_taken":0},{"event_name":"Winding Halls","player_choice":"Writhe","floor":37,"damage_taken":0},{"event_name":"Wheel of Change","player_choice":"Relic","floor":45,"damage_taken":0}],"is_beta":true,"boss_relics":[{"not_picked":["Pandora\u0027s Box","Coffee Dripper"],"picked":"Orrery"},{"not_picked":["Empty Cage","Velvet Choker"],"picked":"Sozu"}],"items_purged_floors":[10,48],"is_endless":false,"potions_floor_spawned":[1,6,13,14,16,18,24,25,29,35,38,42,47],"ascension_level":0}