{"gold_per_floor":[364,381,267,342,70,70,102,102,153,167,167,194,194,209,209,283,283,295,261,211,225,225,253,76,93,119,119,174,191,208,219,219,219],"floor_reached":33,"playtime":5935,"items_purged":["Strike_R","Strike_R","Strike_R","Strike_R"],"score":580,"play_id":"67e11b20-1fd8-430c-a243-232391f97f62","local_time":"20190626205257","is_ascension_mode":true,"campfire_choices":[{"data":"Immolate","floor":6.0,"key":"SMITH"},{"floor":8.0,"key":"REST"},{"floor":13.0,"key":"REST"},{"data":"Armaments","floor":15.0,"key":"SMITH"},{"floor":27,"key":"REST"},{"floor":32,"key":"RECALL"}],"neow_cost":"PERCENT_DAMAGE","seed_source_timestamp":0,"circlet_count":0,"master_deck":["AscendersBane","Strike_R","Defend_R","Defend_R","Defend_R","Defend_R","Bash","Ghostly Armor","True Grit","Feel No Pain","Immolate+1","Havoc","Entrench","Fiend Fire+1","Armaments+1","Reaper+1","Armaments+1","Pommel Strike+1","Flame Barrier","Body Slam+1","Clothesline+1","Carnage+1","Flame Barrier","Pommel Strike+1","Havoc","Shockwave","Carnage+1"],"special_seed":0,"relics":["Burning Blood","Molten Egg 2","Smiling Mask","CultistMask","Bag of Marbles","Fusion Hammer","Oddly Smooth Stone","Anchor","Tiny Chest"],"potions_floor_usage":[29,31,33,33],"damage_taken":[{"damage":1.0,"enemies":"Cultist","floor":1.0,"turns":4.0},{"damage":4.0,"enemies":"Jaw Worm","floor":2.0,"turns":4.0},{"damage":23.0,"enemies":"3 Sentries","floor":7.0,"turns":5.0},{"damage":0.0,"enemies":"2 Louse","floor":10.0,"turns":1.0},{"damage":24.0,"enemies":"Gremlin Nob","floor":12.0,"turns":5.0},{"damage":17.0,"enemies":"Lots of Slimes","floor":14.0,"turns":3.0},{"damage":24.0,"enemies":"The Guardian","floor":16.0,"turns":16.0},{"damage":16.0,"enemies":"Shell Parasite","floor":18.0,"turns":5.0},{"damage":13.0,"enemies":"2 Thieves","floor":19.0,"turns":5.0},{"damage":2.0,"enemies":"Cultist and Chosen","floor":21.0,"turns":5.0},{"damage":67,"enemies":"Book of Stabbing","floor":23,"turns":7},{"damage":19,"enemies":"3 Cultists","floor":25,"turns":5},{"damage":0,"enemies":"Gremlin Leader","floor":28,"turns":4},{"damage":1,"enemies":"Snake Plant","floor":29,"turns":4},{"damage":0,"enemies":"Centurion and Healer","floor":30,"turns":2},{"damage":0,"enemies":"Shelled Parasite and Fungi","floor":31,"turns":2},{"damage":107,"enemies":"Champ","floor":33,"turns":16}],"seed_played":"595257619569150277","potions_obtained":[{"floor":1.0,"key":"FairyPotion"},{"floor":7.0,"key":"Energy Potion"},{"floor":12.0,"key":"AttackPotion"},{"floor":16.0,"key":"Explosive Potion"},{"floor":25,"key":"Block Potion"},{"floor":29,"key":"AttackPotion"},{"floor":30,"key":"BloodPotion"},{"floor":31,"key":"Explosive Potion"}],"is_trial":false,"path_per_floor":["M","M","$","?","$","R","E","R","T","M","?","E","R","M","R","B",null,"M","M","$","M","?","E","$","M","T","R","E","M","M","M","R","B"],"character_chosen":"IRONCLAD","items_purchased":["Feel No Pain","Immolate","Carnage+1","Flame Barrier"],"campfire_rested":3,"item_purchase_floors":[3,5,24,24],"current_hp_per_floor":[55,57,57,46,46,46,29,51,51,57,57,39,61,50,50,32,64,54,54,54,63,63,13,13,17,17,39,45,57,63,69,69,0],"gold":219,"neow_bonus":"TWO_FIFTY_GOLD","is_prod":false,"is_daily":false,"chose_seed":false,"campfire_upgraded":2,"win_rate":0,"timestamp":1561600377,"path_taken":["M","M","?","?","$","R","E","R","T","M","?","E","R","?","R","BOSS","M","M","$","M","?","E","$","M","T","R","E","M","M","M","R","BOSS"],"build_version":"2019-01-23","purchased_purges":4,"victory":false,"max_hp_per_floor":[75,75,75,75,75,75,75,75,75,75,75,75,75,75,75,75,75,75,75,75,75,75,75,75,75,75,75,75,75,75,75,75,75],"card_choices":[{"not_picked":["Shockwave","Sever Soul"],"picked":"Ghostly Armor","floor":1.0},{"not_picked":["Anger","Clash"],"picked":"True Grit","floor":2.0},{"not_picked":["Clothesline","Seeing Red"],"picked":"Havoc","floor":7.0},{"not_picked":["Pommel Strike+1","Thunderclap+1"],"picked":"Entrench","floor":10.0},{"not_picked":["Body Slam+1","Ghostly Armor"],"picked":"Fiend Fire+1","floor":12.0},{"not_picked":["Fire Breathing","Flex"],"picked":"Armaments","floor":14.0},{"not_picked":["Barricade","Bludgeon+1"],"picked":"Reaper+1","floor":16.0},{"not_picked":["Iron Wave+1","True Grit"],"picked":"Armaments+1","floor":18.0},{"not_picked":["Dual Wield","Perfected Strike+1"],"picked":"Pommel Strike+1","floor":19.0},{"not_picked":["Infernal Blade","Clothesline+1"],"picked":"Flame Barrier","floor":21},{"not_picked":["Ghostly Armor","Armaments"],"picked":"Clothesline+1","floor":23},{"not_picked":["Heavy Blade+1","Twin Strike+1"],"picked":"Pommel Strike+1","floor":25},{"not_picked":["Thunderclap+1","Twin Strike+1"],"picked":"Havoc","floor":28},{"not_picked":["Rupture","Infernal Blade"],"picked":"Shockwave","floor":29},{"not_picked":["Second Wind","Perfected Strike+1","Warcry"],"picked":"SKIP","floor":30},{"not_picked":["Brutality","Clash+1"],"picked":"Carnage+1","floor":31}],"player_experience":1396680,"relics_obtained":[{"floor":7.0,"key":"Molten Egg 2"},{"floor":9.0,"key":"Smiling Mask"},{"floor":12.0,"key":"Bag of Marbles"},{"floor":23,"key":"Oddly Smooth Stone"},{"floor":26,"key":"Anchor"},{"floor":28,"key":"Tiny Chest"}],"event_choices":[{"damage_healed":0.0,"max_hp_gain":0.0,"max_hp_loss":0.0,"gold_gain":75.0,"event_name":"World of Goop","player_choice":"Gather Gold","floor":4.0,"gold_loss":0.0,"damage_taken":11.0},{"damage_healed":0.0,"max_hp_gain":0.0,"max_hp_loss":0.0,"gold_gain":0.0,"event_name":"FaceTrader","player_choice":"Trade","floor":11.0,"gold_loss":0.0,"damage_taken":0.0,"relics_obtained":["CultistMask"]},{"damage_healed":0,"gold_gain":0,"player_choice":"Read","damage_taken":0,"max_hp_gain":0,"max_hp_loss":0,"event_name":"The Library","floor":22,"gold_loss":0,"cards_obtained":["Body Slam"]}],"is_beta":false,"boss_relics":[{"not_picked":["Pandora\u0027s Box","Philosopher\u0027s Stone"],"picked":"Fusion Hammer"}],"items_purged_floors":[3,5,20,24],"is_endless":false,"potions_floor_spawned":[1,7,12,16,18,25,29,30,31],"killed_by":"Champ","ascension_level":16}