{"gold_per_floor":[9,9,22,34,34,34,59,119,119,119,119,119,132,56,56,132,132,151,151,61,61,11,34,50,50,114,138,178,198,198,220,220,280,280,294,294,294,294,25,25,105,115,135,157,0,36,36,59,59,59,59,59,59,4,27,27],"floor_reached":57,"playtime":2687,"items_purged":[],"score":3952,"play_id":"1746b3cf-c092-4ddd-9b4e-2d119de0da2f","local_time":"20190907021956","is_ascension_mode":true,"campfire_choices":[{"data":"Bash","floor":6.0,"key":"SMITH"},{"data":"Corruption","floor":12.0,"key":"SMITH"},{"data":"Feel No Pain","floor":15.0,"key":"SMITH"},{"data":"Battle Trance","floor":30.0,"key":"SMITH"},{"data":"Battle Trance","floor":32.0,"key":"SMITH"},{"floor":40.0,"key":"RECALL"},{"data":"Second Wind","floor":47.0,"key":"SMITH"},{"data":"Juggernaut","floor":49.0,"key":"SMITH"},{"data":"True Grit","floor":53.0,"key":"SMITH"}],"neow_cost":"NO_GOLD","seed_source_timestamp":48753057917606,"circlet_count":0,"master_deck":["Strike_R","Strike_R","Strike_R","Defend_R","Defend_R","Defend_R","Defend_R","Bash+1","AscMod:ascendersbane","Corruption+1","Battle Trance+1","Infernal Blade","Feel No Pain+1","True Grit+1","Corruption","Battle Trance+1","Fiend Fire+1","Shrug It Off","Seeing Red","Armaments","Necronomicurse","Feed+1","Limit Break","Battle Trance+1","Madness","Madness","Dark Shackles","Dark Shackles","Dark Shackles","Armaments","True Grit","Apotheosis","Sword Boomerang+1","Armaments","Pummel+1","Second Wind+1","Juggernaut+1","Warcry+1"],"special_seed":0,"relics":["Burning Blood","FossilizedHelix","Dead Branch","Molten Egg 2","Sundial","Bloody Idol","Philosopher\u0027s Stone","Pen Nib","Necronomicon","Boot","Regal Pillow","Happy Flower","Snecko Eye","Incense Burner","Juzu Bracelet","Mercury Hourglass","Red Mask","Nunchaku","Omamori","Lantern"],"potions_floor_usage":[56,56],"damage_taken":[{"damage":4.0,"enemies":"Small Slimes","floor":1.0,"turns":5.0},{"damage":0.0,"enemies":"Jaw Worm","floor":3.0,"turns":3.0},{"damage":8.0,"enemies":"2 Louse","floor":4.0,"turns":4.0},{"damage":35.0,"enemies":"Gremlin Nob","floor":7.0,"turns":4.0},{"damage":0.0,"enemies":"Blue Slaver","floor":13.0,"turns":4.0},{"damage":0.0,"enemies":"The Guardian","floor":16.0,"turns":6.0},{"damage":0.0,"enemies":"2 Thieves","floor":18.0,"turns":3.0},{"damage":0.0,"enemies":"Gremlin Leader","floor":23.0,"turns":3.0},{"damage":0.0,"enemies":"Shell Parasite","floor":24.0,"turns":2.0},{"damage":0.0,"enemies":"Book of Stabbing","floor":27.0,"turns":2.0},{"damage":0.0,"enemies":"Gremlin Leader","floor":29.0,"turns":4.0},{"damage":0.0,"enemies":"Slavers","floor":31.0,"turns":3.0},{"damage":0.0,"enemies":"Collector","floor":33.0,"turns":2.0},{"damage":3.0,"enemies":"3 Darklings","floor":35.0,"turns":2.0},{"damage":0.0,"enemies":"Mind Bloom Boss Battle","floor":41.0,"turns":2.0},{"damage":0.0,"enemies":"Orb Walker","floor":42.0,"turns":2.0},{"damage":0.0,"enemies":"Giant Head","floor":44.0,"turns":2.0},{"damage":0.0,"enemies":"2 Orb Walkers","floor":46.0,"turns":1.0},{"damage":0.0,"enemies":"Nemesis","floor":48.0,"turns":3.0},{"damage":0.0,"enemies":"Donu and Deca","floor":50.0,"turns":3.0},{"damage":0.0,"enemies":"Awakened One","floor":51.0,"turns":3.0},{"damage":3,"enemies":"Shield and Spear","floor":55,"turns":6},{"damage":5,"enemies":"The Heart","floor":56,"turns":7}],"seed_played":"-8515284285081970898","potions_obtained":[{"floor":1.0,"key":"GamblersBrew"},{"floor":13.0,"key":"Energy Potion"},{"floor":16.0,"key":"GamblersBrew"},{"floor":23.0,"key":"Energy Potion"},{"floor":24.0,"key":"Ancient Potion"},{"floor":41.0,"key":"Ancient Potion"},{"floor":48.0,"key":"Strength Potion"}],"is_trial":false,"path_per_floor":["M","?","M","M","$","R","E","?","T","T","?","R","M","$","R","B",null,"M","?","$","?","$","E","M","?","T","E","?","E","R","E","R","B",null,"M","?","?","?","$","R","?","M","T","E","?","?","R","E","R","B","B",null,"R","$","E","B",null],"character_chosen":"IRONCLAD","items_purchased":["Battle Trance","Swift Potion","Seeing Red","Armaments","Armaments","True Grit","Apotheosis","Swift Potion"],"campfire_rested":0,"item_purchase_floors":[14,20,20,22,39,39,39,54],"current_hp_per_floor":[69,69,74,71,71,71,41,30,30,30,30,30,35,35,35,40,34,34,34,34,34,34,34,34,13,17,26,30,34,34,34,34,34,34,34,28,18,18,18,18,27,34,34,34,34,34,34,38,38,42,42,42,42,42,46,46],"gold":27,"neow_bonus":"ONE_RARE_RELIC","is_prod":false,"is_daily":false,"chose_seed":false,"campfire_upgraded":8,"win_rate":0,"timestamp":1567797596,"path_taken":["M","?","M","M","$","R","E","?","T","?","?","R","?","$","R","BOSS","M","?","$","?","?","E","?","?","T","E","?","E","R","E","R","BOSS","M","?","?","?","$","R","?","M","T","E","?","?","R","E","R","BOSS","BOSS","R","$","E","BOSS"],"build_version":"2019-07-17","purchased_purges":0,"victory":true,"max_hp_per_floor":[75,75,75,75,75,75,75,75,75,75,68,68,68,68,68,68,34,34,34,34,34,34,34,34,34,34,34,34,34,34,34,34,34,34,34,34,34,34,34,34,34,34,34,34,34,34,34,38,38,42,42,42,42,42,46,46],"card_choices":[{"not_picked":["Battle Trance","Flex"],"picked":"Corruption","floor":1.0},{"not_picked":["Battle Trance","Carnage"],"picked":"Infernal Blade","floor":3.0},{"not_picked":["Entrench","Cleave"],"picked":"Feel No Pain","floor":4.0},{"not_picked":["Metallicize","Clash"],"picked":"True Grit","floor":7.0},{"not_picked":["Reckless Charge+1","Twin Strike+1"],"picked":"Corruption","floor":13.0},{"not_picked":["Limit Break","Immolate+1"],"picked":"Fiend Fire+1","floor":16.0},{"not_picked":["Cleave+1","Rage"],"picked":"Shrug It Off","floor":18.0},{"not_picked":["Evolve","Iron Wave+1","Pommel Strike+1"],"picked":"SKIP","floor":23.0},{"not_picked":["Havoc","Iron Wave+1","Armaments"],"picked":"SKIP","floor":24.0},{"not_picked":["Heavy Blade+1","Flex","Cleave+1"],"picked":"SKIP","floor":27.0},{"not_picked":["Sword Boomerang+1","Ghostly Armor"],"picked":"Feed+1","floor":29.0},{"not_picked":["Twin Strike+1","Clash+1","Sword Boomerang+1"],"picked":"SKIP","floor":31.0},{"not_picked":["Fiend Fire+1","Berserk"],"picked":"Limit Break","floor":33.0},{"not_picked":["Wild Strike+1","Corruption"],"picked":"Battle Trance+1","floor":35.0},{"not_picked":["Mind Blast+1","Madness"],"picked":"Dark Shackles","floor":37.0},{"not_picked":["Madness","Panache"],"picked":"Dark Shackles","floor":37.0},{"not_picked":["Impatience","Finesse"],"picked":"Dark Shackles","floor":37.0},{"not_picked":["Sever Soul+1","Twin Strike+1"],"picked":"Sword Boomerang+1","floor":41.0},{"not_picked":["Metallicize","Warcry"],"picked":"Armaments","floor":42.0},{"not_picked":["Blood for Blood+1","Wild Strike+1"],"picked":"Pummel+1","floor":44.0},{"not_picked":["Burning Pact","Ghostly Armor+1"],"picked":"Second Wind","floor":46.0},{"not_picked":["Armaments+1","Warcry"],"picked":"Juggernaut","floor":48.0},{"not_picked":["Thunderclap+1","Anger+1"],"picked":"Warcry+1","floor":55}],"player_experience":1148870,"relics_obtained":[{"floor":7.0,"key":"Dead Branch"},{"floor":9.0,"key":"Molten Egg 2"},{"floor":10.0,"key":"Sundial"},{"floor":23.0,"key":"Pen Nib"},{"floor":25.0,"key":"Necronomicon"},{"floor":27.0,"key":"Boot"},{"floor":29.0,"key":"Regal Pillow"},{"floor":31.0,"key":"Happy Flower"},{"floor":41.0,"key":"Incense Burner"},{"floor":43.0,"key":"Juzu Bracelet"},{"floor":44.0,"key":"Mercury Hourglass"},{"floor":46.0,"key":"Nunchaku"},{"floor":48.0,"key":"Omamori"},{"floor":55,"key":"Lantern"}],"event_choices":[{"damage_healed":0.0,"max_hp_gain":0.0,"max_hp_loss":0.0,"gold_gain":0.0,"cards_transformed":["Strike_R"],"event_name":"Living Wall","player_choice":"Change","floor":2.0,"gold_loss":0.0,"damage_taken":0.0,"cards_obtained":["Battle Trance"]},{"damage_healed":0.0,"max_hp_gain":0.0,"max_hp_loss":0.0,"gold_gain":75.0,"event_name":"World of Goop","player_choice":"Gather Gold","floor":8.0,"gold_loss":0.0,"damage_taken":11.0},{"damage_healed":0.0,"max_hp_gain":0.0,"max_hp_loss":7.0,"gold_gain":0.0,"event_name":"Golden Idol","player_choice":"Lose Max HP","floor":11.0,"gold_loss":0.0,"damage_taken":0.0,"relics_obtained":["Golden Idol"]},{"damage_healed":0.0,"max_hp_gain":0.0,"max_hp_loss":0.0,"gold_gain":0.0,"event_name":"Ghosts","player_choice":"Ignored","floor":19.0,"gold_loss":0.0,"damage_taken":0.0},{"damage_healed":0.0,"max_hp_gain":0.0,"max_hp_loss":0.0,"gold_gain":0.0,"event_name":"Forgotten Altar","player_choice":"Gave Idol","floor":21.0,"relics_lost":["Golden Idol"],"gold_loss":0.0,"damage_taken":0.0,"relics_obtained":["Bloody Idol"]},{"damage_healed":0.0,"max_hp_gain":0.0,"max_hp_loss":0.0,"gold_gain":0.0,"event_name":"Cursed Tome","player_choice":"Obtained Book","floor":25.0,"gold_loss":0.0,"damage_taken":21.0},{"damage_healed":0.0,"max_hp_gain":0.0,"max_hp_loss":0.0,"gold_gain":50.0,"event_name":"Nest","player_choice":"Stole From Cult","floor":28.0,"gold_loss":0.0,"damage_taken":0.0},{"damage_healed":0.0,"max_hp_gain":0.0,"max_hp_loss":0.0,"gold_gain":0.0,"event_name":"Winding Halls","player_choice":"Embrace Madness","floor":36.0,"gold_loss":0.0,"damage_taken":6.0,"cards_obtained":["Madness","Madness"]},{"damage_healed":0.0,"max_hp_gain":0.0,"max_hp_loss":0.0,"gold_gain":0.0,"event_name":"SensoryStone","player_choice":"Memory 3","floor":37.0,"gold_loss":0.0,"damage_taken":10.0},{"cards_removed":["Strike_R"],"damage_healed":0.0,"max_hp_gain":0.0,"max_hp_loss":0.0,"gold_gain":0.0,"event_name":"Falling","player_choice":"Removed Attack","floor":38.0,"gold_loss":0.0,"damage_taken":0.0},{"damage_healed":0.0,"max_hp_gain":0.0,"max_hp_loss":0.0,"gold_gain":0.0,"event_name":"MindBloom","player_choice":"Fight","floor":41.0,"gold_loss":0.0,"damage_taken":0.0},{"damage_healed":0.0,"max_hp_gain":0.0,"max_hp_loss":0.0,"gold_gain":0.0,"event_name":"Tomb of Lord Red Mask","player_choice":"Paid","floor":45.0,"gold_loss":157.0,"damage_taken":0.0,"relics_obtained":["Red Mask"]},{"damage_healed":0.0,"max_hp_gain":0.0,"max_hp_loss":0.0,"gold_gain":0.0,"event_name":"Mysterious Sphere","player_choice":"Fight","floor":46.0,"gold_loss":0.0,"damage_taken":0.0}],"is_beta":false,"boss_relics":[{"not_picked":["Accursed"],"picked":"BlightedDurian"},{"not_picked":["Accursed"],"picked":"BlightedDurian"},{"not_picked":["Eternal Feather","Empty Cage"],"picked":"Philosopher\u0027s Stone"},{"not_picked":["Accursed"],"picked":"MetallicRebirth"},{"not_picked":["Accursed"],"picked":"MetallicRebirth"},{"not_picked":["Cursed Key","Black Blood"],"picked":"Snecko Eye"}],"items_purged_floors":[],"is_endless":false,"potions_floor_spawned":[1,13,16,23,24,41,42,48],"ascension_level":25}