{"gold_per_floor":[115,132,145,158,233,233,267,267,267,267],"floor_reached":10,"playtime":437,"items_purged":[],"score":136,"play_id":"a889b214-6569-4d95-a0bb-fcd1d81322af","local_time":"20190505111353","is_ascension_mode":true,"campfire_choices":[{"data":"Dagger Spray","floor":6.0,"key":"SMITH"},{"floor":8,"key":"REST"}],"neow_cost":"NONE","seed_source_timestamp":1164617541512944,"circlet_count":0,"master_deck":["AscendersBane","Defend_G","Defend_G","Defend_G","Defend_G","Defend_G","Strike_G","Strike_G","Strike_G","Strike_G","Strike_G","Survivor","Neutralize","PiercingWail","Flying Knee","Dagger Spray+1","Quick Slash"],"special_seed":0,"relics":["Ring of the Snake","The Courier","Bottled Flame"],"potions_floor_usage":[7,10],"damage_taken":[{"damage":0.0,"enemies":"Jaw Worm","floor":1.0,"turns":4.0},{"damage":0.0,"enemies":"2 Louse","floor":2.0,"turns":3.0},{"damage":3.0,"enemies":"Cultist","floor":3.0,"turns":4.0},{"damage":7.0,"enemies":"3 Louse","floor":4.0,"turns":4.0},{"damage":40,"enemies":"Lagavulin","floor":7,"turns":7},{"damage":31,"enemies":"Gremlin Nob","floor":10,"turns":3}],"seed_played":"7404548007705746692","potions_obtained":[{"floor":2.0,"key":"Fruit Juice"},{"floor":4.0,"key":"Poison Potion"}],"is_trial":false,"path_per_floor":["M","M","M","M","?","R","E","R","T","E"],"character_chosen":"THE_SILENT","items_purchased":[],"campfire_rested":1,"item_purchase_floors":[],"current_hp_per_floor":[65,65,62,55,44,44,4,25,25,0],"gold":267,"neow_bonus":"TEN_PERCENT_HP_BONUS","is_prod":false,"is_daily":false,"chose_seed":false,"campfire_upgraded":1,"win_rate":0,"timestamp":1557069233,"path_taken":["M","M","M","M","?","R","E","R","T","E"],"build_version":"2019-01-23","purchased_purges":0,"victory":false,"max_hp_per_floor":[72,72,72,72,72,72,72,72,72,77],"card_choices":[{"not_picked":["Deflect","Backflip"],"picked":"PiercingWail","floor":1.0},{"not_picked":["Skewer","Outmaneuver"],"picked":"Flying Knee","floor":2.0},{"not_picked":["Deflect","Slice","Blur"],"picked":"SKIP","floor":3.0},{"not_picked":["Reflex","Infinite Blades"],"picked":"Dagger Spray","floor":4.0},{"not_picked":["Predator","Sucker Punch"],"picked":"Quick Slash","floor":7}],"player_experience":824008,"relics_obtained":[{"floor":7,"key":"The Courier"},{"floor":9,"key":"Bottled Flame"}],"event_choices":[{"damage_healed":0.0,"max_hp_gain":0.0,"max_hp_loss":0.0,"gold_gain":75.0,"event_name":"World of Goop","player_choice":"Gather Gold","floor":5.0,"gold_loss":0.0,"damage_taken":11.0}],"is_beta":false,"boss_relics":[],"items_purged_floors":[],"is_endless":false,"potions_floor_spawned":[2,4],"killed_by":"Gremlin Nob","ascension_level":20}