{"gold_per_floor":[111,186,186,199,216,216,246,246,246,265,275,291,319,339,339,418,418,430,443,463,477,477,477,223,239,239,250,250,250],"floor_reached":29,"playtime":1174,"items_purged":[],"score":482,"play_id":"84364514-e486-4a68-b8ce-e6d7f8560545","local_time":"20190926125540","is_ascension_mode":true,"campfire_choices":[{"data":"Bash","floor":6.0,"key":"SMITH"},{"data":"Armaments","floor":8,"key":"SMITH"},{"data":"Disarm","floor":15,"key":"SMITH"},{"data":"Metallicize","floor":23,"key":"SMITH"}],"neow_cost":"NONE","seed_source_timestamp":822548568103400,"circlet_count":0,"master_deck":["AscendersBane","Strike_R","Strike_R","Strike_R","Strike_R","Strike_R","Defend_R","Defend_R","Defend_R","Defend_R","Bash+1","Metallicize+1","Double Tap","Armaments+1","Headbutt","Clothesline","Disarm+1","Headbutt","Reaper","Spot Weakness+1","True Grit+1","Feed","Ghostly Armor","Pummel","Feel No Pain","Inflame"],"special_seed":0,"relics":["Burning Blood","NeowsBlessing","Red Skull","Dream Catcher","Sozu","Orrery","White Beast Statue"],"potions_floor_usage":[10,12,20],"damage_taken":[{"damage":0.0,"enemies":"2 Louse","floor":1.0,"turns":1.0},{"damage":0.0,"enemies":"Small Slimes","floor":4.0,"turns":1.0},{"damage":0.0,"enemies":"Cultist","floor":5.0,"turns":1.0},{"damage":9.0,"enemies":"Lagavulin","floor":7.0,"turns":7.0},{"damage":0,"enemies":"Lots of Slimes","floor":10,"turns":1},{"damage":29,"enemies":"Large Slime","floor":11,"turns":6},{"damage":13,"enemies":"Exordium Wildlife","floor":12,"turns":3},{"damage":26,"enemies":"3 Sentries","floor":13,"turns":11},{"damage":3,"enemies":"3 Louse","floor":14,"turns":4},{"damage":7,"enemies":"The Guardian","floor":16,"turns":14},{"damage":7,"enemies":"Chosen","floor":18,"turns":5},{"damage":25,"enemies":"Shell Parasite","floor":19,"turns":6},{"damage":49,"enemies":"3 Cultists","floor":20,"turns":6},{"damage":15,"enemies":"Snake Plant","floor":21,"turns":9},{"damage":27,"enemies":"Sentry and Sphere","floor":25,"turns":10},{"damage":10,"enemies":"Centurion and Healer","floor":27,"turns":12},{"damage":46,"enemies":"3 Cultists","floor":29,"turns":5}],"seed_played":"5785382314287102542","potions_obtained":[{"floor":1.0,"key":"EssenceOfSteel"},{"floor":3.0,"key":"Regen Potion"},{"floor":3.0,"key":"PowerPotion"},{"floor":7,"key":"AttackPotion"},{"floor":14,"key":"FearPotion"}],"is_trial":false,"path_per_floor":["M","?","?","M","M","R","E","R","T","M","M","M","E","M","R","B",null,"M","M","M","M","?","R","$","M","T","M","$","M"],"character_chosen":"IRONCLAD","items_purchased":["Orrery","Feel No Pain"],"campfire_rested":0,"item_purchase_floors":[24,24],"current_hp_per_floor":[74,63,63,69,75,75,72,72,72,75,52,54,34,37,37,36,65,70,51,55,55,34,34,34,17,17,16,16,0],"gold":250,"neow_bonus":"THREE_ENEMY_KILL","is_prod":false,"is_daily":false,"chose_seed":false,"campfire_upgraded":4,"win_rate":0,"timestamp":1569527740,"path_taken":["M","?","?","M","?","R","E","R","T","M","M","M","E","M","R","BOSS","M","?","M","M","?","R","$","M","T","M","$","M"],"build_version":"2019-09-25","purchased_purges":0,"victory":false,"max_hp_per_floor":[75,75,75,75,75,75,75,75,75,75,75,75,75,75,75,75,75,75,75,75,75,80,80,80,84,84,87,87,87],"card_choices":[{"not_picked":["Body Slam","Seeing Red"],"picked":"Metallicize","floor":1.0},{"not_picked":["Thunderclap","Body Slam","Perfected Strike"],"picked":"SKIP","floor":4.0},{"not_picked":["Iron Wave","Dropkick"],"picked":"Double Tap","floor":5.0},{"not_picked":["Blood for Blood","True Grit"],"picked":"Armaments","floor":7},{"not_picked":["Twin Strike","Flex"],"picked":"Headbutt","floor":10},{"not_picked":["Combust","Sentinel"],"picked":"Clothesline","floor":11},{"not_picked":["Flex","Dropkick"],"picked":"Disarm","floor":12},{"not_picked":["Thunderclap","Wild Strike","Warcry"],"picked":"SKIP","floor":13},{"not_picked":["Clothesline","Whirlwind"],"picked":"Headbutt","floor":14},{"not_picked":["Offering","Double Tap"],"picked":"Reaper","floor":16},{"not_picked":["Clothesline","Heavy Blade"],"picked":"Spot Weakness+1","floor":18},{"not_picked":["Rupture","Clash","Uppercut"],"picked":"SKIP","floor":19},{"not_picked":["Rupture","Pummel"],"picked":"True Grit+1","floor":20},{"not_picked":["Twin Strike","Pommel Strike","Combust"],"picked":"SKIP","floor":21},{"not_picked":["Clash","Burning Pact"],"picked":"Feed","floor":24},{"not_picked":["Thunderclap","Warcry"],"picked":"Ghostly Armor","floor":24},{"not_picked":["Fire Breathing+1","Iron Wave"],"picked":"Pummel","floor":24},{"not_picked":["Sword Boomerang","Reckless Charge"],"picked":"Inflame","floor":25},{"not_picked":["Armaments","Flex","Rampage"],"picked":"SKIP","floor":27}],"player_experience":1042196,"relics_obtained":[{"floor":9,"key":"Red Skull"},{"floor":13,"key":"Dream Catcher"},{"floor":26,"key":"White Beast Statue"}],"event_choices":[{"damage_healed":0.0,"max_hp_gain":0.0,"max_hp_loss":0.0,"gold_gain":75.0,"event_name":"World of Goop","player_choice":"Gather Gold","floor":2.0,"gold_loss":0.0,"damage_taken":11.0},{"damage_healed":0.0,"max_hp_gain":0.0,"max_hp_loss":0.0,"gold_gain":0.0,"event_name":"Lab","player_choice":"Got Potions","floor":3.0,"gold_loss":0.0,"damage_taken":0.0},{"damage_healed":0,"gold_gain":0,"player_choice":"Shed Blood","damage_taken":26,"max_hp_gain":5,"max_hp_loss":0,"event_name":"Forgotten Altar","floor":22,"gold_loss":0}],"is_beta":true,"boss_relics":[{"not_picked":["Coffee Dripper","SacredBark"],"picked":"Sozu"}],"items_purged_floors":[],"is_endless":false,"potions_floor_spawned":[1,4,7,14,19,20,25,27],"killed_by":"3 Cultists","ascension_level":20}