{"gold_per_floor":[114,124,124,145,30,71,95,95,95,95,115,158,158,232,232,232],"floor_reached":16,"playtime":1511,"items_purged":["Injury"],"score":198,"play_id":"673b8b9e-572c-4078-8117-a0ded02ccab8","local_time":"20190702235637","is_ascension_mode":true,"campfire_choices":[{"floor":8,"key":"REST"},{"floor":10,"key":"REST"},{"data":"Burst","floor":15,"key":"SMITH"}],"neow_cost":"NONE","seed_source_timestamp":785952022132590,"circlet_count":0,"master_deck":["AscendersBane","Strike_G","Strike_G","Strike_G","Strike_G","Strike_G","Defend_G","Defend_G","Defend_G","Defend_G","Defend_G","Survivor","Neutralize","Distraction","Deadly Poison","A Thousand Cuts","Catalyst","Burst+1","All Out Attack","Backflip","Bouncing Flask"],"relics":["Ring of the Snake","Boot","Golden Idol","Smiling Mask","The Courier","Pantograph","Pear"],"potions_floor_usage":[6,12,12],"damage_taken":[{"damage":2,"enemies":"Jaw Worm","floor":1,"turns":4},{"damage":2,"enemies":"2 Louse","floor":2,"turns":4},{"damage":3,"enemies":"Small Slimes","floor":4,"turns":3},{"damage":37,"enemies":"3 Sentries","floor":6,"turns":11},{"damage":11,"enemies":"2 Fungi Beasts","floor":7,"turns":5},{"damage":4,"enemies":"Red Slaver","floor":11,"turns":4},{"damage":18,"enemies":"Lagavulin","floor":12,"turns":8},{"damage":69,"enemies":"Slime Boss","floor":16,"turns":13}],"seed_played":"-8152335733670490939","potions_obtained":[{"floor":4,"key":"FearPotion"},{"floor":6,"key":"Ancient Potion"},{"floor":7,"key":"SkillPotion"},{"floor":11,"key":"Poison Potion"}],"is_trial":false,"path_per_floor":["M","M","?","M","$","E","M","R","T","R","M","E","?","T","R","B"],"character_chosen":"THE_SILENT","items_purchased":["Catalyst"],"campfire_rested":2,"item_purchase_floors":[5],"current_hp_per_floor":[57,55,55,52,52,15,4,23,23,42,38,20,25,35,35,0],"gold":232,"neow_bonus":"RANDOM_COMMON_RELIC","is_prod":false,"is_daily":false,"chose_seed":false,"campfire_upgraded":1,"win_rate":0,"timestamp":1562129797,"path_taken":["M","M","?","M","$","E","M","R","T","R","M","E","?","?","R","BOSS"],"build_version":"2019-07-01","purchased_purges":1,"victory":false,"max_hp_per_floor":[66,66,66,66,66,66,66,66,66,66,66,66,71,81,81,81],"card_choices":[{"not_picked":["Prepared","Dagger Throw"],"picked":"Distraction","floor":1},{"not_picked":["Blade Dance","Dagger Throw"],"picked":"Deadly Poison","floor":2},{"not_picked":["Choke","Setup"],"picked":"A Thousand Cuts","floor":4},{"not_picked":["Outmaneuver","Prepared"],"picked":"Burst","floor":6},{"not_picked":["Poisoned Stab","Acrobatics"],"picked":"All Out Attack","floor":7},{"not_picked":["Deflect","Deadly Poison"],"picked":"Backflip","floor":11},{"not_picked":["Setup","Blade Dance"],"picked":"Bouncing Flask","floor":12}],"player_experience":1469098,"relics_obtained":[{"floor":6,"key":"Smiling Mask"},{"floor":9,"key":"The Courier"},{"floor":12,"key":"Pantograph"},{"floor":14,"key":"Pear"}],"event_choices":[{"damage_healed":0,"gold_gain":0,"player_choice":"Take Wound","damage_taken":0,"relics_obtained":["Golden Idol"],"max_hp_gain":0,"max_hp_loss":0,"event_name":"Golden Idol","floor":3,"gold_loss":0,"cards_obtained":["Injury"]},{"damage_healed":0,"gold_gain":0,"player_choice":"Donut","damage_taken":0,"max_hp_gain":5,"max_hp_loss":0,"event_name":"Big Fish","floor":13,"gold_loss":0}],"is_beta":false,"boss_relics":[],"items_purged_floors":[5],"is_endless":false,"potions_floor_spawned":[4,6,7,11],"killed_by":"Slime Boss","ascension_level":16}