{"gold_per_floor":[117,192,205,130,130,164,164,185,185,185,25,25,57,7,7,109,109,122,140,40,40,40,68,68,79,132,159,159,174,174,186,186,282,282,293,15,34,86,99,112,112,137,162,194,13,31,41,41,41,41],"floor_reached":51,"playtime":26233,"items_purged":["Strike_B","Defend_B","Strike_B","Strike_B","Defend_B"],"score":799,"play_id":"32a5cb62-d604-4114-9eef-4b1d927002ef","local_time":"20180827182023","is_ascension_mode":true,"campfire_choices":[{"floor":7.0,"key":"REST"},{"data":"Zap","floor":10.0,"key":"SMITH"},{"data":"Glacier","floor":12.0,"key":"SMITH"},{"data":"Dualcast","floor":15.0,"key":"SMITH"},{"floor":24.0,"key":"REST"},{"data":"Creative AI","floor":30.0,"key":"SMITH"},{"data":"Coolheaded","floor":32.0,"key":"SMITH"},{"floor":41.0,"key":"REST"},{"floor":49,"key":"REST"}],"neow_cost":"NONE","seed_source_timestamp":0,"circlet_count":0,"master_deck":["Strike_B","Zap+1","Dualcast+1","FTL","Cold Snap","Glacier+1","Coolheaded+1","Creative AI+1","Compile Driver+1","Cold Snap","Undo+1","Consume+1","Chill","Darkness+1","Seek","Chill","Auto Shields+1","White Noise","Fusion+1","Electrodynamics","Capacitor","Loop"],"special_seed":0,"relics":["Cracked Core","The Courier","Odd Mushroom","Vajra","Strawberry","Lizard Tail","Nilry\u0027s Codex","Symbiotic Virus","Art of War","Boot","Fusion Hammer","Runic Capacitor","Du-Vu Doll","Happy Flower","Omamori","Darkstone Periapt"],"potions_floor_usage":[44,50,50],"damage_taken":[{"damage":2.0,"enemies":"Jaw Worm","floor":1.0,"turns":3.0},{"damage":0.0,"enemies":"Cultist","floor":3.0,"turns":2.0},{"damage":34.0,"enemies":"3 Sentries","floor":6.0,"turns":7.0},{"damage":17.0,"enemies":"The Mushroom Lair","floor":8.0,"turns":6.0},{"damage":5.0,"enemies":"Lagavulin","floor":13.0,"turns":7.0},{"damage":2.0,"enemies":"The Guardian","floor":16.0,"turns":12.0},{"damage":0.0,"enemies":"Spheric Guardian","floor":18.0,"turns":4.0},{"damage":17.0,"enemies":"3 Byrds","floor":19.0,"turns":6.0},{"damage":49.0,"enemies":"Gremlin Leader","floor":23.0,"turns":8.0},{"damage":9.0,"enemies":"Snake Plant","floor":25.0,"turns":5.0},{"damage":23.0,"enemies":"Slavers","floor":27.0,"turns":8.0},{"damage":2.0,"enemies":"3 Cultists","floor":29.0,"turns":5.0},{"damage":0.0,"enemies":"Centurion and Healer","floor":31.0,"turns":10.0},{"damage":11.0,"enemies":"Champ","floor":33.0,"turns":11.0},{"damage":21.0,"enemies":"Flame Bruiser 1 Orb","floor":35.0,"turns":11.0},{"damage":4.0,"enemies":"3 Darklings","floor":37.0,"turns":7.0},{"damage":4.0,"enemies":"Mysterious Sphere","floor":38.0,"turns":4.0},{"damage":8.0,"enemies":"Spire Growth","floor":39.0,"turns":5.0},{"damage":23.0,"enemies":"4 Shapes","floor":40.0,"turns":5.0},{"damage":36.0,"enemies":"Giant Head","floor":42.0,"turns":9.0},{"damage":29,"enemies":"2 Orb Walkers","floor":44,"turns":6},{"damage":1,"enemies":"Sphere and 2 Shapes","floor":46,"turns":5},{"damage":1,"enemies":"Spire Growth","floor":47,"turns":5},{"damage":23,"enemies":"Awakened One","floor":50,"turns":11}],"seed_played":"-4850417899135810910","potions_obtained":[{"floor":1.0,"key":"FairyPotion"},{"floor":13.0,"key":"Explosive Potion"},{"floor":23.0,"key":"Swift Potion"},{"floor":27.0,"key":"FairyPotion"},{"floor":31.0,"key":"AttackPotion"},{"floor":38.0,"key":"PowerPotion"},{"floor":42.0,"key":"Swift Potion"},{"floor":44,"key":"Explosive Potion"}],"is_trial":false,"path_per_floor":["M","?","M","$","?","E","R","?","T","R","$","R","E","?","R","B",null,"M","M","$","?","$","E","R","M","T","E","?","M","R","M","R","B",null,"M","$","M","M","M","M","R","E","T","E","$","M","M","?","R","B"],"character_chosen":"DEFECT","items_purchased":["Glacier","Coolheaded","Runic Capacitor","Swift Potion"],"campfire_rested":4,"item_purchase_floors":[11,11,36,45],"current_hp_per_floor":[80,69,69,69,69,35,59,42,42,42,42,42,44,44,44,42,89,89,72,72,56,56,14,40,38,38,15,44,42,42,42,42,31,89,68,68,71,67,59,36,62,26,26,6,6,19,18,40,66,43],"gold":41,"neow_bonus":"TEN_PERCENT_HP_BONUS","is_prod":false,"is_daily":false,"chose_seed":false,"campfire_upgraded":5,"win_rate":0,"timestamp":1535412023,"path_taken":["M","?","M","$","?","E","R","?","T","R","$","R","E","?","R","BOSS","M","?","$","?","?","E","R","M","T","E","?","M","R","M","R","BOSS","M","$","M","?","M","M","R","E","T","E","$","M","M","?","R","BOSS"],"build_version":"2018-08-23v2","purchased_purges":5,"victory":true,"max_hp_per_floor":[82,82,82,82,82,82,82,82,82,82,82,82,89,89,89,89,89,89,89,89,89,89,89,89,89,89,89,89,89,89,89,89,89,89,89,89,89,89,89,89,89,89,89,89,89,89,89,89,89,89],"card_choices":[{"not_picked":["Hologram","Conserve Battery"],"picked":"FTL","floor":1.0},{"not_picked":["Leap","Barrage","Beam Cell"],"picked":"SKIP","floor":3.0},{"not_picked":["Turbo","Undo","Steam"],"picked":"SKIP","floor":6.0},{"not_picked":["Skim","Hologram"],"picked":"Cold Snap","floor":8.0},{"not_picked":["Steam","Compile Driver","Recycle"],"picked":"SKIP","floor":13.0},{"not_picked":["Seek","Buffer"],"picked":"Creative AI","floor":16.0},{"not_picked":["Coolheaded","Leap"],"picked":"Compile Driver+1","floor":18.0},{"not_picked":["Beam Cell+1","Leap"],"picked":"Cold Snap","floor":19.0},{"not_picked":["Stack","Steam Power"],"picked":"Undo+1","floor":23.0},{"not_picked":["Gash+1","Chaos","Beam Cell"],"picked":"SKIP","floor":25.0},{"not_picked":["Rainbow","Sweeping Beam"],"picked":"Consume+1","floor":27.0},{"not_picked":["Rebound+1","Ball Lightning+1"],"picked":"Chill","floor":29.0},{"not_picked":["Streamline","Steam"],"picked":"Darkness+1","floor":31.0},{"not_picked":["Biased Cognition","Hyperbeam"],"picked":"Seek","floor":33.0},{"not_picked":["Recycle","Skim+1","Chill"],"picked":"SKIP","floor":35.0},{"not_picked":["Recycle","Skim+1"],"picked":"Chill","floor":35.0},{"not_picked":["Scrape","Conserve Battery+1"],"picked":"Auto Shields+1","floor":37.0},{"not_picked":["Hologram","Scrape+1"],"picked":"White Noise","floor":38.0},{"not_picked":["Tempest+1","Beam Cell"],"picked":"Fusion+1","floor":39.0},{"not_picked":["Rip and Tear","Beam Cell","White Noise"],"picked":"SKIP","floor":40.0},{"not_picked":["Barrage+1","Tempest","Conserve Battery"],"picked":"SKIP","floor":42.0},{"not_picked":["Tempest+1","Capacitor+1"],"picked":"Electrodynamics","floor":44},{"not_picked":["Ball Lightning+1","Gash+1"],"picked":"Capacitor","floor":46},{"not_picked":["Fusion","Gash+1"],"picked":"Loop","floor":47}],"player_experience":295839,"relics_obtained":[{"floor":6.0,"key":"The Courier"},{"floor":8.0,"key":"Odd Mushroom"},{"floor":9.0,"key":"Vajra"},{"floor":13.0,"key":"Strawberry"},{"floor":21.0,"key":"Nilry\u0027s Codex"},{"floor":23.0,"key":"Symbiotic Virus"},{"floor":26.0,"key":"Art of War"},{"floor":27.0,"key":"Boot"},{"floor":38.0,"key":"Du-Vu Doll"},{"floor":42.0,"key":"Happy Flower"},{"floor":43.0,"key":"Omamori"},{"floor":44,"key":"Darkstone Periapt"}],"event_choices":[{"event_name":"World of Goop","player_choice":"Gather Gold","floor":2.0,"damage_taken":0.0},{"event_name":"Living Wall","player_choice":"Forget","floor":5.0,"damage_taken":0.0},{"event_name":"Mushrooms","player_choice":"Fought Mushrooms","floor":8.0,"damage_taken":0.0},{"event_name":"The Cleric","player_choice":"Card Removal","floor":14.0,"damage_taken":0.0},{"event_name":"Cursed Tome","player_choice":"Obtained Book","floor":21.0,"damage_taken":0.0},{"event_name":"The Library","player_choice":"Heal","floor":28.0,"damage_taken":0.0},{"event_name":"Mysterious Sphere","player_choice":"Fight","floor":38.0,"damage_taken":0.0},{"event_name":"Winding Halls","player_choice":"Writhe","floor":48,"damage_taken":0}],"is_beta":false,"boss_relics":[{"not_picked":["Black Star","Pandora\u0027s Box"],"picked":"Lizard Tail"},{"not_picked":["Velvet Choker","Tiny House"],"picked":"Fusion Hammer"}],"items_purged_floors":[4,11,20,36,45],"is_endless":false,"potions_floor_spawned":[1,13,23,27,31,38,42,44,46],"ascension_level":2}