{"gold_per_floor":[111,111,135,135,135,174,192,192,192,192,213,244,244,260,260,359,359,373,373,498,338,362,362,169,205,205,285,285,285,301,321,321,417,417,436,452,452,466,479,479,518,518,542,542,349,365,381,53,53,53,53,53,3,38,38],"floor_reached":55,"playtime":47178,"items_purged":["Regret","Caltrops"],"score":1312,"play_id":"6b60bfaa-ee31-4814-8cc0-34d2ccd5c1c0","local_time":"20181230090040","is_ascension_mode":true,"campfire_choices":[{"data":"Leg Sweep","floor":8.0,"key":"SMITH"},{"floor":13.0,"key":"REST"},{"data":"Caltrops","floor":15.0,"key":"SMITH"},{"floor":23.0,"key":"REST"},{"floor":28.0,"key":"REST"},{"data":"Neutralize","floor":32.0,"key":"SMITH"},{"floor":40.0,"key":"REST"},{"floor":42.0,"key":"RECALL"},{"floor":44.0,"key":"REST"},{"floor":49.0,"key":"REST"},{"floor":52.0,"key":"REST"}],"neow_cost":"NONE","seed_source_timestamp":0,"circlet_count":0,"master_deck":["AscendersBane","Defend_G+1","Defend_G+1","Defend_G+1","Defend_G+1","Defend_G+1","Strike_G+1","Strike_G+1","Strike_G+1","Survivor","Neutralize+1","Well Laid Plans","Backstab","Leg Sweep+1","Concentrate","Caltrops+1","Dagger Spray","Terror","Die Die Die+1","Clumsy","Parasite","Prepared+1","Infinite Blades","Cloak And Dagger","Quick Slash+1","Footwork","Dash+1","Tools of the Trade","Neutralize+1","Doppelganger","Cloak And Dagger","Flash of Steel","Eviscerate","The Bomb","Phantasmal Killer"],"special_seed":0,"relics":["Ring of the Snake","NeowsBlessing","Golden Idol","Du-Vu Doll","Ornamental Fan","Singing Bowl","Pantograph","Calling Bell","Happy Flower","Letter Opener","Thread and Needle","Ice Cream","Mercury Hourglass","Oddly Smooth Stone","Bottled Lightning","Blue Candle","Fusion Hammer","Whetstone","Smiling Mask","Sundial"],"potions_floor_usage":[55],"damage_taken":[{"damage":0.0,"enemies":"2 Louse","floor":1.0,"turns":1.0},{"damage":0.0,"enemies":"Small Slimes","floor":3.0,"turns":1.0},{"damage":0.0,"enemies":"Gremlin Nob","floor":6.0,"turns":1.0},{"damage":0.0,"enemies":"Jaw Worm","floor":7.0,"turns":3.0},{"damage":0.0,"enemies":"Jaw Worm","floor":11.0,"turns":5.0},{"damage":14.0,"enemies":"3 Sentries","floor":12.0,"turns":12.0},{"damage":4.0,"enemies":"Large Slime","floor":14.0,"turns":6.0},{"damage":11.0,"enemies":"The Guardian","floor":16.0,"turns":14.0},{"damage":0.0,"enemies":"Spheric Guardian","floor":18.0,"turns":4.0},{"damage":5.0,"enemies":"Colosseum Slavers","floor":20.0,"turns":4.0},{"damage":28.0,"enemies":"Colosseum Nobs","floor":20.0,"turns":4.0},{"damage":7.0,"enemies":"2 Thieves","floor":22.0,"turns":4.0},{"damage":20.0,"enemies":"Gremlin Leader","floor":25.0,"turns":5.0},{"damage":0.0,"enemies":"Cultist and Chosen","floor":30.0,"turns":5.0},{"damage":6.0,"enemies":"Centurion and Healer","floor":31.0,"turns":5.0},{"damage":0.0,"enemies":"Champ","floor":33.0,"turns":12.0},{"damage":5.0,"enemies":"3 Darklings","floor":35.0,"turns":4.0},{"damage":10.0,"enemies":"3 Shapes","floor":36.0,"turns":3.0},{"damage":0.0,"enemies":"Maw","floor":38.0,"turns":6.0},{"damage":8.0,"enemies":"3 Darklings","floor":39.0,"turns":4.0},{"damage":13.0,"enemies":"Nemesis","floor":41.0,"turns":9.0},{"damage":0.0,"enemies":"4 Shapes","floor":46.0,"turns":4.0},{"damage":4.0,"enemies":"Spire Growth","floor":47.0,"turns":5.0},{"damage":40.0,"enemies":"Awakened One","floor":50.0,"turns":13.0},{"damage":52,"enemies":"Shield and Spear","floor":54,"turns":5},{"damage":83,"enemies":"The Heart","floor":55,"turns":5}],"seed_played":"4196996970915965280","potions_obtained":[{"floor":1.0,"key":"SteroidPotion"},{"floor":6.0,"key":"SmokeBomb"},{"floor":16.0,"key":"GhostInAJar"},{"floor":22.0,"key":"Strength Potion"},{"floor":29.0,"key":"SkillPotion"},{"floor":31.0,"key":"Strength Potion"},{"floor":33.0,"key":"FearPotion"},{"floor":36.0,"key":"GamblersBrew"},{"floor":41.0,"key":"Energy Potion"}],"is_trial":false,"path_per_floor":["M","?","M","?","?","E","M","T","R","T","?","M","E","R","M","R","B",null,"M","?","?","$","M","R","$","E","E","T","T","R","?","M","M","R","B",null,"M","M","?","M","M","R","E","R","T","R","$","M","M","$","R","B",null,"R","$","E","B"],"character_chosen":"THE_SILENT","items_purchased":["Infinite Blades","Cloak And Dagger","Footwork","Oddly Smooth Stone","Flash of Steel","AttackPotion","The Bomb","Phantasmal Killer","Dexterity Potion"],"campfire_rested":7,"item_purchase_floors":[21,21,24,24,45,45,48,48,53],"current_hp_per_floor":[63,46,46,46,46,46,46,46,46,46,46,32,53,49,49,59,67,67,67,34,34,27,48,48,28,28,28,49,49,51,47,47,72,74,71,63,63,63,55,78,67,67,67,80,80,82,78,78,82,42,72,82,82,32,0],"gold":38,"neow_bonus":"THREE_ENEMY_KILL","is_prod":false,"is_daily":false,"chose_seed":false,"campfire_upgraded":3,"win_rate":0,"timestamp":1546182040,"path_taken":["M","?","M","?","?","E","?","R","T","?","?","E","R","?","R","BOSS","M","?","?","$","M","R","$","E","T","?","R","?","M","M","R","BOSS","M","?","?","?","M","R","E","R","T","R","$","M","M","$","R","BOSS","R","$","E","BOSS"],"build_version":"2018-12-20","purchased_purges":2,"victory":false,"max_hp_per_floor":[70,70,70,70,70,70,70,70,70,70,70,70,70,70,70,70,70,70,70,70,70,70,70,70,70,70,70,70,70,72,74,74,74,74,76,78,78,78,78,78,80,80,80,80,80,82,82,82,82,82,82,82,82,84,84],"card_choices":[{"not_picked":["Outmaneuver","Dagger Spray"],"picked":"Well Laid Plans","floor":1.0},{"not_picked":["Outmaneuver","Prepared","Acrobatics"],"picked":"SKIP","floor":3.0},{"not_picked":["Concentrate","Poisoned Stab"],"picked":"Leg Sweep","floor":6.0},{"not_picked":["Deflect","Eviscerate"],"picked":"Caltrops","floor":11.0},{"not_picked":["Acrobatics","Bane"],"picked":"Dagger Spray","floor":12.0},{"not_picked":["Sucker Punch","Catalyst"],"picked":"Terror","floor":14.0},{"not_picked":["Bullet Time","Burst"],"picked":"Die Die Die","floor":16.0},{"not_picked":["Outmaneuver","Expertise"],"picked":"Prepared+1","floor":18.0},{"not_picked":["Dagger Spray","Setup"],"picked":"Caltrops","floor":20.0},{"not_picked":["Flying Knee+1","Skewer"],"picked":"Quick Slash+1","floor":22.0},{"not_picked":["Poisoned Stab","Terror+1"],"picked":"Dash","floor":25.0},{"not_picked":["Reflex","Sucker Punch","Acrobatics"],"picked":"Singing Bowl","floor":30.0},{"not_picked":["Blade Dance","Sucker Punch","Escape Plan"],"picked":"Singing Bowl","floor":31.0},{"not_picked":["Night Terror","Burst"],"picked":"Tools of the Trade","floor":33.0},{"not_picked":["Eviscerate+1","Deadly Poison+1","Flying Knee"],"picked":"Singing Bowl","floor":35.0},{"not_picked":["Deflect","Poisoned Stab","Acrobatics"],"picked":"Singing Bowl","floor":36.0},{"not_picked":["Flying Knee+1","Deflect"],"picked":"Doppelganger","floor":38.0},{"not_picked":["Dodge and Roll+1","Bane"],"picked":"Cloak And Dagger","floor":39.0},{"not_picked":["Tools of the Trade","Prepared+1","Acrobatics"],"picked":"Singing Bowl","floor":41.0},{"not_picked":["Dagger Spray+1","Prepared","Endless Agony"],"picked":"Singing Bowl","floor":46.0},{"not_picked":["Crippling Poison","Flying Knee"],"picked":"Eviscerate","floor":47.0},{"not_picked":["Slice","Dagger Spray","Distraction"],"picked":"Singing Bowl","floor":54}],"player_experience":989049,"relics_obtained":[{"floor":6.0,"key":"Du-Vu Doll"},{"floor":7.0,"key":"Ornamental Fan"},{"floor":9.0,"key":"Singing Bowl"},{"floor":12.0,"key":"Pantograph"},{"floor":17.0,"key":"Happy Flower"},{"floor":17.0,"key":"Letter Opener"},{"floor":17.0,"key":"Thread and Needle"},{"floor":20.0,"key":"Ice Cream"},{"floor":20.0,"key":"Mercury Hourglass"},{"floor":25.0,"key":"Bottled Lightning"},{"floor":27.0,"key":"Blue Candle"},{"floor":41.0,"key":"Whetstone"},{"floor":43.0,"key":"Smiling Mask"},{"floor":54,"key":"Sundial"}],"event_choices":[{"damage_healed":0.0,"max_hp_gain":0.0,"max_hp_loss":0.0,"gold_gain":0.0,"event_name":"Golden Idol","player_choice":"Take Damage","floor":2.0,"gold_loss":0.0,"damage_taken":17.0,"relics_obtained":["Golden Idol"]},{"damage_healed":0.0,"max_hp_gain":0.0,"max_hp_loss":0.0,"gold_gain":0.0,"event_name":"Liars Game","player_choice":"Ignored","floor":4.0,"gold_loss":0.0,"damage_taken":0.0},{"damage_healed":0.0,"max_hp_gain":0.0,"max_hp_loss":0.0,"gold_gain":0.0,"cards_transformed":["Strike_G"],"event_name":"Living Wall","player_choice":"Change","floor":5.0,"gold_loss":0.0,"damage_taken":0.0,"cards_obtained":["Backstab"]},{"damage_healed":0.0,"max_hp_gain":0.0,"max_hp_loss":0.0,"gold_gain":0.0,"cards_transformed":["Strike_G"],"event_name":"Transmorgrifier","player_choice":"Transformed","floor":10.0,"gold_loss":0.0,"damage_taken":0.0,"cards_obtained":["Concentrate"]},{"damage_healed":0.0,"max_hp_gain":0.0,"max_hp_loss":0.0,"gold_gain":0.0,"event_name":"Back to Basics","player_choice":"Simplicity","floor":19.0,"gold_loss":0.0,"damage_taken":0.0,"cards_upgraded":["Defend_G","Defend_G","Defend_G","Defend_G","Defend_G","Strike_G","Strike_G","Strike_G"]},{"damage_healed":0.0,"max_hp_gain":0.0,"max_hp_loss":0.0,"gold_gain":0.0,"event_name":"Colosseum","player_choice":"Fight","floor":20.0,"gold_loss":0.0,"damage_taken":0.0},{"damage_healed":0.0,"max_hp_gain":0.0,"max_hp_loss":0.0,"gold_gain":0.0,"event_name":"Colosseum","player_choice":"Fought Nobs","floor":20.0,"gold_loss":0.0,"damage_taken":0.0},{"damage_healed":0.0,"max_hp_gain":0.0,"max_hp_loss":0.0,"gold_gain":0.0,"event_name":"Lab","player_choice":"Got Potions","floor":29.0,"gold_loss":0.0,"damage_taken":0.0},{"damage_healed":0.0,"max_hp_gain":0.0,"max_hp_loss":0.0,"gold_gain":0.0,"event_name":"Duplicator","player_choice":"Copied","floor":37.0,"gold_loss":0.0,"damage_taken":0.0,"cards_obtained":["Neutralize"]}],"is_beta":false,"boss_relics":[{"not_picked":["Orrery","Eternal Feather"],"picked":"Calling Bell"},{"not_picked":["Empty Cage","Astrolabe"],"picked":"Fusion Hammer"}],"items_purged_floors":[21,45],"is_endless":false,"potions_floor_spawned":[1,6,16,20,22,30,31,33,36,41],"killed_by":"The Heart","ascension_level":13}