{"gold_per_floor":[110,110,185,185,12,44,44,79,158,158,188,202,262,280,280,358,358,374,374,393,410,16,16,27,52,52,102,102,112,112,112,112,112],"floor_reached":33,"playtime":1073,"items_purged":["Strike_P"],"score":724,"play_id":"81d3a17a-511e-43cb-a54d-4b7499931c02","local_time":"20190922014430","is_ascension_mode":true,"campfire_choices":[{"data":"Eruption","floor":7.0,"key":"SMITH"},{"data":"Vigilance","floor":10.0,"key":"SMITH"},{"data":"ReachHeaven","floor":15.0,"key":"SMITH"},{"data":"Evaluate","floor":23.0,"key":"SMITH"},{"data":"Strike_P","floor":30.0,"key":"PURGE"},{"floor":32.0,"key":"REST"}],"neow_cost":"NONE","seed_source_timestamp":87855449799700,"circlet_count":0,"master_deck":["AscendersBane","Strike_P","Strike_P","Defend_P","Defend_P","Defend_P","Eruption+1","Vigilance+1","Evaluate+1","BattleHymn","Crescendo+1","ReachHeaven+1","Establishment","Protect+1","Protect+1"],"special_seed":0,"relics":["PureWater","NeowsBlessing","Pen Nib","Peace Pipe","Centennial Puzzle","Toxic Egg 2","Mercury Hourglass","Question Card","Sozu","Ginger","White Beast Statue","Frozen Egg 2"],"potions_floor_usage":[],"damage_taken":[{"damage":0.0,"enemies":"Jaw Worm","floor":1.0,"turns":1.0},{"damage":0.0,"enemies":"Lagavulin","floor":6.0,"turns":1.0},{"damage":0.0,"enemies":"Gremlin Nob","floor":8.0,"turns":1.0},{"damage":0.0,"enemies":"Lagavulin","floor":11.0,"turns":4.0},{"damage":0.0,"enemies":"Small Slimes","floor":12.0,"turns":1.0},{"damage":0.0,"enemies":"Gremlin Nob","floor":13.0,"turns":3.0},{"damage":0.0,"enemies":"Cultist","floor":14.0,"turns":2.0},{"damage":24.0,"enemies":"Hexaghost","floor":16.0,"turns":5.0},{"damage":8.0,"enemies":"3 Byrds","floor":18.0,"turns":3.0},{"damage":1.0,"enemies":"Chosen","floor":20.0,"turns":3.0},{"damage":18.0,"enemies":"Snake Plant","floor":21.0,"turns":4.0},{"damage":0.0,"enemies":"Centurion and Healer","floor":24.0,"turns":4.0},{"damage":11.0,"enemies":"Book of Stabbing","floor":25.0,"turns":4.0},{"damage":0.0,"enemies":"Snecko","floor":29.0,"turns":5.0},{"damage":62,"enemies":"Automaton","floor":33,"turns":12}],"seed_played":"4264928860446407539","potions_obtained":[{"floor":6.0,"key":"Swift Potion"},{"floor":11.0,"key":"GamblersBrew"},{"floor":12.0,"key":"Block Potion"}],"is_trial":false,"path_per_floor":["M","?","?","?","$","E","R","E","T","R","E","M","?","M","R","B",null,"M","?","M","M","$","R","M","E","T","?","?","M","R","?","R","B"],"character_chosen":"WATCHER","items_purchased":["Pen Nib","Ginger"],"campfire_rested":1,"item_purchase_floors":[5,22],"current_hp_per_floor":[55,60,49,49,49,49,49,49,49,49,49,49,49,49,49,25,56,48,61,60,42,42,42,42,31,31,31,13,13,13,13,34,0],"gold":112,"neow_bonus":"THREE_ENEMY_KILL","is_prod":false,"is_daily":false,"chose_seed":false,"campfire_upgraded":4,"win_rate":0,"timestamp":1569091470,"path_taken":["M","?","?","?","$","E","R","E","T","R","E","?","?","M","R","BOSS","M","?","M","M","$","R","M","E","T","?","?","M","R","?","R","BOSS"],"build_version":"2019-09-20","purchased_purges":1,"victory":false,"max_hp_per_floor":[61,66,66,66,66,66,66,66,66,66,66,66,66,66,66,66,66,66,66,66,66,66,66,66,66,66,66,71,71,71,71,71,71],"card_choices":[{"not_picked":["Prostrate","FearNoEvil","Fasting"],"picked":"SKIP","floor":1.0},{"not_picked":["WindmillStrike","Evaluate","BowlingBash"],"picked":"SKIP","floor":6.0},{"not_picked":["WindmillStrike","BowlingBash"],"picked":"Evaluate","floor":6.0},{"not_picked":["Meditate","BowlingBash"],"picked":"BattleHymn","floor":8.0},{"not_picked":["EmptyBody+1","ThirdEye+1","Halt+1"],"picked":"SKIP","floor":11.0},{"not_picked":["CutThroughFate","ThirdEye+1"],"picked":"Crescendo+1","floor":12.0},{"not_picked":["Prostrate+1","Sanctity+1"],"picked":"ReachHeaven","floor":13.0},{"not_picked":["EmptyBody+1","Crescendo+1","CleanseEvil+1","Wallop"],"picked":"SKIP","floor":14.0},{"not_picked":["CrushJoints","WaveOfTheHand+1","SandsOfTime"],"picked":"Establishment","floor":18.0},{"not_picked":["FlyingSleeves","Weave","CutThroughFate+1"],"picked":"Protect+1","floor":20.0},{"not_picked":["ThirdEye+1","MentalFortress","FlyingSleeves"],"picked":"Protect+1","floor":21.0},{"not_picked":["CutThroughFate","FlowState+1","SashWhip","Wireheading"],"picked":"SKIP","floor":24.0},{"not_picked":["CleanseEvil+1","DevaForm","Pray+1","SashWhip"],"picked":"SKIP","floor":25.0},{"not_picked":["WaveOfTheHand+1","FlyingSleeves","Crescendo+1","Sanctity+1"],"picked":"SKIP","floor":29.0}],"player_experience":1130375,"relics_obtained":[{"floor":6.0,"key":"Peace Pipe"},{"floor":8.0,"key":"Centennial Puzzle"},{"floor":9.0,"key":"Toxic Egg 2"},{"floor":11.0,"key":"Mercury Hourglass"},{"floor":13.0,"key":"Question Card"},{"floor":25.0,"key":"White Beast Statue"},{"floor":26.0,"key":"Frozen Egg 2"}],"event_choices":[{"damage_healed":0.0,"max_hp_gain":5.0,"max_hp_loss":0.0,"gold_gain":0.0,"event_name":"Big Fish","player_choice":"Donut","floor":2.0,"gold_loss":0.0,"damage_taken":0.0},{"damage_healed":0.0,"max_hp_gain":0.0,"max_hp_loss":0.0,"gold_gain":75.0,"event_name":"World of Goop","player_choice":"Gather Gold","floor":3.0,"gold_loss":0.0,"damage_taken":11.0},{"cards_removed":["Defend_P"],"damage_healed":0.0,"max_hp_gain":0.0,"max_hp_loss":0.0,"gold_gain":0.0,"event_name":"Purifier","player_choice":"Purged","floor":4.0,"gold_loss":0.0,"damage_taken":0.0},{"damage_healed":0.0,"max_hp_gain":0.0,"max_hp_loss":0.0,"gold_gain":30.0,"event_name":"Dead Adventurer","player_choice":"Searched \u00272\u0027 times","floor":13.0,"gold_loss":0.0,"damage_taken":0.0},{"damage_healed":13.0,"max_hp_gain":0.0,"max_hp_loss":0.0,"gold_gain":0.0,"event_name":"The Library","player_choice":"Heal","floor":19.0,"gold_loss":0.0,"damage_taken":0.0},{"damage_healed":0.0,"max_hp_gain":0.0,"max_hp_loss":0.0,"gold_gain":50.0,"event_name":"Nest","player_choice":"Stole From Cult","floor":27.0,"gold_loss":0.0,"damage_taken":0.0},{"damage_healed":0.0,"max_hp_gain":5.0,"max_hp_loss":0.0,"gold_gain":0.0,"event_name":"Forgotten Altar","player_choice":"Shed Blood","floor":28.0,"gold_loss":0.0,"damage_taken":23.0},{"damage_healed":0.0,"max_hp_gain":0.0,"max_hp_loss":0.0,"gold_gain":0.0,"event_name":"Cursed Tome","player_choice":"Ignored","floor":31.0,"gold_loss":0.0,"damage_taken":0.0}],"is_beta":true,"boss_relics":[{"not_picked":["VioletLotus","Runic Dome"],"picked":"Sozu"}],"items_purged_floors":[22],"is_endless":false,"potions_floor_spawned":[6,11,12,18,24,29],"killed_by":"Automaton","ascension_level":18}