{"gold_per_floor":[111,111,125,125,125,193,193,231,231,255,330,349,426,442,442,540,540,559,479],"floor_reached":19,"playtime":695,"items_purged":[],"score":404,"play_id":"da4191b9-dcbe-45b5-b593-4f044c13bce0","local_time":"20190925143503","is_ascension_mode":true,"campfire_choices":[{"data":"Barricade","floor":7,"key":"SMITH"},{"floor":15,"key":"REST"}],"neow_cost":"NONE","seed_source_timestamp":742606550147700,"circlet_count":0,"master_deck":["AscendersBane","Strike_R","Strike_R","Strike_R","Strike_R","Defend_R","Defend_R","Defend_R","Defend_R","Bash","Cleave","Barricade+1","Ghostly Armor","Clothesline","Armaments"],"relics":["Burning Blood","NeowsBlessing","Mummified Hand","Golden Idol","Tiny Chest","Kunai","Bottled Lightning","Bottled Tornado","Mark of Pain"],"potions_floor_usage":[12,12,16],"damage_taken":[{"damage":0,"enemies":"Jaw Worm","floor":1,"turns":1},{"damage":0,"enemies":"Cultist","floor":3,"turns":1},{"damage":0,"enemies":"3 Sentries","floor":6,"turns":1},{"damage":52,"enemies":"Lagavulin","floor":8,"turns":9},{"damage":3,"enemies":"2 Louse","floor":10,"turns":4},{"damage":0,"enemies":"2 Fungi Beasts","floor":12,"turns":5},{"damage":0,"enemies":"Large Slime","floor":14,"turns":14},{"damage":7,"enemies":"The Guardian","floor":16,"turns":40},{"damage":51,"enemies":"Chosen","floor":18,"turns":11},{"damage":21,"enemies":"2 Thieves","floor":19,"turns":2}],"seed_played":"7844287327773757956","potions_obtained":[{"floor":3,"key":"Swift Potion"},{"floor":8,"key":"SpeedPotion"},{"floor":14,"key":"Weak Potion"}],"is_trial":false,"path_per_floor":["M","?","M","?","?","E","R","E","T","M","?","M","T","M","R","B",null,"M","M"],"character_chosen":"IRONCLAD","items_purchased":[],"campfire_rested":1,"item_purchase_floors":[],"current_hp_per_floor":[74,74,75,49,49,55,55,9,9,12,1,7,7,13,35,34,65,20,0],"gold":479,"neow_bonus":"THREE_ENEMY_KILL","is_prod":false,"is_daily":false,"chose_seed":false,"campfire_upgraded":1,"win_rate":0,"timestamp":1569447303,"path_taken":["M","?","?","?","?","E","R","E","T","M","?","M","?","M","R","BOSS","M","M"],"build_version":"2019-09-25","purchased_purges":0,"victory":false,"max_hp_per_floor":[75,75,75,75,75,75,75,75,75,75,75,75,75,75,75,75,75,75,75],"card_choices":[{"not_picked":["Sword Boomerang","Body Slam","Armaments"],"picked":"SKIP","floor":1},{"not_picked":["Sword Boomerang","Iron Wave","Thunderclap"],"picked":"SKIP","floor":3},{"not_picked":["Clothesline","Heavy Blade"],"picked":"Barricade","floor":6},{"not_picked":["Bloodletting","Clash"],"picked":"Ghostly Armor","floor":8},{"not_picked":["Corruption","Perfected Strike"],"picked":"Clothesline","floor":10},{"not_picked":["Pommel Strike","Clothesline","Shockwave"],"picked":"SKIP","floor":12},{"not_picked":["Clash","Heavy Blade"],"picked":"Armaments","floor":14},{"not_picked":["Blood for Blood","Bloodletting","Heavy Blade"],"picked":"SKIP","floor":18}],"player_experience":1035032,"relics_obtained":[{"floor":2,"key":"Mummified Hand"},{"floor":6,"key":"Tiny Chest"},{"floor":8,"key":"Kunai"},{"floor":9,"key":"Bottled Lightning"},{"floor":13,"key":"Bottled Tornado"}],"event_choices":[{"damage_healed":0,"gold_gain":0,"player_choice":"Relic","damage_taken":0,"max_hp_gain":0,"max_hp_loss":0,"event_name":"Wheel of Change","floor":2,"gold_loss":0},{"damage_healed":0,"gold_gain":0,"player_choice":"Take Damage","damage_taken":26,"relics_obtained":["Golden Idol"],"max_hp_gain":0,"max_hp_loss":0,"event_name":"Golden Idol","floor":4,"gold_loss":0},{"damage_healed":0,"gold_gain":0,"cards_transformed":["Strike_R"],"player_choice":"Change","damage_taken":0,"max_hp_gain":0,"max_hp_loss":0,"event_name":"Living Wall","floor":5,"gold_loss":0,"cards_obtained":["Cleave"]},{"damage_healed":0,"gold_gain":75,"player_choice":"Gather Gold","damage_taken":11,"max_hp_gain":0,"max_hp_loss":0,"event_name":"World of Goop","floor":11,"gold_loss":0}],"is_beta":true,"boss_relics":[{"not_picked":["Runic Cube","Black Blood"],"picked":"Mark of Pain"}],"items_purged_floors":[],"is_endless":false,"potions_floor_spawned":[3,8,14],"killed_by":"2 Thieves","ascension_level":20}