{"gold_per_floor":[147,147,160,170,181,207,207,232,305,150,162,162,80,94,94,192,192,209,222,222,236,236,236,270,270,349,249,249,281,196,214,214,311,311,330,384,399,411,411,442,110,110,110,31,31,50,66,92,92,92],"floor_reached":51,"playtime":7959,"items_purged":["Strike_R","Strike_R+1"],"score":730,"play_id":"69f8a5ad-ed73-4fea-b570-8a97a50cca33","local_time":"20180822223626","is_ascension_mode":false,"campfire_choices":[{"data":"Spot Weakness","floor":7,"key":"SMITH"},{"data":"1","floor":12,"key":"LIFT"},{"data":"2","floor":15,"key":"LIFT"},{"data":"Limit Break","floor":23,"key":"SMITH"},{"floor":25,"key":"REST"},{"data":"Flame Barrier","floor":32,"key":"SMITH"},{"floor":42,"key":"REST"},{"data":"3","floor":45,"key":"LIFT"},{"data":"Clothesline","floor":49,"key":"SMITH"}],"neow_cost":"NONE","seed_source_timestamp":684574143648143,"circlet_count":0,"master_deck":["Strike_R+1","Strike_R+1","Strike_R+1","Defend_R+1","Defend_R+1","Defend_R+1","Defend_R+1","Bash","Clothesline+1","Shrug It Off","Spot Weakness+1","Reaper","Rampage","Flame Barrier+1","Metallicize+1","Disarm","Limit Break+1","Shrug It Off","Demon Form+1","Writhe","Barricade+1","Anger+1","Inflame+1","Flame Barrier+1","Madness","Madness","Offering","Metallicize+1","Inflame+1","Whirlwind","Spot Weakness","Pommel Strike+1"],"relics":["Burning Blood","Tiny Chest","Dream Catcher","Girya","Frozen Egg 2","Mark of Pain","Oddly Smooth Stone","Bottled Lightning","Juzu Bracelet","Magic Flower","Centennial Puzzle","Sozu","Ice Cream","Torii","Bottled Flame","Anchor","Pen Nib"],"potions_floor_usage":[5,5,8,16,24,31,33,33,33,33,33,33],"damage_taken":[{"damage":1,"enemies":"Small Slimes","floor":1,"turns":3},{"damage":0,"enemies":"Cultist","floor":3,"turns":4},{"damage":1,"enemies":"2 Louse","floor":4,"turns":4},{"damage":8,"enemies":"Exordium Thugs","floor":5,"turns":4},{"damage":31,"enemies":"3 Sentries","floor":6,"turns":7},{"damage":13,"enemies":"Lagavulin","floor":8,"turns":5},{"damage":2,"enemies":"3 Louse","floor":11,"turns":4},{"damage":0,"enemies":"2 Fungi Beasts","floor":14,"turns":6},{"damage":52,"enemies":"Slime Boss","floor":16,"turns":13},{"damage":16,"enemies":"Spheric Guardian","floor":18,"turns":4},{"damage":7,"enemies":"3 Byrds","floor":19,"turns":5},{"damage":5,"enemies":"Centurion and Healer","floor":21,"turns":5},{"damage":63,"enemies":"Slavers","floor":24,"turns":7},{"damage":12,"enemies":"Gremlin Leader","floor":29,"turns":7},{"damage":5,"enemies":"Sentry and Sphere","floor":31,"turns":7},{"damage":36,"enemies":"Collector","floor":33,"turns":9},{"damage":14,"enemies":"Flame Bruiser 1 Orb","floor":35,"turns":7},{"damage":88,"floor":36,"turns":8},{"damage":0,"enemies":"3 Shapes","floor":37,"turns":4},{"damage":1,"enemies":"Transient","floor":38,"turns":5},{"damage":56,"enemies":"2 Orb Walkers","floor":40,"turns":7},{"damage":1,"enemies":"4 Shapes","floor":46,"turns":6},{"damage":1,"enemies":"Sphere and 2 Shapes","floor":47,"turns":4},{"damage":2,"enemies":"Nemesis","floor":48,"turns":11},{"damage":59,"enemies":"Donu and Deca","floor":50,"turns":8}],"seed_played":"7229664681926980410","potions_obtained":[{"floor":1,"key":"Explosive Potion"},{"floor":3,"key":"SpeedPotion"},{"floor":4,"key":"Energy Potion"},{"floor":11,"key":"Poison Potion"},{"floor":16,"key":"SteroidPotion"},{"floor":19,"key":"AttackPotion"},{"floor":24,"key":"Explosive Potion"},{"floor":29,"key":"EntropicBrew"},{"floor":31,"key":"AttackPotion"}],"is_trial":false,"path_per_floor":["M","?","M","M","M","E","R","E","T","$","M","R","$","M","R","B",null,"M","M","?","M","?","R","E","R","T","$","?","E","?","M","R","B",null,"M","?","M","M","?","E","$","R","T","$","R","M","M","E","R","B"],"character_chosen":"IRONCLAD","items_purchased":["Metallicize+1","Disarm","Bottled Flame","Metallicize+1","Whirlwind"],"campfire_rested":2,"item_purchase_floors":[10,13,41,41,44],"current_hp_per_floor":[80,80,80,80,78,78,78,71,71,71,75,75,75,80,80,49,80,70,77,77,80,64,64,28,52,52,52,52,63,63,76,76,78,80,80,66,80,80,70,23,23,47,47,47,47,80,80,80,80,57],"gold":92,"neow_bonus":"RANDOM_COMMON_RELIC","is_prod":false,"is_daily":false,"chose_seed":false,"campfire_upgraded":4,"win_rate":0,"timestamp":1534995386,"path_taken":["M","?","M","M","M","E","R","E","T","$","M","R","?","M","R","BOSS","M","M","?","M","?","R","E","R","T","$","?","E","?","M","R","BOSS","M","?","M","M","?","E","?","R","T","$","R","M","M","E","R","BOSS"],"build_version":"2018-08-16","purchased_purges":2,"victory":true,"max_hp_per_floor":[80,80,80,80,80,80,80,80,80,80,80,80,80,80,80,80,80,80,80,80,80,80,80,80,80,80,80,80,80,80,80,80,80,80,80,80,80,80,80,80,80,80,80,80,80,80,80,80,80,80],"card_choices":[{"not_picked":["Rampage","Corruption"],"picked":"Clothesline","floor":1},{"not_picked":["Iron Wave","Clash"],"picked":"Shrug It Off","floor":3},{"not_picked":["Headbutt","Clothesline"],"picked":"Spot Weakness","floor":4},{"not_picked":["Feel No Pain","Rampage"],"picked":"Reaper","floor":5},{"not_picked":["Sword Boomerang","Thunderclap"],"picked":"Rampage","floor":6},{"not_picked":["Fire Breathing","Anger"],"picked":"Flame Barrier","floor":8},{"not_picked":["Power Through","Armaments","Pummel"],"picked":"SKIP","floor":11},{"not_picked":["Twin Strike","Pummel","Thunderclap"],"picked":"SKIP","floor":14},{"not_picked":["Bludgeon","Brutality+1"],"picked":"Limit Break","floor":16},{"not_picked":["Intimidate+1","Fire Breathing+1","Armaments"],"picked":"SKIP","floor":18},{"not_picked":["Clothesline","Pummel"],"picked":"Shrug It Off","floor":19},{"not_picked":["Armaments","Twin Strike+1","Infernal Blade"],"picked":"SKIP","floor":21},{"not_picked":["Dual Wield","Bloodletting+1"],"picked":"Demon Form+1","floor":24},{"not_picked":["Reckless Charge","Clash","Perfected Strike"],"picked":"SKIP","floor":29},{"not_picked":["Sword Boomerang","Iron Wave","Headbutt"],"picked":"SKIP","floor":31},{"not_picked":["Bludgeon","Fiend Fire"],"picked":"Barricade+1","floor":33},{"not_picked":["Ghostly Armor","Heavy Blade"],"picked":"Anger+1","floor":35},{"not_picked":["Thunderclap+1","Fire Breathing+1"],"picked":"Inflame+1","floor":36},{"not_picked":["Pommel Strike","Rampage+1","Twin Strike"],"picked":"SKIP","floor":37},{"not_picked":["Corruption+1","Clothesline"],"picked":"Flame Barrier+1","floor":38},{"not_picked":["Headbutt","Anger+1"],"picked":"Offering","floor":40},{"not_picked":["Combust+1","Body Slam"],"picked":"Inflame+1","floor":42},{"not_picked":["Body Slam","Heavy Blade","Sever Soul"],"picked":"SKIP","floor":46},{"not_picked":["Infernal Blade","Rage+1"],"picked":"Spot Weakness","floor":47},{"not_picked":["Armaments+1","Disarm"],"picked":"Pommel Strike+1","floor":48}],"player_experience":164066,"relics_obtained":[{"floor":6,"key":"Dream Catcher"},{"floor":8,"key":"Girya"},{"floor":9,"key":"Frozen Egg 2"},{"floor":24,"key":"Oddly Smooth Stone"},{"floor":26,"key":"Bottled Lightning"},{"floor":29,"key":"Magic Flower"},{"floor":36,"key":"Ice Cream"},{"floor":40,"key":"Torii"},{"floor":43,"key":"Anchor"},{"floor":48,"key":"Pen Nib"}],"event_choices":[{"event_name":"The Woman in Blue","player_choice":"Bought 0 Potions","floor":2,"damage_taken":0},{"event_name":"Back to Basics","player_choice":"Simplicity","floor":20,"damage_taken":0},{"event_name":"Cursed Tome","player_choice":"Obtained Book","floor":22,"damage_taken":0},{"event_name":"The Mausoleum","player_choice":"Yes","floor":28,"damage_taken":0},{"event_name":"Addict","player_choice":"Obtained Relic","floor":30,"damage_taken":0},{"event_name":"Mysterious Sphere","player_choice":"Fight","floor":36,"damage_taken":0},{"event_name":"Winding Halls","player_choice":"Embrace Madness","floor":39,"damage_taken":0}],"is_beta":false,"boss_relics":[{"not_picked":["Black Blood","Calling Bell"],"picked":"Mark of Pain"},{"not_picked":["White Beast Statue","Tiny House"],"picked":"Sozu"}],"items_purged_floors":[10,27],"is_endless":false,"potions_floor_spawned":[1,3,4,11,16,19,24,29,31,36,40,46,47],"ascension_level":0}