{"gold_per_floor":[119,137,149,74,86,105,105,133,133,150,150,213,232,242,242,242],"floor_reached":16,"playtime":1663,"items_purged":["Strike_R"],"score":143,"play_id":"e38ea0d3-d587-4739-b067-d7fb12d1ad12","local_time":"20190924180640","is_ascension_mode":true,"campfire_choices":[{"data":"Shrug It Off","floor":7.0,"key":"SMITH"},{"floor":11.0,"key":"REST"},{"data":"Dark Embrace","floor":15,"key":"SMITH"}],"neow_cost":"PERCENT_DAMAGE","seed_source_timestamp":0,"circlet_count":0,"master_deck":["Strike_R","Strike_R","Strike_R","Strike_R","Defend_R","Defend_R","Defend_R","Defend_R","Bash","Dual Wield","Feel No Pain","Shrug It Off+1","Dark Embrace+1","Metallicize","Seeing Red","Infernal Blade","Uppercut"],"special_seed":0,"relics":["Burning Blood","Thread and Needle","Dodecahedron","Kunai","Strawberry"],"potions_floor_usage":[16,16,16],"damage_taken":[{"damage":0.0,"enemies":"Jaw Worm","floor":1.0,"turns":5.0},{"damage":0.0,"enemies":"Small Slimes","floor":2.0,"turns":3.0},{"damage":1.0,"enemies":"Cultist","floor":3.0,"turns":4.0},{"damage":24.0,"enemies":"Large Slime","floor":5.0,"turns":12.0},{"damage":7.0,"enemies":"3 Louse","floor":6.0,"turns":4.0},{"damage":36.0,"enemies":"Gremlin Nob","floor":8.0,"turns":5.0},{"damage":12.0,"enemies":"Lots of Slimes","floor":10.0,"turns":8.0},{"damage":9.0,"enemies":"3 Sentries","floor":12.0,"turns":13.0},{"damage":16.0,"enemies":"Exordium Wildlife","floor":13.0,"turns":9.0},{"damage":8,"enemies":"2 Fungi Beasts","floor":14,"turns":5},{"damage":31,"enemies":"Slime Boss","floor":16,"turns":13}],"seed_played":"5714374501875294913","potions_obtained":[{"floor":5.0,"key":"Swift Potion"},{"floor":8.0,"key":"AttackPotion"},{"floor":13,"key":"EssenceOfSteel"},{"floor":14,"key":"Swift Potion"}],"is_trial":false,"path_per_floor":["M","M","M","$","M","M","R","E","T","M","R","?","M","M","R","B"],"character_chosen":"IRONCLAD","items_purchased":[],"campfire_rested":1,"item_purchase_floors":[],"current_hp_per_floor":[57,63,68,68,50,49,49,19,19,13,37,41,31,29,29,0],"gold":242,"neow_bonus":"ONE_RARE_RELIC","is_prod":false,"is_daily":false,"chose_seed":false,"campfire_upgraded":2,"win_rate":0,"timestamp":1569341200,"path_taken":["M","M","M","$","M","M","R","E","T","M","R","?","M","M","R","BOSS"],"build_version":"2019-07-17","purchased_purges":1,"victory":false,"max_hp_per_floor":[80,80,80,80,80,80,80,80,80,80,80,87,87,87,87,87],"card_choices":[{"not_picked":["Warcry","True Grit","Clothesline"],"picked":"SKIP","floor":1.0},{"not_picked":["Cleave","Rage"],"picked":"Dual Wield","floor":2.0},{"not_picked":["Clash","Iron Wave","Intimidate"],"picked":"SKIP","floor":3.0},{"not_picked":["Heavy Blade","Clothesline"],"picked":"Feel No Pain","floor":5.0},{"not_picked":["Rage","Armaments"],"picked":"Shrug It Off","floor":6.0},{"not_picked":["Combust","Wild Strike"],"picked":"Dark Embrace","floor":8.0},{"not_picked":["Blood for Blood","Body Slam"],"picked":"Metallicize","floor":10.0},{"not_picked":["Rampage","Iron Wave"],"picked":"Seeing Red","floor":12.0},{"not_picked":["Reckless Charge","Hemokinesis"],"picked":"Infernal Blade","floor":13},{"not_picked":["Reckless Charge","Iron Wave"],"picked":"Uppercut","floor":14}],"player_experience":368510,"relics_obtained":[{"floor":8.0,"key":"Dodecahedron"},{"floor":9.0,"key":"Kunai"}],"event_choices":[{"damage_healed":0.0,"max_hp_gain":0.0,"max_hp_loss":0.0,"gold_gain":0.0,"event_name":"Dead Adventurer","player_choice":"Searched \u00272\u0027 times","floor":12.0,"gold_loss":0.0,"damage_taken":0.0,"relics_obtained":["Strawberry"]}],"is_beta":false,"boss_relics":[],"items_purged_floors":[4],"is_endless":false,"potions_floor_spawned":[5,8,13,14],"killed_by":"Slime Boss","ascension_level":7}