{"path_per_floor":["M","?","?","M","M","R","E","M","T","R","?","E","M","E","R","B",null,"M","M","?","?","$","R","E","R","T","R","E","M","?","M","R","B",null,"M","?","$","M","T","E","R","$","T","R","E","M","$","M","R","B"],"character_chosen":"IRONCLAD","items_purchased":["Kunai","Sword Boomerang","Reckless Charge","Bag of Marbles","Happy Flower","Whetstone","Pen Nib","Dexterity Potion"],"gold_per_floor":[114,114,189,208,227,227,265,284,284,284,314,352,371,409,409,534,534,553,572,487,487,74,74,112,112,142,142,180,199,199,218,218,343,343,362,695,145,160,185,215,215,15,90,90,120,135,10,25,25,25],"floor_reached":51,"campfire_rested":0,"playtime":1545,"item_purchase_floors":[22,22,22,37,37,37,42,42],"current_hp_per_floor":[77,57,46,52,53,53,52,66,66,66,41,55,80,80,80,56,80,80,59,59,59,59,59,69,69,69,69,75,82,82,83,83,42,83,83,83,83,83,83,55,55,55,55,55,64,73,73,82,82,83],"items_purged":["Defend_R","Strike_R","Strike_R"],"gold":25,"score":861,"play_id":"b3ea4539-e575-4e26-afe5-28a26b1e489e","local_time":"20180615132157","daily_mods":["Brewmaster","Time Dilation","Lethality"],"is_prod":false,"is_daily":true,"chose_seed":false,"is_ascension_mode":false,"campfire_upgraded":9,"win_rate":0,"timestamp":1529045517,"campfire_choices":[{"data":"Bash","floor":6,"key":"SMITH"},{"data":"Venomology","floor":10,"key":"SMITH"},{"data":"Dropkick","floor":15,"key":"SMITH"},{"data":"Double Tap","floor":23,"key":"SMITH"},{"data":"Battle Trance","floor":25,"key":"SMITH"},{"data":"Sword Boomerang","floor":27,"key":"SMITH"},{"data":"Demon Form","floor":32,"key":"SMITH"},{"data":"Battle Trance","floor":41,"key":"SMITH"},{"data":"Immolate","floor":44,"key":"SMITH"},{"data":"1","floor":49,"key":"LIFT"}],"path_taken":["M","?","?","M","M","R","E","M","T","R","?","E","?","E","R","BOSS","M","M","?","?","$","R","E","R","T","R","E","M","?","M","R","BOSS","M","?","$","M","?","E","R","?","T","R","E","M","$","M","R","BOSS"],"build_version":"2018-06-14","seed_source_timestamp":0,"purchased_purges":3,"victory":true,"master_deck":["Strike_R","Strike_R+1","Strike_R","Defend_R","Defend_R","Defend_R","Bash+1","Venomology","Venomology","Venomology","Venomology","Venomology+1","Battle Trance+1","Dropkick+1","Immolate+1","Double Tap+1","Demon Form+1","Sword Boomerang+1","Reckless Charge+1","Battle Trance+1","Shrug It Off+1","Shockwave"],"max_hp_per_floor":[80,80,80,80,80,80,80,80,80,80,80,80,80,80,80,80,80,80,80,80,80,80,80,80,80,80,80,80,83,83,83,83,83,83,83,83,83,83,83,83,83,83,83,83,83,83,83,83,83,83],"special_seed":17697,"relics":["Burning Blood","White Beast Statue","Anchor","Shuriken","Odd Mushroom","Magic Flower","Bronze Scales","Busted Crown","Orichalcum","Kunai","Oddly Smooth Stone","Tiny Chest","Omamori","Black Star","Bag of Marbles","Happy Flower","Whetstone","Potion Belt","Gremlin Horn","Frozen Egg 2","Pen Nib","Dodecahedron","Girya","Torii"],"card_choices":[{"not_picked":["Anger","Rampage","Intimidate"],"picked":"SKIP","floor":1},{"not_picked":["Perfected Strike","Anger"],"picked":"Battle Trance","floor":4},{"not_picked":["Perfected Strike","Havoc"],"picked":"Dropkick","floor":5},{"not_picked":["Rage","Clash"],"picked":"Immolate","floor":7},{"not_picked":["Rampage","Flame Barrier","Metallicize"],"picked":"SKIP","floor":8},{"not_picked":["Sentinel","Power Through"],"picked":"Double Tap","floor":12},{"not_picked":["Havoc","Sever Soul","Perfected Strike"],"picked":"SKIP","floor":13},{"not_picked":["Warcry","Carnage","Clothesline"],"picked":"SKIP","floor":14},{"not_picked":["Feed","Brutality"],"picked":"Demon Form","floor":16},{"not_picked":["Headbutt+1"],"picked":"SKIP","floor":18},{"not_picked":["Rage"],"picked":"SKIP","floor":19},{"not_picked":["Rupture"],"picked":"SKIP","floor":24},{"not_picked":["Clash"],"picked":"SKIP","floor":28},{"not_picked":["Havoc+1"],"picked":"SKIP","floor":29},{"not_picked":["Combust+1"],"picked":"SKIP","floor":31},{"not_picked":[],"picked":"Battle Trance","floor":35},{"not_picked":["Searing Blow+1"],"picked":"SKIP","floor":38},{"not_picked":[],"picked":"Shrug It Off+1","floor":40},{"not_picked":["Spot Weakness"],"picked":"SKIP","floor":45},{"not_picked":["Headbutt+1"],"picked":"SKIP","floor":46},{"not_picked":[],"picked":"Shockwave","floor":48}],"player_experience":73713,"potions_floor_usage":[1,1,4,4,4,4,4,5,5,7,7,7,7,7,8,8,11,11,12,12,12,12,12,13,13,13,14,14,14,14,14,16,16,16,18,18,18,18,18,19,19,24,24,24,24,24,24,28,28,28,28,29,31,31,31,33,33,33,33,33,33,35,35,35,35,38,38,38,40,40,45,45,46,46,46,46,46,46,50,50,50,50,50,50,50,50,50,50,50,50,50],"damage_taken":[{"damage":9,"enemies":"Cultist","floor":1,"turns":3},{"damage":0,"enemies":"Small Slimes","floor":4,"turns":2},{"damage":5,"enemies":"2 Louse","floor":5,"turns":2},{"damage":7,"enemies":"3 Sentries","floor":7,"turns":7},{"damage":0,"enemies":"2 Fungi Beasts","floor":8,"turns":2},{"damage":31,"floor":11,"turns":3},{"damage":0,"enemies":"Lagavulin","floor":12,"turns":3},{"damage":0,"enemies":"Large Slime","floor":13,"turns":3},{"damage":9,"enemies":"3 Sentries","floor":14,"turns":6},{"damage":43,"enemies":"The Guardian","floor":16,"turns":6},{"damage":14,"enemies":"2 Thieves","floor":18,"turns":3},{"damage":30,"enemies":"3 Byrds","floor":19,"turns":2},{"damage":11,"enemies":"Slavers","floor":24,"turns":3},{"damage":3,"enemies":"Book of Stabbing","floor":28,"turns":2},{"damage":7,"enemies":"Sentry and Sphere","floor":29,"turns":3},{"damage":0,"enemies":"Cultist and Chosen","floor":31,"turns":2},{"damage":50,"enemies":"Champ","floor":33,"turns":5},{"damage":0,"enemies":"Orb Walker","floor":35,"turns":2},{"damage":0,"enemies":"3 Shapes","floor":38,"turns":1},{"damage":37,"enemies":"Nemesis","floor":40,"turns":3},{"damage":0,"enemies":"2 Orb Walkers","floor":45,"turns":2},{"damage":0,"enemies":"Transient","floor":46,"turns":5},{"damage":0,"enemies":"Spire Growth","floor":48,"turns":1},{"damage":8,"enemies":"Time Eater","floor":50,"turns":4}],"relics_obtained":[{"floor":7,"key":"Anchor"},{"floor":9,"key":"Shuriken"},{"floor":11,"key":"Odd Mushroom"},{"floor":12,"key":"Magic Flower"},{"floor":14,"key":"Bronze Scales"},{"floor":24,"key":"Oddly Smooth Stone"},{"floor":26,"key":"Tiny Chest"},{"floor":28,"key":"Omamori"},{"floor":39,"key":"Potion Belt"},{"floor":40,"key":"Gremlin Horn"},{"floor":40,"key":"Frozen Egg 2"},{"floor":43,"key":"Dodecahedron"},{"floor":45,"key":"Girya"},{"floor":45,"key":"Torii"}],"event_choices":[{"event_name":"Golden Idol","player_choice":"Take Damage","floor":2,"damage_taken":0},{"event_name":"World of Goop","player_choice":"Gather Gold","floor":3,"damage_taken":0},{"event_name":"Mushrooms","player_choice":"Fought Mushrooms","floor":11,"damage_taken":0},{"event_name":"Addict","player_choice":"Obtained Relic","floor":20,"damage_taken":0},{"event_name":"Drug Dealer","player_choice":"Ignored","floor":21,"damage_taken":0},{"event_name":"Vampires","player_choice":"Ignored","floor":30,"damage_taken":0},{"event_name":"The Moai Head","player_choice":"Gave Idol","floor":36,"damage_taken":0}],"boss_relics":[{"not_picked":["Astrolabe","Runic Pyramid"],"picked":"Busted Crown"},{"not_picked":["Pandora\u0027s Box","Runic Cube"],"picked":"Black Star"}],"items_purged_floors":[22,37,47],"is_endless":false,"potions_floor_spawned":[1,4,5,7,8,11,12,13,14,16,18,19,24,28,29,31,33,35,38,40,45,46,48],"seed_played":"-2070942787049957180","ascension_level":0,"potions_obtained":[{"floor":4,"key":"Strength Potion"},{"floor":7,"key":"Dexterity Potion"},{"floor":11,"key":"BloodPotion"},{"floor":12,"key":"SkillPotion"},{"floor":14,"key":"Fire Potion"},{"floor":16,"key":"Ancient Potion"},{"floor":18,"key":"Block Potion"},{"floor":19,"key":"BloodPotion"},{"floor":24,"key":"FearPotion"},{"floor":28,"key":"BloodPotion"},{"floor":29,"key":"FearPotion"},{"floor":31,"key":"Energy Potion"},{"floor":33,"key":"Energy Potion"},{"floor":35,"key":"Explosive Potion"},{"floor":38,"key":"FearPotion"},{"floor":40,"key":"PowerPotion"},{"floor":46,"key":"SpeedPotion"}],"is_trial":false}