{"gold_per_floor":[111,36,48,48,48,81,95,124,124,124,124,124,124,163,163,163],"floor_reached":16,"playtime":280,"items_purged":[],"score":282,"play_id":"b2e17255-22ba-4154-bf17-458a944efc5d","local_time":"20190825230242","is_ascension_mode":true,"campfire_choices":[{"floor":11,"key":"REST"},{"data":"Noxious Fumes","floor":13,"key":"SMITH"},{"data":"Strike_G","floor":15,"key":"SMITH"}],"neow_cost":"NONE","seed_source_timestamp":33881775253639,"circlet_count":0,"master_deck":["AscendersBane","Strike_G","Strike_G","Strike_G","Strike_G+1","Defend_G+1","Defend_G","Defend_G","Defend_G+1","Survivor","Neutralize+1","Noxious Fumes+1"],"relics":["Ring of the Snake","NeowsBlessing","Darkstone Periapt","Turnip","Unceasing Top","Golden Idol","Centennial Puzzle"],"potions_floor_usage":[8,14,16],"damage_taken":[{"damage":0,"enemies":"Small Slimes","floor":1,"turns":1},{"damage":0,"enemies":"2 Louse","floor":3,"turns":1},{"damage":0,"enemies":"Lagavulin","floor":6,"turns":1},{"damage":3,"enemies":"Cultist","floor":7,"turns":4},{"damage":42,"enemies":"Gremlin Nob","floor":8,"turns":6},{"damage":22,"enemies":"3 Sentries","floor":14,"turns":7},{"damage":16,"enemies":"Slime Boss","floor":16,"turns":8}],"seed_played":"-4696104426648360737","potions_obtained":[{"floor":7,"key":"Regen Potion"},{"floor":8,"key":"Weak Potion"},{"floor":14,"key":"GhostInAJar"}],"is_trial":false,"path_per_floor":["M","?","M","?","?","E","M","E","T","?","R","?","R","E","R","B"],"character_chosen":"THE_SILENT","items_purchased":[],"campfire_rested":1,"item_purchase_floors":[],"current_hp_per_floor":[59,59,59,59,59,59,56,28,28,8,27,27,27,5,5,0],"gold":163,"neow_bonus":"THREE_ENEMY_KILL","is_prod":false,"is_daily":false,"chose_seed":false,"campfire_upgraded":2,"win_rate":0,"timestamp":1566748962,"path_taken":["M","?","M","?","?","E","?","E","T","?","R","?","R","E","R","BOSS"],"build_version":"2019-07-17","purchased_purges":0,"victory":false,"max_hp_per_floor":[66,66,66,66,66,66,66,66,66,66,66,60,60,60,60,60],"card_choices":[{"not_picked":["Poisoned Stab","Sucker Punch","PiercingWail"],"picked":"SKIP","floor":1},{"not_picked":["Choke","Eviscerate","Prepared"],"picked":"SKIP","floor":3},{"not_picked":["Backflip","Blur","Accuracy"],"picked":"SKIP","floor":6},{"not_picked":["Slice","Prepared"],"picked":"Noxious Fumes","floor":7},{"not_picked":["Cloak And Dagger","Deadly Poison","Dodge and Roll"],"picked":"SKIP","floor":8},{"not_picked":["Burst","Underhanded Strike","Cloak And Dagger"],"picked":"SKIP","floor":14}],"player_experience":1078507,"relics_obtained":[{"floor":6,"key":"Darkstone Periapt"},{"floor":8,"key":"Turnip"},{"floor":9,"key":"Unceasing Top"},{"floor":14,"key":"Centennial Puzzle"}],"event_choices":[{"cards_removed":["Defend_G"],"damage_healed":0,"gold_gain":0,"player_choice":"Card Removal","damage_taken":0,"max_hp_gain":0,"max_hp_loss":0,"event_name":"The Cleric","floor":2,"gold_loss":75},{"cards_removed":["Strike_G"],"damage_healed":0,"gold_gain":0,"player_choice":"Forget","damage_taken":0,"max_hp_gain":0,"max_hp_loss":0,"event_name":"Living Wall","floor":4,"gold_loss":0},{"damage_healed":0,"gold_gain":0,"player_choice":"Upgraded","damage_taken":0,"max_hp_gain":0,"max_hp_loss":0,"event_name":"Upgrade Shrine","floor":5,"gold_loss":0,"cards_upgraded":["Neutralize"]},{"damage_healed":0,"gold_gain":0,"player_choice":"Entered Light","damage_taken":20,"max_hp_gain":0,"max_hp_loss":0,"event_name":"Shining Light","floor":10,"gold_loss":0,"cards_upgraded":["Defend_G","Defend_G"]},{"damage_healed":0,"gold_gain":0,"player_choice":"Lose Max HP","damage_taken":0,"relics_obtained":["Golden Idol"],"max_hp_gain":0,"max_hp_loss":6,"event_name":"Golden Idol","floor":12,"gold_loss":0}],"is_beta":false,"boss_relics":[],"items_purged_floors":[],"is_endless":false,"potions_floor_spawned":[7,8,14],"killed_by":"Slime Boss","ascension_level":20}