{"gold_per_floor":[110,110,125,125,136,136,171,171,171,8,22,22,40,57,57,57],"floor_reached":16,"playtime":337,"items_purged":[],"score":230,"play_id":"2077272e-6073-4864-8444-3b1cbd72e0eb","local_time":"20190828004634","is_ascension_mode":true,"campfire_choices":[{"data":"Bouncing Flask","floor":6,"key":"SMITH"},{"data":"Noxious Fumes","floor":8,"key":"SMITH"},{"data":"Neutralize","floor":12,"key":"SMITH"},{"data":"Footwork","floor":15,"key":"SMITH"}],"neow_cost":"NONE","seed_source_timestamp":212869312920617,"circlet_count":0,"master_deck":["Strike_G","Strike_G","Strike_G","Strike_G","Strike_G","Defend_G","Defend_G","Defend_G","Defend_G","Defend_G","Survivor","Neutralize+1","AscMod:ascendersbane","Bouncing Flask+1","Noxious Fumes+1","Footwork+1"],"relics":["Coffee Dripper","Golden Idol","Meat on the Bone","Question Card","Dead Branch","Juzu Bracelet"],"potions_floor_usage":[3,7],"damage_taken":[{"damage":0,"enemies":"Cultist","floor":1,"turns":4},{"damage":9,"enemies":"Jaw Worm","floor":3,"turns":3},{"damage":3,"enemies":"2 Louse","floor":5,"turns":3},{"damage":32,"enemies":"Gremlin Nob","floor":7,"turns":4},{"damage":14,"enemies":"Looter","floor":11,"turns":4},{"damage":8,"enemies":"Large Slime","floor":13,"turns":5},{"damage":4,"enemies":"2 Fungi Beasts","floor":14,"turns":4},{"damage":27,"enemies":"Hexaghost","floor":16,"turns":8}],"seed_played":"8692489814324761278","potions_obtained":[{"floor":1,"key":"SteroidPotion"},{"floor":5,"key":"Regen Potion"},{"floor":13,"key":"SteroidPotion"},{"floor":14,"key":"Dexterity Potion"}],"is_trial":false,"path_per_floor":["M","?","M","T","M","R","E","R","T","$","M","R","M","M","R","B"],"character_chosen":"THE_SILENT","items_purchased":["Juzu Bracelet"],"campfire_rested":0,"item_purchase_floors":[10],"current_hp_per_floor":[59,59,50,50,47,47,36,36,36,36,32,32,34,40,40,13],"gold":57,"neow_bonus":"BOSS_RELIC","is_prod":false,"is_daily":false,"chose_seed":false,"campfire_upgraded":4,"win_rate":0,"timestamp":1566927994,"path_taken":["M","?","M","?","M","R","E","R","T","?","M","R","M","M","R","BOSS"],"build_version":"2019-07-17","purchased_purges":0,"victory":false,"max_hp_per_floor":[66,60,60,60,60,60,60,60,60,60,60,60,60,60,60,60],"card_choices":[{"not_picked":["Terror","Riddle With Holes"],"picked":"Bouncing Flask","floor":1},{"not_picked":["Poisoned Stab","Outmaneuver"],"picked":"Noxious Fumes","floor":3},{"not_picked":["Deflect","Bane","Cloak And Dagger"],"picked":"SKIP","floor":5},{"not_picked":["Calculated Gamble","Blade Dance","Endless Agony"],"picked":"SKIP","floor":7},{"not_picked":["Expertise","Deadly Poison","Poisoned Stab","Outmaneuver"],"picked":"SKIP","floor":11},{"not_picked":["Underhanded Strike","Cloak And Dagger","Dagger Throw","Bane"],"picked":"SKIP","floor":13},{"not_picked":["Poisoned Stab","Unload","Dodge and Roll"],"picked":"Footwork","floor":14}],"player_experience":1098823,"relics_obtained":[{"floor":4,"key":"Meat on the Bone"},{"floor":7,"key":"Question Card"},{"floor":9,"key":"Dead Branch"}],"event_choices":[{"damage_healed":0,"gold_gain":0,"player_choice":"Lose Max HP","damage_taken":0,"relics_obtained":["Golden Idol"],"max_hp_gain":0,"max_hp_loss":6,"event_name":"Golden Idol","floor":2,"gold_loss":0}],"is_beta":false,"boss_relics":[],"items_purged_floors":[],"is_endless":false,"potions_floor_spawned":[1,5,13,14],"killed_by":"Hexaghost","ascension_level":25}