{"gold_per_floor":[109,109,127,140,159,159,219,219,242,242,274,294,309,323,323,399,399,374,11,24,42,42],"floor_reached":22,"playtime":2701,"items_purged":[],"score":540,"play_id":"9db3a966-a0a6-4a3c-bd83-ed369509f572","local_time":"20190622155745","is_ascension_mode":true,"campfire_choices":[{"data":"Wraith Form v2","floor":6.0,"key":"SMITH"},{"floor":8.0,"key":"REST"},{"floor":15.0,"key":"REST"}],"neow_cost":"NONE","seed_source_timestamp":0,"circlet_count":0,"master_deck":["AscendersBane","Defend_G","Defend_G","Defend_G","Defend_G","Defend_G","Strike_G","Strike_G","Strike_G","Survivor","Neutralize","Wraith Form v2+1","Infinite Blades","Tools of the Trade","Crippling Poison","Leg Sweep","Predator","Cloak And Dagger","Dagger Spray","Dodge and Roll","Deadly Poison","Venomology","Noxious Fumes","Cloak And Dagger","Flechettes","Bouncing Flask"],"special_seed":0,"relics":["Ring of the Snake","Tiny Chest","Omamori","Strawberry","Cursed Key","Bird Faced Urn"],"potions_floor_usage":[18,18,18,18,22],"damage_taken":[{"damage":1.0,"enemies":"2 Louse","floor":1.0,"turns":5.0},{"damage":1.0,"enemies":"Cultist","floor":3.0,"turns":5.0},{"damage":5.0,"enemies":"Small Slimes","floor":4.0,"turns":4.0},{"damage":5.0,"enemies":"Exordium Thugs","floor":5.0,"turns":6.0},{"damage":14.0,"enemies":"Gremlin Nob","floor":7.0,"turns":6.0},{"damage":29.0,"enemies":"3 Sentries","floor":11.0,"turns":10.0},{"damage":5.0,"enemies":"Looter","floor":12.0,"turns":5.0},{"damage":9.0,"enemies":"Gremlin Gang","floor":13.0,"turns":4.0},{"damage":4.0,"enemies":"2 Fungi Beasts","floor":14.0,"turns":4.0},{"damage":34,"enemies":"Slime Boss","floor":16,"turns":16},{"damage":5,"enemies":"2 Thieves","floor":18,"turns":5},{"damage":7,"enemies":"Shell Parasite","floor":20,"turns":8},{"damage":26,"enemies":"Snake Plant","floor":21,"turns":6},{"damage":36,"enemies":"Masked Bandits","floor":22,"turns":3}],"seed_played":"4654847958861837829","potions_obtained":[{"floor":1.0,"key":"SpeedPotion"},{"floor":5.0,"key":"AttackPotion"},{"floor":7.0,"key":"GhostInAJar"},{"floor":11.0,"key":"FairyPotion"},{"floor":12.0,"key":"Fire Potion"},{"floor":16,"key":"Dexterity Potion"},{"floor":18,"key":"Strength Potion"}],"is_trial":false,"path_per_floor":["M","?","M","M","M","R","E","R","T","?","E","M","M","M","R","B",null,"M","$","M","M","?"],"character_chosen":"THE_SILENT","items_purchased":["Bird Faced Urn","Cloak And Dagger"],"campfire_rested":2,"item_purchase_floors":[19,19],"current_hp_per_floor":[58,58,57,52,47,47,33,52,52,52,30,25,16,12,33,6,56,51,51,52,30,0],"gold":42,"neow_bonus":"ONE_RANDOM_RARE_CARD","is_prod":false,"is_daily":false,"chose_seed":false,"campfire_upgraded":1,"win_rate":0,"timestamp":1561237065,"path_taken":["M","?","M","M","M","R","E","R","T","?","E","M","M","?","R","BOSS","M","$","M","M","?"],"build_version":"2019-01-23","purchased_purges":0,"victory":false,"max_hp_per_floor":[66,66,66,66,66,66,66,66,66,66,73,73,73,73,73,73,73,73,73,73,73,73],"card_choices":[{"not_picked":["Backflip","Acrobatics"],"picked":"Infinite Blades","floor":1.0},{"not_picked":["PiercingWail","Flying Knee","Blade Dance"],"picked":"SKIP","floor":3.0},{"not_picked":["Blade Dance","Terror"],"picked":"Crippling Poison","floor":4.0},{"not_picked":["Acrobatics","Endless Agony"],"picked":"Leg Sweep","floor":5.0},{"not_picked":["Dagger Spray","Prepared"],"picked":"Predator","floor":7.0},{"not_picked":["Grand Finale","Slice"],"picked":"Cloak And Dagger","floor":11.0},{"not_picked":["Underhanded Strike","Cloak And Dagger"],"picked":"Dagger Spray","floor":12.0},{"not_picked":["Sucker Punch","Bane"],"picked":"Dodge and Roll","floor":13.0},{"not_picked":["Dagger Spray","Quick Slash"],"picked":"Deadly Poison","floor":14.0},{"not_picked":["Phantasmal Killer","Unload"],"picked":"Venomology","floor":16},{"not_picked":["Underhanded Strike","Bane"],"picked":"Noxious Fumes","floor":18},{"not_picked":["Outmaneuver","Flying Knee"],"picked":"Flechettes","floor":20},{"not_picked":["Slice","Cloak And Dagger+1"],"picked":"Bouncing Flask","floor":21}],"player_experience":1360124,"relics_obtained":[{"floor":7.0,"key":"Tiny Chest"},{"floor":9.0,"key":"Omamori"},{"floor":11.0,"key":"Strawberry"}],"event_choices":[{"damage_healed":0.0,"max_hp_gain":0.0,"max_hp_loss":0.0,"gold_gain":0.0,"cards_transformed":["Strike_G"],"event_name":"Living Wall","player_choice":"Change","floor":2.0,"gold_loss":0.0,"damage_taken":0.0,"cards_obtained":["Tools of the Trade"]},{"cards_removed":["Strike_G"],"damage_healed":0.0,"max_hp_gain":0.0,"max_hp_loss":0.0,"gold_gain":0.0,"event_name":"Purifier","player_choice":"Purged","floor":10.0,"gold_loss":0.0,"damage_taken":0.0},{"damage_healed":0,"gold_gain":0,"player_choice":"Fought Bandits","damage_taken":0,"max_hp_gain":0,"max_hp_loss":0,"event_name":"Masked Bandits","floor":22,"gold_loss":0}],"is_beta":false,"boss_relics":[{"not_picked":["Lizard Tail","Coffee Dripper"],"picked":"Cursed Key"}],"items_purged_floors":[],"is_endless":false,"potions_floor_spawned":[1,5,7,11,12,16,18],"killed_by":"Masked Bandits","ascension_level":16}