{"gold_per_floor":[116,116,129,129,129,170,170,201,201,272,296,35,35],"floor_reached":13,"playtime":537,"items_purged":[],"score":111,"play_id":"1f435ba0-15f1-4433-92a2-d5d3ba221fa1","local_time":"20190925023424","is_ascension_mode":true,"campfire_choices":[{"floor":7,"key":"REST"}],"neow_cost":"NONE","seed_source_timestamp":1079057594109800,"circlet_count":0,"master_deck":["Strike_B","Strike_B","Strike_B","Strike_B","Defend_B","Defend_B","Defend_B","Defend_B","Zap","Dualcast","Core Surge+1","Heatsinks","Regret","Leap","Fusion","Sunder","Machine Learning+1","Fusion"],"relics":["Cracked Core","Pantograph","Golden Idol","Frozen Egg 2","Mango","Dream Catcher","Tiny Chest","Lantern"],"potions_floor_usage":[3,6,8,13,13],"damage_taken":[{"damage":0,"enemies":"2 Louse","floor":1,"turns":1},{"damage":9,"enemies":"Jaw Worm","floor":3,"turns":3},{"damage":18,"enemies":"3 Sentries","floor":6,"turns":9},{"damage":23,"enemies":"Gremlin Nob","floor":8,"turns":5},{"damage":32,"enemies":"Lagavulin","floor":10,"turns":6},{"damage":7,"enemies":"Small Slimes","floor":11,"turns":2},{"damage":5,"enemies":"Gremlin Gang","floor":13,"turns":2}],"seed_played":"-3960490028341211166","potions_obtained":[{"floor":1,"key":"EntropicBrew"},{"floor":11,"key":"EssenceOfSteel"}],"is_trial":false,"path_per_floor":["M","?","M","?","?","E","R","E","T","E","M","$","M"],"character_chosen":"DEFECT","items_purchased":["Block Potion","Fusion","Lantern"],"campfire_rested":1,"item_purchase_floors":[12,12,12],"current_hp_per_floor":[75,75,66,48,48,30,52,43,43,11,4,4,0],"gold":35,"neow_bonus":"ONE_RANDOM_RARE_CARD","is_prod":false,"is_daily":false,"chose_seed":false,"campfire_upgraded":0,"win_rate":0,"timestamp":1569393264,"path_taken":["M","?","M","?","?","E","R","E","T","E","?","$","M"],"build_version":"2019-07-17","purchased_purges":0,"victory":false,"max_hp_per_floor":[75,75,75,75,75,75,75,89,89,89,89,89,89],"card_choices":[{"not_picked":["Coolheaded","Blizzard"],"picked":"Heatsinks","floor":1},{"not_picked":["Scrape","Capacitor"],"picked":"Leap","floor":3},{"not_picked":["Consume","Turbo"],"picked":"Fusion","floor":6},{"not_picked":["Barrage","Turbo"],"picked":"Sunder","floor":8},{"not_picked":["Steam","Turbo","Redo"],"picked":"SKIP","floor":10},{"not_picked":["Reinforced Body","Turbo"],"picked":"Machine Learning+1","floor":11}],"player_experience":80077,"relics_obtained":[{"floor":6,"key":"Frozen Egg 2"},{"floor":8,"key":"Mango"},{"floor":9,"key":"Dream Catcher"},{"floor":10,"key":"Tiny Chest"}],"event_choices":[{"damage_healed":0,"gold_gain":0,"player_choice":"Box","damage_taken":0,"relics_obtained":["Pantograph"],"max_hp_gain":0,"max_hp_loss":0,"event_name":"Big Fish","floor":2,"gold_loss":0,"cards_obtained":["Regret"]},{"damage_healed":0,"gold_gain":0,"player_choice":"Take Damage","damage_taken":18,"relics_obtained":["Golden Idol"],"max_hp_gain":0,"max_hp_loss":0,"event_name":"Golden Idol","floor":4,"gold_loss":0},{"damage_healed":0,"gold_gain":0,"player_choice":"Upgraded","damage_taken":0,"max_hp_gain":0,"max_hp_loss":0,"event_name":"Upgrade Shrine","floor":5,"gold_loss":0,"cards_upgraded":["Core Surge"]}],"is_beta":false,"boss_relics":[],"items_purged_floors":[],"is_endless":false,"potions_floor_spawned":[1,11],"killed_by":"Gremlin Gang","ascension_level":2}