{"gold_per_floor":[116,131,50,125,125,125,159,170,222,222,233,233,250,250,250,355,405,422,438,458,100,100,100],"floor_reached":23,"playtime":1319,"items_purged":[],"score":210,"play_id":"39531cbd-0689-4441-8d63-ecee138ffa59","local_time":"20190927123106","is_ascension_mode":true,"campfire_choices":[{"data":"Defragment","floor":6,"key":"SMITH"},{"data":"Streamline","floor":10,"key":"SMITH"},{"data":"Double Energy","floor":12,"key":"SMITH"},{"data":"Zap","floor":15,"key":"SMITH"}],"neow_cost":"NONE","seed_source_timestamp":257069677753400,"circlet_count":0,"master_deck":["Strike_B","Strike_B","Strike_B","Defend_B","Defend_B","Defend_B","Defend_B","Zap+1","Dualcast+1","Self Repair","Barrage","Streamline+1","Defragment+1","Double Energy+1","Hello World","Creative AI","Undo","Chaos","Ball Lightning","Redo+1","Capacitor","Leap","Flash of Steel","RitualDagger"],"relics":["Cracked Core","Orichalcum","WingedGreaves","Pen Nib","Tiny House","Strange Spoon"],"potions_floor_usage":[11,19,20,20,20,20,23,23],"damage_taken":[{"damage":1,"enemies":"Cultist","floor":1,"turns":3},{"damage":7,"enemies":"2 Louse","floor":2,"turns":2},{"damage":18,"enemies":"Gremlin Nob","floor":7,"turns":5},{"damage":9,"enemies":"Small Slimes","floor":8,"turns":4},{"damage":0,"enemies":"2 Fungi Beasts","floor":11,"turns":3},{"damage":16,"enemies":"Large Slime","floor":13,"turns":5},{"damage":11,"enemies":"The Guardian","floor":16,"turns":9},{"damage":28,"enemies":"2 Thieves","floor":18,"turns":4},{"damage":24,"enemies":"Spheric Guardian","floor":19,"turns":4},{"damage":25,"enemies":"Chosen and Byrds","floor":20,"turns":6},{"damage":31,"enemies":"3 Cultists","floor":23,"turns":4}],"seed_played":"-3776195580674742719","potions_obtained":[{"floor":8,"key":"Fire Potion"},{"floor":11,"key":"FocusPotion"},{"floor":16,"key":"PotionOfCapacity"},{"floor":17,"key":"EntropicBrew"},{"floor":20,"key":"Energy Potion"}],"is_trial":false,"path_per_floor":["M","M","$","?","?","R","E","M","T","R","M","R","M","?","R","B",null,"M","M","M","$","?","M"],"character_chosen":"DEFECT","items_purchased":["Defragment","Strange Spoon","Capacitor","Leap","Flash of Steel"],"campfire_rested":0,"item_purchase_floors":[3,21,21,21,21],"current_hp_per_floor":[75,75,75,64,61,61,50,48,48,48,55,55,46,46,46,42,80,59,42,24,24,18,0],"gold":100,"neow_bonus":"TRANSFORM_CARD","is_prod":false,"is_daily":false,"chose_seed":false,"campfire_upgraded":4,"win_rate":0,"timestamp":1569605466,"path_taken":["M","?","$","?","?","R","E","M","T","R","M","R","M","?","R","BOSS","M","M","M","$","?","M"],"build_version":"2019-09-26","purchased_purges":0,"victory":false,"max_hp_per_floor":[75,75,75,75,75,75,75,75,75,75,75,75,75,75,75,75,80,80,80,80,80,80,80],"card_choices":[{"not_picked":["Gash","Sunder"],"picked":"Barrage","floor":1},{"not_picked":["Steam","Hologram"],"picked":"Streamline","floor":2},{"not_picked":["Doom and Gloom","Leap"],"picked":"Double Energy","floor":7},{"not_picked":["Sweeping Beam","Blizzard","Gash"],"picked":"SKIP","floor":8},{"not_picked":["Steam","Undo","Barrage"],"picked":"SKIP","floor":11},{"not_picked":["Leap","Ball Lightning"],"picked":"Hello World","floor":13},{"not_picked":["Electrodynamics","Biased Cognition"],"picked":"Creative AI","floor":16},{"not_picked":["Gash","Compile Driver"],"picked":"Undo","floor":17},{"not_picked":["Leap","Barrage"],"picked":"Chaos","floor":18},{"not_picked":["Stack+1","Turbo+1"],"picked":"Ball Lightning","floor":19},{"not_picked":["Steam Power","Double Energy"],"picked":"Redo+1","floor":20}],"player_experience":231648,"relics_obtained":[{"floor":7,"key":"WingedGreaves"},{"floor":9,"key":"Pen Nib"}],"event_choices":[{"damage_healed":0,"gold_gain":75,"player_choice":"Gather Gold","damage_taken":11,"max_hp_gain":0,"max_hp_loss":0,"event_name":"World of Goop","floor":4,"gold_loss":0},{"damage_healed":0,"gold_gain":0,"player_choice":"Success","damage_taken":3,"relics_obtained":["Orichalcum"],"max_hp_gain":0,"max_hp_loss":0,"event_name":"Scrap Ooze","floor":5,"gold_loss":0},{"damage_healed":0,"gold_gain":0,"player_choice":"Ignored","damage_taken":0,"max_hp_gain":0,"max_hp_loss":0,"event_name":"Liars Game","floor":14,"gold_loss":0},{"damage_healed":0,"gold_gain":0,"player_choice":"Joined the Cult","damage_taken":6,"max_hp_gain":0,"max_hp_loss":0,"event_name":"Nest","floor":22,"gold_loss":0,"cards_obtained":["RitualDagger"]}],"is_beta":true,"boss_relics":[{"not_picked":["Philosopher\u0027s Stone","Runic Dome"],"picked":"Tiny House"}],"items_purged_floors":[],"is_endless":false,"potions_floor_spawned":[8,11,16,18,20],"killed_by":"3 Cultists","ascension_level":2}