{"gold_per_floor":[118,118,43,43,54,81,81,113,113,113,133,133,133,159,159,236,236,252,263,263,282,182,182,13,13,93,110,124,124,156,175,175,254,254,266,284,284,284,300,300,327,327,379,379,392,392,110,110,110,110],"floor_reached":50,"playtime":1532,"items_purged":["Defend_P","Strike_P+1"],"score":1242,"play_id":"45cae232-8e53-46e7-acb4-cdf0c3d67a1d","local_time":"20190924181447","is_ascension_mode":true,"campfire_choices":[{"data":"Eruption","floor":7.0,"key":"SMITH"},{"data":"Protect","floor":10.0,"key":"SMITH"},{"data":"Strike_P","floor":12.0,"key":"SMITH"},{"data":"Conclude","floor":15.0,"key":"SMITH"},{"data":"SandsOfTime","floor":23.0,"key":"SMITH"},{"data":"MasterReality","floor":25.0,"key":"SMITH"},{"data":"Wallop","floor":29.0,"key":"SMITH"},{"floor":32.0,"key":"REST"},{"data":"Blind","floor":40.0,"key":"SMITH"},{"floor":44,"key":"RECALL"}],"neow_cost":"NONE","seed_source_timestamp":136690896782000,"circlet_count":0,"master_deck":["AscendersBane","Strike_P+1","Eruption+1","Vigilance+1","Protect+1","Conclude+1","SandsOfTime+1","MasterReality+1","Wallop+1","Protect+1","Blind+1","Panacea+1"],"special_seed":0,"relics":["PureWater","NeowsBlessing","White Beast Statue","Thread and Needle","Yang","Meat on the Bone","Empty Cage","Membership Card","TeardropLocket","InkBottle","Coffee Dripper","Prayer Wheel","Toxic Egg 2","Regal Pillow","Mercury Hourglass"],"potions_floor_usage":[41,50],"damage_taken":[{"damage":0.0,"enemies":"Jaw Worm","floor":1.0,"turns":1.0},{"damage":0.0,"enemies":"Small Slimes","floor":5.0,"turns":1.0},{"damage":0.0,"enemies":"Lagavulin","floor":6.0,"turns":1.0},{"damage":25.0,"enemies":"3 Sentries","floor":8.0,"turns":9.0},{"damage":0.0,"enemies":"Cultist","floor":11.0,"turns":1.0},{"damage":17.0,"enemies":"Lagavulin","floor":14.0,"turns":6.0},{"damage":8.0,"enemies":"Hexaghost","floor":16.0,"turns":4.0},{"damage":7.0,"enemies":"2 Thieves","floor":18.0,"turns":3.0},{"damage":12.0,"enemies":"3 Byrds","floor":19.0,"turns":5.0},{"damage":14.0,"enemies":"Snake Plant","floor":21.0,"turns":4.0},{"damage":0.0,"enemies":"Snecko","floor":27.0,"turns":3.0},{"damage":0.0,"enemies":"Cultist and Chosen","floor":28.0,"turns":2.0},{"damage":0.0,"enemies":"Book of Stabbing","floor":30.0,"turns":3.0},{"damage":0.0,"enemies":"3 Cultists","floor":31.0,"turns":4.0},{"damage":0.0,"enemies":"Collector","floor":33.0,"turns":5.0},{"damage":0.0,"enemies":"3 Shapes","floor":35.0,"turns":2.0},{"damage":0.0,"enemies":"Orb Walker","floor":36.0,"turns":2.0},{"damage":0.0,"enemies":"Sphere and 2 Shapes","floor":39.0,"turns":3.0},{"damage":55,"enemies":"Nemesis","floor":41,"turns":11},{"damage":0,"enemies":"3 Darklings","floor":45,"turns":4},{"damage":31,"enemies":"Time Eater","floor":50,"turns":15}],"seed_played":"-5140192491181750739","potions_obtained":[{"floor":1.0,"key":"FearPotion"},{"floor":8.0,"key":"GamblersBrew"},{"floor":11.0,"key":"Regen Potion"},{"floor":14.0,"key":"GamblersBrew"},{"floor":16.0,"key":"Fire Potion"},{"floor":18.0,"key":"FairyPotion"},{"floor":19.0,"key":"FearPotion"},{"floor":21.0,"key":"SteroidPotion"},{"floor":30.0,"key":"Strength Potion"},{"floor":31.0,"key":"StancePotion"},{"floor":33.0,"key":"Block Potion"},{"floor":35.0,"key":"SmokeBomb"},{"floor":36.0,"key":"Fire Potion"},{"floor":39.0,"key":"Strength Potion"},{"floor":41,"key":"AttackPotion"}],"is_trial":false,"path_per_floor":["M","?","?","$","M","E","R","E","T","R","M","R","?","E","R","B",null,"M","M","?","M","$","R","$","R","T","M","M","R","E","M","R","B",null,"M","M","?","?","M","R","E","T","T","R","M","?","$","?","R","B"],"character_chosen":"WATCHER","items_purchased":["Membership Card","SteroidPotion","Panacea+1","Mercury Hourglass"],"campfire_rested":1,"item_purchase_floors":[24,47,47,47],"current_hp_per_floor":[55,37,37,37,37,37,37,12,12,12,12,12,12,10,10,14,49,42,42,42,40,40,40,40,40,40,40,40,40,40,40,58,58,60,60,60,60,58,58,58,15,15,15,15,27,27,27,27,27,0],"gold":110,"neow_bonus":"THREE_ENEMY_KILL","is_prod":false,"is_daily":false,"chose_seed":false,"campfire_upgraded":8,"win_rate":0,"timestamp":1569323687,"path_taken":["M","?","?","?","M","E","R","E","T","R","M","R","?","E","R","BOSS","M","M","?","M","$","R","$","R","T","M","M","R","E","?","R","BOSS","M","M","?","?","M","R","E","?","T","R","?","?","$","?","R","BOSS"],"build_version":"2019-09-23","purchased_purges":2,"victory":false,"max_hp_per_floor":[61,61,61,61,61,61,61,61,61,61,61,61,61,61,61,61,61,61,61,61,61,61,61,61,61,61,61,61,61,61,61,61,61,61,61,61,61,58,58,58,58,58,58,58,58,58,58,58,58,58],"card_choices":[{"not_picked":["Tantrum","FearNoEvil","EmptyFist"],"picked":"SKIP","floor":1.0},{"not_picked":["SashWhip","EmptyFist","Sanctity"],"picked":"SKIP","floor":5.0},{"not_picked":["ThirdEye","EmptyBody"],"picked":"Protect","floor":6.0},{"not_picked":["Wish","Prostrate","Protect"],"picked":"SKIP","floor":8.0},{"not_picked":["Prostrate","Meditate","ThirdEye"],"picked":"SKIP","floor":11.0},{"not_picked":["Protect","WreathOfFlame"],"picked":"Conclude","floor":14.0},{"not_picked":["InnerPeace","EmptyFist+1","Protect"],"picked":"SKIP","floor":18.0},{"not_picked":["Conclude","Consecrate"],"picked":"SandsOfTime","floor":19.0},{"not_picked":["ThirdEye","Worship","Crescendo"],"picked":"SKIP","floor":21.0},{"not_picked":["WaveOfTheHand","Crescendo","CutThroughFate"],"picked":"SKIP","floor":27.0},{"not_picked":["EmptyMind","EmptyBody"],"picked":"Wallop","floor":28.0},{"not_picked":["ThirdEye","CleanseEvil","SashWhip"],"picked":"SKIP","floor":30.0},{"not_picked":["ReachHeaven","EmptyBody","Prostrate"],"picked":"SKIP","floor":31.0},{"not_picked":["SashWhip","FearNoEvil","Evaluate+1"],"picked":"SKIP","floor":35.0},{"not_picked":["CrushJoints","FollowUp"],"picked":"Protect+1","floor":36.0},{"not_picked":["Secret Technique","Apotheosis"],"picked":"Blind","floor":37.0},{"not_picked":["CleanseEvil","FlowState+1","Prostrate"],"picked":"SKIP","floor":39.0},{"not_picked":["WindmillStrike+1","EmptyBody","CrushJoints"],"picked":"SKIP","floor":41},{"not_picked":["FlyingSleeves","SashWhip+1","Meditate+1"],"picked":"SKIP","floor":45},{"not_picked":["EmptyBody+1","WheelKick","FollowUp"],"picked":"SKIP","floor":45}],"player_experience":1144846,"relics_obtained":[{"floor":6.0,"key":"White Beast Statue"},{"floor":8.0,"key":"Thread and Needle"},{"floor":9.0,"key":"Yang"},{"floor":14.0,"key":"Meat on the Bone"},{"floor":26.0,"key":"TeardropLocket"},{"floor":30.0,"key":"InkBottle"},{"floor":41,"key":"Prayer Wheel"},{"floor":42,"key":"Toxic Egg 2"},{"floor":43,"key":"Regal Pillow"}],"event_choices":[{"damage_healed":0.0,"max_hp_gain":0.0,"max_hp_loss":0.0,"gold_gain":0.0,"event_name":"Shining Light","player_choice":"Entered Light","floor":2.0,"gold_loss":0.0,"damage_taken":18.0,"cards_upgraded":["Vigilance","Strike_P"]},{"cards_removed":["Defend_P"],"damage_healed":0.0,"max_hp_gain":0.0,"max_hp_loss":0.0,"gold_gain":0.0,"event_name":"The Cleric","player_choice":"Card Removal","floor":3.0,"gold_loss":75.0,"damage_taken":0.0},{"cards_removed":["Defend_P"],"damage_healed":0.0,"max_hp_gain":0.0,"max_hp_loss":0.0,"gold_gain":0.0,"event_name":"Living Wall","player_choice":"Forget","floor":13.0,"gold_loss":0.0,"damage_taken":0.0},{"damage_healed":0.0,"max_hp_gain":0.0,"max_hp_loss":0.0,"gold_gain":0.0,"cards_transformed":["Strike_P"],"event_name":"Transmorgrifier","player_choice":"Transformed","floor":20.0,"gold_loss":0.0,"damage_taken":0.0,"cards_obtained":["MasterReality"]},{"damage_healed":0.0,"max_hp_gain":0.0,"max_hp_loss":0.0,"gold_gain":0.0,"event_name":"SensoryStone","player_choice":"Memory 1","floor":37.0,"gold_loss":0.0,"damage_taken":0.0},{"damage_healed":0.0,"max_hp_gain":0.0,"max_hp_loss":3.0,"gold_gain":0.0,"event_name":"Winding Halls","player_choice":"Max HP","floor":38.0,"gold_loss":0.0,"damage_taken":0.0},{"damage_healed":0,"gold_gain":0,"player_choice":"Ignored","damage_taken":0,"max_hp_gain":0,"max_hp_loss":0,"event_name":"Tomb of Lord Red Mask","floor":46,"gold_loss":0},{"damage_healed":0,"gold_gain":0,"player_choice":"Ignored","damage_taken":0,"max_hp_gain":0,"max_hp_loss":0,"event_name":"Mysterious Sphere","floor":48,"gold_loss":0}],"is_beta":true,"boss_relics":[{"not_picked":["Black Star","VioletLotus"],"picked":"Empty Cage"},{"not_picked":["Runic Pyramid","Calling Bell"],"picked":"Coffee Dripper"}],"items_purged_floors":[22,47],"is_endless":false,"potions_floor_spawned":[1,8,11,14,16,18,19,21,27,28,30,31,33,35,36,39,41,45],"killed_by":"Time Eater","ascension_level":21}