{"gold_per_floor":[110,24,24,24,24,49,49,49,70,108,118,208,233,257,267,243],"floor_reached":16,"playtime":194,"items_purged":[],"score":351,"play_id":"fa14981b-5f1d-4e58-bee7-f5dfdfdf6c82","local_time":"20190828010605","is_ascension_mode":true,"campfire_choices":[{"data":"Footwork","floor":8.0,"key":"SMITH"},{"data":"Choke","floor":15.0,"key":"SMITH"}],"neow_cost":"NONE","seed_source_timestamp":214158424024661,"circlet_count":0,"master_deck":["Strike_G+1","Strike_G","Strike_G","Strike_G","Strike_G+1","Defend_G","Defend_G+1","Defend_G","Defend_G","Survivor","Neutralize+1","AscMod:ascendersbane","Footwork+1","Choke+1","Footwork"],"special_seed":0,"relics":["Ring of the Snake","NeowsBlessing","Whetstone","Oddly Smooth Stone","MawBank","Regal Pillow"],"potions_floor_usage":[16],"damage_taken":[{"damage":0.0,"enemies":"2 Louse","floor":1.0,"turns":1.0},{"damage":0.0,"enemies":"Gremlin Nob","floor":6.0,"turns":1.0},{"damage":0.0,"enemies":"Lagavulin","floor":10.0,"turns":1.0},{"damage":0.0,"enemies":"Jaw Worm","floor":13.0,"turns":4.0},{"damage":0.0,"enemies":"Small Slimes","floor":14.0,"turns":2.0},{"damage":7,"enemies":"Hexaghost","floor":16,"turns":7}],"seed_played":"-6118993222070600763","potions_obtained":[{"floor":1.0,"key":"SkillPotion"},{"floor":6.0,"key":"SpeedPotion"}],"is_trial":false,"path_per_floor":["M","$","?","$","$","E","?","R","T","E","?","?","M","M","R","B"],"character_chosen":"THE_SILENT","items_purchased":["Footwork"],"campfire_rested":0,"item_purchase_floors":[2],"current_hp_per_floor":[59,59,52,52,52,52,52,52,52,52,32,32,32,32,32,25],"gold":243,"neow_bonus":"THREE_ENEMY_KILL","is_prod":false,"is_daily":false,"chose_seed":false,"campfire_upgraded":2,"win_rate":0,"timestamp":1566929165,"path_taken":["M","$","?","?","$","E","?","R","T","E","?","?","M","M","R","BOSS"],"build_version":"2019-07-17","purchased_purges":0,"victory":false,"max_hp_per_floor":[66,66,66,66,66,66,66,66,66,66,66,66,66,66,66,66],"card_choices":[{"not_picked":["Accuracy","Tactician","Backflip"],"picked":"SKIP","floor":1.0},{"not_picked":["PiercingWail","Sucker Punch","Blade Dance"],"picked":"SKIP","floor":6.0},{"not_picked":["Prepared","Sucker Punch","Bane"],"picked":"SKIP","floor":10.0},{"not_picked":["Blade Dance","Bane"],"picked":"Choke","floor":13.0},{"not_picked":["Concentrate","Slice"],"picked":"Footwork","floor":14.0}],"player_experience":1100025,"relics_obtained":[{"floor":6.0,"key":"Whetstone"},{"floor":9.0,"key":"MawBank"},{"floor":10.0,"key":"Regal Pillow"}],"event_choices":[{"cards_removed":["Defend_G"],"damage_healed":0.0,"max_hp_gain":0.0,"max_hp_loss":0.0,"gold_gain":0.0,"event_name":"Golden Wing","player_choice":"Card Removal","floor":3.0,"gold_loss":0.0,"damage_taken":7.0},{"damage_healed":0.0,"max_hp_gain":0.0,"max_hp_loss":0.0,"gold_gain":0.0,"event_name":"Dead Adventurer","player_choice":"Searched \u00271\u0027 times","floor":7.0,"gold_loss":0.0,"damage_taken":0.0,"relics_obtained":["Oddly Smooth Stone"]},{"damage_healed":0.0,"max_hp_gain":0.0,"max_hp_loss":0.0,"gold_gain":0.0,"event_name":"Shining Light","player_choice":"Entered Light","floor":11.0,"gold_loss":0.0,"damage_taken":20.0,"cards_upgraded":["Defend_G","Strike_G"]},{"damage_healed":0.0,"max_hp_gain":0.0,"max_hp_loss":0.0,"gold_gain":100.0,"event_name":"Wheel of Change","player_choice":"Gold","floor":12.0,"gold_loss":0.0,"damage_taken":0.0}],"is_beta":false,"boss_relics":[],"items_purged_floors":[],"is_endless":false,"potions_floor_spawned":[1,6],"killed_by":"Hexaghost","ascension_level":25}