{"gold_per_floor":[115,115,115,131,150,180,180,203,203,203,238,238,251,263,263,335,335,345,361,361,16,28,54,54,54,54,69,96,96,116,147,147,147],"floor_reached":33,"playtime":1509,"items_purged":[],"score":655,"play_id":"ef9db1a6-bd3e-46ba-ac0b-834385498589","local_time":"20190504162421","is_ascension_mode":true,"campfire_choices":[{"floor":7.0,"key":"REST"},{"data":"Whirlwind","floor":12,"key":"SMITH"},{"data":"Spot Weakness","floor":15,"key":"SMITH"},{"data":"Feed","floor":24,"key":"SMITH"},{"data":"Spot Weakness","floor":29,"key":"SMITH"},{"data":"Flame Barrier","floor":32,"key":"SMITH"}],"neow_cost":"NONE","seed_source_timestamp":1095685410779644,"circlet_count":0,"master_deck":["AscendersBane","Defend_R","Defend_R","Defend_R","Defend_R","Bash+1","Pummel+1","Shrug It Off","Headbutt","Spot Weakness+1","Whirlwind+1","Spot Weakness+1","Headbutt","True Grit","Feed+1","Heavy Blade","Pummel","Bite","Bite","Bite","Bite","Bite","Inflame","Flame Barrier+1","Shrug It Off","Limit Break","Dual Wield"],"special_seed":0,"relics":["Burning Blood","NeowsBlessing","Thread and Needle","Odd Mushroom","Meat on the Bone","Matryoshka","Snecko Eye","Mummified Hand","Peace Pipe","Sundial","Vajra","Letter Opener","Art of War"],"potions_floor_usage":[16,23,23],"damage_taken":[{"damage":0.0,"enemies":"Small Slimes","floor":1.0,"turns":1.0},{"damage":0.0,"enemies":"2 Louse","floor":4.0,"turns":1.0},{"damage":0.0,"enemies":"Cultist","floor":5.0,"turns":1.0},{"damage":40.0,"enemies":"Lagavulin","floor":6.0,"turns":6.0},{"damage":4.0,"enemies":"The Mushroom Lair","floor":8.0,"turns":4.0},{"damage":4,"enemies":"Gremlin Nob","floor":11,"turns":3},{"damage":2,"enemies":"3 Louse","floor":13,"turns":2},{"damage":1,"enemies":"Blue Slaver","floor":14,"turns":3},{"damage":62,"enemies":"Slime Boss","floor":16,"turns":10},{"damage":35,"enemies":"3 Byrds","floor":18,"turns":5},{"damage":20,"enemies":"Chosen","floor":19,"turns":5},{"damage":35,"enemies":"Shelled Parasite and Fungi","floor":22,"turns":4},{"damage":34,"enemies":"Book of Stabbing","floor":23,"turns":4},{"damage":7,"enemies":"Snecko","floor":27,"turns":4},{"damage":12,"enemies":"Gremlin Leader","floor":28,"turns":4},{"damage":6,"enemies":"Centurion and Healer","floor":30,"turns":6},{"damage":36,"enemies":"Slavers","floor":31,"turns":5},{"damage":75,"enemies":"Automaton","floor":33,"turns":6}],"seed_played":"-5002733376426305250","potions_obtained":[{"floor":5.0,"key":"Dexterity Potion"},{"floor":13,"key":"EssenceOfSteel"},{"floor":16,"key":"SkillPotion"},{"floor":18,"key":"FearPotion"},{"floor":23,"key":"Ancient Potion"},{"floor":31,"key":"Weak Potion"}],"is_trial":false,"path_per_floor":["M","?","?","M","M","E","R","?","T","?","E","R","M","M","R","B",null,"M","M","?","$","M","E","R","$","T","M","E","R","M","E","R","B"],"character_chosen":"IRONCLAD","items_purchased":["Mummified Hand","Inflame"],"campfire_rested":1,"item_purchase_floors":[21,21],"current_hp_per_floor":[74,51,51,57,63,29,51,53,53,53,55,55,59,64,64,20,61,47,48,48,48,38,28,28,28,28,45,49,49,63,51,51,0],"gold":147,"neow_bonus":"THREE_ENEMY_KILL","is_prod":false,"is_daily":false,"chose_seed":false,"campfire_upgraded":5,"win_rate":0,"timestamp":1557001461,"path_taken":["M","?","?","?","M","E","R","?","T","?","E","R","M","M","R","BOSS","M","M","?","$","M","E","R","$","T","M","E","R","M","E","R","BOSS"],"build_version":"2019-01-23","purchased_purges":0,"victory":false,"max_hp_per_floor":[75,75,75,75,75,75,75,75,75,75,75,75,75,75,75,75,75,78,81,56,56,59,59,59,59,59,59,59,59,63,67,67,67],"card_choices":[{"not_picked":["Twin Strike","Infernal Blade"],"picked":"Pummel","floor":1.0},{"not_picked":["Clash","Corruption"],"picked":"Shrug It Off","floor":4.0},{"not_picked":["Warcry","Iron Wave"],"picked":"Headbutt","floor":5.0},{"not_picked":["Iron Wave","Combust"],"picked":"Spot Weakness","floor":6.0},{"not_picked":["Searing Blow","Armaments"],"picked":"Whirlwind","floor":8.0},{"not_picked":["Sword Boomerang","Cleave"],"picked":"Spot Weakness","floor":11},{"not_picked":["Perfected Strike","Iron Wave"],"picked":"Headbutt","floor":13},{"not_picked":["Whirlwind","Flex"],"picked":"True Grit","floor":14},{"not_picked":["Double Tap","Dark Embrace"],"picked":"Feed","floor":16},{"not_picked":["Disarm","Rupture"],"picked":"Heavy Blade","floor":18},{"not_picked":["Thunderclap+1","Perfected Strike"],"picked":"Pummel","floor":19},{"not_picked":["Wild Strike","Reckless Charge"],"picked":"Flame Barrier","floor":22},{"not_picked":["Berserk","True Grit","Twin Strike"],"picked":"SKIP","floor":23},{"not_picked":["Power Through","Sentinel","Wild Strike"],"picked":"SKIP","floor":27},{"not_picked":["Clash","Armaments"],"picked":"Shrug It Off","floor":28},{"not_picked":["Thunderclap","Shrug It Off"],"picked":"Limit Break","floor":30},{"not_picked":["Perfected Strike","True Grit"],"picked":"Dual Wield","floor":31}],"player_experience":817765,"relics_obtained":[{"floor":6.0,"key":"Thread and Needle"},{"floor":8.0,"key":"Odd Mushroom"},{"floor":9.0,"key":"Meat on the Bone"},{"floor":11,"key":"Matryoshka"},{"floor":23,"key":"Peace Pipe"},{"floor":26,"key":"Sundial"},{"floor":26,"key":"Vajra"},{"floor":28,"key":"Letter Opener"},{"floor":31,"key":"Art of War"}],"event_choices":[{"damage_healed":0.0,"max_hp_gain":0.0,"max_hp_loss":0.0,"gold_gain":0.0,"event_name":"Shining Light","player_choice":"Entered Light","floor":2.0,"gold_loss":0.0,"damage_taken":23.0,"cards_upgraded":["Strike_R","Bash"]},{"damage_healed":0.0,"max_hp_gain":0.0,"max_hp_loss":0.0,"gold_gain":0.0,"event_name":"Upgrade Shrine","player_choice":"Upgraded","floor":3.0,"gold_loss":0.0,"damage_taken":0.0,"cards_upgraded":["Pummel"]},{"damage_healed":0.0,"max_hp_gain":0.0,"max_hp_loss":0.0,"gold_gain":0.0,"event_name":"Mushrooms","player_choice":"Fought Mushrooms","floor":8.0,"gold_loss":0.0,"damage_taken":0.0},{"damage_healed":0.0,"max_hp_gain":0.0,"max_hp_loss":0.0,"gold_gain":0.0,"event_name":"Liars Game","player_choice":"Ignored","floor":10.0,"gold_loss":0.0,"damage_taken":0.0},{"damage_healed":0,"gold_gain":0,"player_choice":"Became a vampire","damage_taken":0,"max_hp_gain":0,"max_hp_loss":25,"event_name":"Vampires","floor":20,"gold_loss":0,"cards_obtained":["Bite","Bite","Bite","Bite","Bite"]}],"is_beta":false,"boss_relics":[{"not_picked":["Coffee Dripper","Pandora\u0027s Box"],"picked":"Snecko Eye"}],"items_purged_floors":[],"is_endless":false,"potions_floor_spawned":[5,13,16,18,22,23,31],"killed_by":"Automaton","ascension_level":20}