{"gold_per_floor":[115,215,226,240,251,285,285,303,303,356,356,356,356,356,356,487,487,505],"floor_reached":18,"playtime":1891,"items_purged":[],"score":162,"play_id":"3ef6950b-d025-416b-864a-8a92bb00abac","local_time":"20190419235856","is_ascension_mode":false,"campfire_choices":[{"floor":7,"key":"REST"},{"floor":11,"key":"REST"},{"data":"Terror","floor":15,"key":"SMITH"}],"neow_cost":"NONE","seed_source_timestamp":0,"circlet_count":0,"master_deck":["Defend_G","Defend_G","Defend_G","Defend_G","Defend_G","Strike_G+1","Strike_G","Strike_G","Strike_G","Strike_G","Survivor+1","Neutralize","Heel Hook","Choke","Terror+1","Prepared","Wraith Form v2","Tactician","Parasite","Adrenaline"],"special_seed":0,"relics":["Ring of the Snake","Bag of Marbles","Mummified Hand","Bronze Scales","Golden Idol","Snecko Eye"],"potions_floor_usage":[16,16],"damage_taken":[{"damage":0,"enemies":"2 Louse","floor":1,"turns":2},{"damage":4,"enemies":"Cultist","floor":3,"turns":5},{"damage":0,"enemies":"Jaw Worm","floor":4,"turns":3},{"damage":3,"enemies":"2 Fungi Beasts","floor":5,"turns":4},{"damage":37,"enemies":"3 Sentries","floor":6,"turns":15},{"damage":21,"enemies":"Large Slime","floor":8,"turns":9},{"damage":28,"enemies":"The Guardian","floor":16,"turns":11},{"damage":26,"enemies":"Shell Parasite","floor":18,"turns":8}],"seed_played":"-4427716114356366052","potions_obtained":[{"floor":1,"key":"EssenceOfSteel"},{"floor":6,"key":"GhostInAJar"},{"floor":8,"key":"Block Potion"},{"floor":18,"key":"Strength Potion"}],"is_trial":false,"path_per_floor":["M","?","M","M","M","E","R","M","T","T","R","?","?","?","R","B",null,"M"],"character_chosen":"THE_SILENT","items_purchased":[],"campfire_rested":2,"item_purchase_floors":[],"current_hp_per_floor":[77,77,73,73,70,33,56,35,35,35,58,39,24,43,43,15,77,51],"gold":505,"neow_bonus":"TEN_PERCENT_HP_BONUS","is_prod":false,"is_daily":false,"chose_seed":false,"campfire_upgraded":1,"win_rate":0.0,"timestamp":1555736336,"path_taken":["M","?","M","?","?","E","R","M","T","?","R","?","?","?","R","BOSS","M"],"build_version":"2019-01-23","purchased_purges":0,"victory":false,"max_hp_per_floor":[77,77,77,77,77,77,77,77,77,77,77,77,77,77,77,77,77,77],"card_choices":[{"not_picked":["Sucker Punch","Masterful Stab"],"picked":"Heel Hook","floor":1},{"not_picked":["Heel Hook","Backflip"],"picked":"Choke","floor":3},{"not_picked":["Dagger Throw","Expertise"],"picked":"Terror","floor":4},{"not_picked":["Terror","Heel Hook"],"picked":"Prepared","floor":5},{"not_picked":["Sucker Punch","Envenom"],"picked":"Wraith Form v2","floor":6},{"not_picked":["Choke","Acrobatics"],"picked":"Tactician","floor":8},{"not_picked":["Corpse Explosion","Phantasmal Killer"],"picked":"Adrenaline","floor":16}],"player_experience":31611,"relics_obtained":[{"floor":6,"key":"Bag of Marbles"},{"floor":9,"key":"Mummified Hand"},{"floor":10,"key":"Bronze Scales"}],"event_choices":[{"damage_healed":0,"gold_gain":100,"player_choice":"Pray","damage_taken":0,"max_hp_gain":0,"max_hp_loss":0,"event_name":"Golden Shrine","floor":2,"gold_loss":0},{"damage_healed":0,"gold_gain":0,"player_choice":"Take Damage","damage_taken":19,"relics_obtained":["Golden Idol"],"max_hp_gain":0,"max_hp_loss":0,"event_name":"Golden Idol","floor":12,"gold_loss":0},{"damage_healed":0,"gold_gain":0,"player_choice":"Entered Light","damage_taken":15,"max_hp_gain":0,"max_hp_loss":0,"event_name":"Shining Light","floor":13,"gold_loss":0,"cards_upgraded":["Survivor","Strike_G"]},{"damage_healed":19,"gold_gain":0,"player_choice":"Healed and dodged fight","damage_taken":0,"max_hp_gain":0,"max_hp_loss":0,"event_name":"Mushrooms","floor":14,"gold_loss":0,"cards_obtained":["Parasite"]}],"is_beta":false,"boss_relics":[{"not_picked":["White Beast Statue","Busted Crown"],"picked":"Snecko Eye"}],"items_purged_floors":[],"is_endless":false,"potions_floor_spawned":[1,6,8,18],"killed_by":"Shell Parasite","ascension_level":0}