{"gold_per_floor":[118,293,293,44,54,54,82,106,133,4,4,20,0,13,13,115,115,131,146,146,146,51,51],"floor_reached":23,"playtime":835,"items_purged":[],"score":318,"play_id":"83f84865-cac7-4c1c-8425-b956a0d21b70","local_time":"20190928183238","is_ascension_mode":true,"campfire_choices":[{"data":"Capacitor","floor":6,"key":"SMITH"},{"data":"Zap","floor":15,"key":"SMITH"}],"neow_cost":"NONE","seed_source_timestamp":29197322058300,"circlet_count":0,"master_deck":["AscendersBane","Strike_B","Strike_B","Strike_B","Strike_B","Defend_B","Defend_B","Defend_B","Defend_B","Zap+1","Dualcast","Capacitor+1","Cold Snap","Hologram","Loop","Capacitor","Flash of Steel","Redo","Tempest","Seek","Force Field","Static Discharge","Static Discharge","Gash"],"relics":["Cracked Core","NeowsBlessing","Cables","Bottled Tornado","Odd Mushroom","Oddly Smooth Stone","Bronze Scales","Cursed Key","Happy Flower"],"potions_floor_usage":[14,16],"damage_taken":[{"damage":0,"enemies":"2 Louse","floor":1,"turns":1},{"damage":0,"enemies":"Small Slimes","floor":5,"turns":1},{"damage":0,"enemies":"Lagavulin","floor":7,"turns":1},{"damage":23,"enemies":"The Mushroom Lair","floor":8,"turns":5},{"damage":7,"enemies":"Jaw Worm","floor":12,"turns":3},{"damage":0,"enemies":"2 Fungi Beasts","floor":14,"turns":2},{"damage":20,"enemies":"Hexaghost","floor":16,"turns":10},{"damage":4,"enemies":"Chosen","floor":18,"turns":5},{"damage":9,"enemies":"3 Byrds","floor":19,"turns":3},{"damage":61,"enemies":"Gremlin Leader","floor":23,"turns":5}],"seed_played":"713437546382965787","potions_obtained":[{"floor":7,"key":"Swift Potion"},{"floor":12,"key":"Fire Potion"}],"is_trial":false,"path_per_floor":["M","?","?","$","M","R","E","?","T","$","?","M","?","M","R","B",null,"M","M","?","$","$","E"],"character_chosen":"DEFECT","items_purchased":["Cables","Capacitor","Flash of Steel","Static Discharge","Gash"],"campfire_rested":0,"item_purchase_floors":[4,10,10,22,22],"current_hp_per_floor":[68,68,68,68,68,68,68,45,45,45,45,38,38,38,38,18,61,57,48,48,48,48,0],"gold":51,"neow_bonus":"THREE_ENEMY_KILL","is_prod":false,"is_daily":false,"chose_seed":false,"campfire_upgraded":2,"win_rate":0,"timestamp":1569688358,"path_taken":["M","?","?","$","M","R","E","?","T","?","?","M","?","?","R","BOSS","M","M","?","?","$","E"],"build_version":"2019-07-17","purchased_purges":0,"victory":false,"max_hp_per_floor":[75,75,75,75,75,75,75,75,75,75,75,75,75,75,75,75,75,75,75,75,75,75,75],"card_choices":[{"not_picked":["Barrage","Rip and Tear"],"picked":"Capacitor","floor":1},{"not_picked":["Blizzard","BootSequence"],"picked":"Cold Snap","floor":5},{"not_picked":["Seek","Rebound"],"picked":"Hologram","floor":7},{"not_picked":["Barrage","Fusion"],"picked":"Loop","floor":8},{"not_picked":["Steam","Rebound"],"picked":"Redo","floor":12},{"not_picked":["Sweeping Beam","Compile Driver"],"picked":"Tempest","floor":14},{"not_picked":["Hyperbeam","All For One"],"picked":"Seek","floor":16},{"not_picked":["Go for the Eyes","Stack"],"picked":"Force Field","floor":18},{"not_picked":["Turbo","Compile Driver"],"picked":"Static Discharge","floor":19}],"player_experience":411987,"relics_obtained":[{"floor":7,"key":"Bottled Tornado"},{"floor":8,"key":"Odd Mushroom"},{"floor":9,"key":"Oddly Smooth Stone"}],"event_choices":[{"damage_healed":0,"gold_gain":175,"player_choice":"AGREE","damage_taken":0,"max_hp_gain":0,"max_hp_loss":0,"event_name":"Liars Game","floor":2,"gold_loss":0,"cards_obtained":["Doubt"]},{"cards_removed":["Doubt"],"damage_healed":0,"gold_gain":0,"player_choice":"Forget","damage_taken":0,"max_hp_gain":0,"max_hp_loss":0,"event_name":"Living Wall","floor":3,"gold_loss":0},{"damage_healed":0,"gold_gain":0,"player_choice":"Fought Mushrooms","damage_taken":0,"max_hp_gain":0,"max_hp_loss":0,"event_name":"Mushrooms","floor":8,"gold_loss":0},{"damage_healed":0,"gold_gain":0,"player_choice":"Searched \u00271\u0027 times","damage_taken":0,"relics_obtained":["Bronze Scales"],"max_hp_gain":0,"max_hp_loss":0,"event_name":"Dead Adventurer","floor":11,"gold_loss":0},{"damage_healed":0,"gold_gain":0,"player_choice":"Left Gold","damage_taken":0,"max_hp_gain":0,"max_hp_loss":0,"event_name":"World of Goop","floor":13,"gold_loss":20},{"damage_healed":0,"gold_gain":0,"player_choice":"Opened","damage_taken":0,"relics_obtained":["Happy Flower"],"max_hp_gain":0,"max_hp_loss":0,"event_name":"The Mausoleum","floor":20,"gold_loss":0}],"is_beta":false,"boss_relics":[{"not_picked":["Tiny House","Astrolabe"],"picked":"Cursed Key"}],"items_purged_floors":[],"is_endless":false,"potions_floor_spawned":[7,12],"killed_by":"Gremlin Leader","ascension_level":10}