{"gold_per_floor":[116,132,159,171,171,171,190,190,213,213,224,237,237,257,257,257],"floor_reached":16,"playtime":462,"items_purged":[],"score":94,"play_id":"a8ef4a39-fe4e-4d0e-9e47-89dee34bfdff","local_time":"20190930145320","is_ascension_mode":false,"campfire_choices":[{"data":"Spot Weakness","floor":6,"key":"SMITH"},{"data":"Flex","floor":8,"key":"SMITH"},{"data":"Rampage","floor":10,"key":"SMITH"},{"data":"Reaper","floor":15,"key":"SMITH"}],"neow_cost":"NONE","seed_source_timestamp":1111006517769299,"circlet_count":0,"master_deck":["Strike_R","Strike_R","Strike_R","Strike_R","Strike_R","Defend_R","Defend_R","Defend_R","Defend_R","Bash","Anger","Rampage+1","Cleave","Spot Weakness+1","Flex+1","Flex","Reaper+1"],"relics":["Burning Blood","Boot","Smiling Mask"],"potions_floor_usage":[12,16,16],"damage_taken":[{"damage":0,"enemies":"Cultist","floor":1,"turns":2},{"damage":1,"enemies":"Jaw Worm","floor":2,"turns":3},{"damage":0,"enemies":"Small Slimes","floor":4,"turns":2},{"damage":12,"enemies":"2 Fungi Beasts","floor":7,"turns":2},{"damage":0,"enemies":"Large Slime","floor":11,"turns":3},{"damage":15,"enemies":"Looter","floor":12,"turns":2},{"damage":6,"enemies":"Exordium Thugs","floor":14,"turns":3},{"damage":81,"enemies":"Slime Boss","floor":16,"turns":8}],"seed_played":"4595235591720521713","potions_obtained":[{"floor":2,"key":"Block Potion"},{"floor":4,"key":"LiquidBronze"},{"floor":7,"key":"SneckoOil"},{"floor":14,"key":"AttackPotion"}],"is_trial":false,"path_per_floor":["M","M","T","M","?","R","M","R","T","R","M","M","?","M","R","B"],"character_chosen":"IRONCLAD","items_purchased":[],"campfire_rested":0,"item_purchase_floors":[],"current_hp_per_floor":[80,80,80,80,80,80,74,74,74,74,80,71,76,81,81,0],"gold":257,"neow_bonus":"THREE_CARDS","is_prod":false,"is_daily":false,"chose_seed":false,"campfire_upgraded":4,"win_rate":0.0,"timestamp":1569848000,"path_taken":["M","?","?","M","?","R","M","R","T","R","M","M","?","M","R","BOSS"],"build_version":"2019-07-17","purchased_purges":0,"victory":false,"max_hp_per_floor":[80,80,80,80,80,80,80,80,80,80,80,80,85,85,85,85],"card_choices":[{"not_picked":["Body Slam","Bloodletting"],"picked":"Anger","floor":0},{"not_picked":["Anger","Combust"],"picked":"Rampage","floor":1},{"not_picked":["Warcry","True Grit"],"picked":"Cleave","floor":2},{"not_picked":["Power Through","Shockwave"],"picked":"Spot Weakness","floor":4},{"not_picked":["Thunderclap","Iron Wave"],"picked":"Flex","floor":7},{"not_picked":["Reckless Charge","Clothesline"],"picked":"Flex","floor":11},{"not_picked":["Sword Boomerang","Pommel Strike"],"picked":"Reaper","floor":12},{"not_picked":["Sever Soul","Clash","Body Slam"],"picked":"SKIP","floor":14}],"player_experience":88460,"relics_obtained":[{"floor":3,"key":"Boot"},{"floor":9,"key":"Smiling Mask"}],"event_choices":[{"damage_healed":0,"gold_gain":0,"player_choice":"Leave","damage_taken":0,"max_hp_gain":0,"max_hp_loss":0,"event_name":"The Cleric","floor":5,"gold_loss":0},{"damage_healed":0,"gold_gain":0,"player_choice":"Donut","damage_taken":0,"max_hp_gain":5,"max_hp_loss":0,"event_name":"Big Fish","floor":13,"gold_loss":0}],"is_beta":false,"boss_relics":[],"items_purged_floors":[],"is_endless":false,"potions_floor_spawned":[2,4,7,14],"killed_by":"Slime Boss","ascension_level":0}