{"gold_per_floor":[116,131,131,131,144,144,184,209,234,246,183,201,201,5,5,98,98,111,111,134,184,184,184,184],"floor_reached":24,"playtime":764,"items_purged":["Strike_B","Strike_B"],"score":438,"play_id":"e08da04f-0e0f-423f-babd-64be3bf700d1","local_time":"20190727134417","is_ascension_mode":true,"campfire_choices":[{"floor":6,"key":"REST"},{"data":"Defragment","floor":10,"key":"SMITH"},{"data":"Loop","floor":13,"key":"SMITH"},{"data":"Loop","floor":15,"key":"SMITH"},{"floor":23,"key":"REST"}],"neow_cost":"NONE","seed_source_timestamp":573483395748355,"circlet_count":0,"master_deck":["AscendersBane","Strike_B","Strike_B","Defend_B","Defend_B","Defend_B","Defend_B","Zap","Dualcast","Sweeping Beam","Chaos","Ball Lightning","Defragment+1","Electrodynamics","Loop+1","Loop+1","Conserve Battery","Creative AI","Glacier","Ghostly","Ghostly","Ghostly"],"relics":["Inserter","Ancient Tea Set","Golden Idol","Oddly Smooth Stone","MawBank","Fusion Hammer"],"potions_floor_usage":[16,16],"damage_taken":[{"damage":5,"enemies":"2 Louse","floor":1,"turns":4},{"damage":9,"enemies":"Small Slimes","floor":2,"turns":4},{"damage":9,"enemies":"Jaw Worm","floor":5,"turns":5},{"damage":20,"enemies":"3 Sentries","floor":7,"turns":6},{"damage":0,"enemies":"2 Fungi Beasts","floor":8,"turns":3},{"damage":6,"enemies":"Large Slime","floor":12,"turns":4},{"damage":10,"enemies":"Hexaghost","floor":16,"turns":6},{"damage":21,"enemies":"Spheric Guardian","floor":18,"turns":4},{"damage":21,"enemies":"3 Byrds","floor":20,"turns":4},{"damage":20,"enemies":"Gremlin Leader","floor":24,"turns":2}],"seed_played":"-9181814213232939341","potions_obtained":[{"floor":2,"key":"Weak Potion"},{"floor":7,"key":"AttackPotion"},{"floor":16,"key":"Dexterity Potion"}],"is_trial":false,"path_per_floor":["M","M","?","?","M","R","E","M","T","R","$","M","R","$","R","B",null,"M","?","M","?","?","R","E"],"character_chosen":"DEFECT","items_purchased":["Loop","Conserve Battery"],"campfire_rested":2,"item_purchase_floors":[14,14],"current_hp_per_floor":[59,50,32,32,23,42,22,22,22,22,22,16,16,16,16,6,50,29,29,8,8,8,17,0],"gold":184,"neow_bonus":"BOSS_RELIC","is_prod":false,"is_daily":false,"chose_seed":false,"campfire_upgraded":3,"win_rate":0,"timestamp":1564249457,"path_taken":["M","M","?","?","M","R","E","M","T","R","$","M","R","?","R","BOSS","M","?","M","?","?","R","E"],"build_version":"2019-07-17","purchased_purges":2,"victory":false,"max_hp_per_floor":[71,71,71,64,64,64,64,64,64,64,64,64,64,64,64,64,64,64,64,64,64,32,32,32],"card_choices":[{"not_picked":["Leap","Go for the Eyes"],"picked":"Sweeping Beam","floor":1},{"not_picked":["Steam","Sweeping Beam"],"picked":"Chaos","floor":2},{"not_picked":["Leap","Redo"],"picked":"Ball Lightning","floor":5},{"not_picked":["Recycle","Heatsinks"],"picked":"Defragment","floor":7},{"not_picked":["Reprogram","Undo"],"picked":"Electrodynamics","floor":8},{"not_picked":["Tempest","Steam Power"],"picked":"Loop","floor":12},{"not_picked":["Electrodynamics","Meteor Strike"],"picked":"Creative AI","floor":16},{"not_picked":["Streamline","Go for the Eyes","Scrape"],"picked":"SKIP","floor":18},{"not_picked":["Redo","Skim","Loop"],"picked":"SKIP","floor":20}],"player_experience":1000398,"relics_obtained":[{"floor":7,"key":"Oddly Smooth Stone"},{"floor":9,"key":"MawBank"}],"event_choices":[{"damage_healed":0,"gold_gain":0,"player_choice":"Success","damage_taken":18,"relics_obtained":["Ancient Tea Set"],"max_hp_gain":0,"max_hp_loss":0,"event_name":"Scrap Ooze","floor":3,"gold_loss":0},{"damage_healed":0,"gold_gain":0,"player_choice":"Lose Max HP","damage_taken":0,"relics_obtained":["Golden Idol"],"max_hp_gain":0,"max_hp_loss":7,"event_name":"Golden Idol","floor":4,"gold_loss":0},{"damage_healed":0,"gold_gain":0,"player_choice":"Read","damage_taken":0,"max_hp_gain":0,"max_hp_loss":0,"event_name":"The Library","floor":19,"gold_loss":0,"cards_obtained":["Glacier"]},{"damage_healed":0,"gold_gain":50,"player_choice":"Stole From Cult","damage_taken":0,"max_hp_gain":0,"max_hp_loss":0,"event_name":"Nest","floor":21,"gold_loss":0},{"damage_healed":0,"gold_gain":0,"player_choice":"Became a Ghost","damage_taken":0,"max_hp_gain":0,"max_hp_loss":32,"event_name":"Ghosts","floor":22,"gold_loss":0,"cards_obtained":["Ghostly","Ghostly","Ghostly"]}],"is_beta":false,"boss_relics":[{"not_picked":["Philosopher\u0027s Stone","White Beast Statue"],"picked":"Fusion Hammer"}],"items_purged_floors":[11,14],"is_endless":false,"potions_floor_spawned":[2,7,16],"killed_by":"Gremlin Leader","ascension_level":20}