{"gold_per_floor":[114,129,144,219,219,219,249,264,264,264,279,54,0,0,0,115,115,145,145,175,100,199,199,244,289,289,19,34,64,64,109,109,224,224,239,254,269,284,186,216,216,216,216,216,216,246,261,276,276,276],"floor_reached":50,"playtime":2052,"items_purged":[],"score":635,"play_id":"a6cec2c4-0d9e-44cb-8920-c664a6a34f11","local_time":"20180730184823","daily_mods":["Diverse","Lethality","Terminal"],"is_ascension_mode":false,"campfire_choices":[{"data":"Cloak And Dagger","floor":6,"key":"SMITH"},{"data":"Bash","floor":10,"key":"SMITH"},{"data":"Shrug It Off","floor":15,"key":"SMITH"},{"data":"Creative AI","floor":23,"key":"SMITH"},{"data":"Beam Cell","floor":30,"key":"SMITH"},{"floor":32,"key":"REST"},{"data":"Backflip","floor":41,"key":"SMITH"},{"data":"PiercingWail","floor":44,"key":"SMITH"},{"floor":49,"key":"DIG"}],"neow_cost":"","seed_source_timestamp":0,"circlet_count":0,"master_deck":["Strike_R","Strike_R+1","Strike_R+1","Defend_R","Defend_R","Defend_R","Defend_R","Bash+1","Cloak And Dagger+1","Shrug It Off+1","Backflip+1","White Noise","HandOfGreed","Shrug It Off","Creative AI+1","Conserve Battery","Shrug It Off+1","Beam Cell+1","Spot Weakness","Dagger Spray","Flash of Steel","Whirlwind+1","White Noise","Core Surge","Riddle With Holes+1","Thunderclap+1","PiercingWail+1","Exhume","Blind","Gash","Dual Wield","Terror+1"],"special_seed":17742,"relics":["Burning Blood","Singing Bowl","Self Forming Clay","Letter Opener","Velvet Choker","Omamori","The Courier","Bag of Marbles","Mercury Hourglass","Gambling Chip","Philosopher\u0027s Stone","Frozen Egg 2","Meat on the Bone","Shovel","Regal Pillow"],"potions_floor_usage":[16,16,24,24,29,31,33,40,40,46,50,50],"damage_taken":[{"damage":0,"enemies":"Cultist","floor":1,"turns":2},{"damage":4,"enemies":"Jaw Worm","floor":2,"turns":2},{"damage":0,"enemies":"2 Louse","floor":3,"turns":2},{"damage":25,"enemies":"Lagavulin","floor":7,"turns":7},{"damage":0,"enemies":"Blue Slaver","floor":8,"turns":3},{"damage":2,"enemies":"2 Fungi Beasts","floor":11,"turns":3},{"damage":35,"enemies":"The Guardian","floor":16,"turns":14},{"damage":46,"enemies":"3 Byrds","floor":18,"turns":5},{"damage":4,"enemies":"2 Thieves","floor":20,"turns":3},{"damage":4,"enemies":"Gremlin Leader","floor":24,"turns":9},{"damage":0,"enemies":"Cultist and Chosen","floor":25,"turns":6},{"damage":17,"enemies":"Snake Plant","floor":28,"turns":3},{"damage":10,"enemies":"Book of Stabbing","floor":29,"turns":4},{"damage":9,"enemies":"Slavers","floor":31,"turns":5},{"damage":36,"enemies":"Automaton","floor":33,"turns":12},{"damage":0,"enemies":"3 Darklings","floor":35,"turns":2},{"damage":4,"enemies":"Orb Walker","floor":36,"turns":2},{"damage":17,"enemies":"3 Darklings","floor":37,"turns":4},{"damage":32,"enemies":"Maw","floor":38,"turns":6},{"damage":0,"enemies":"Nemesis","floor":40,"turns":3},{"damage":0,"enemies":"2 Orb Walkers","floor":46,"turns":1},{"damage":21,"enemies":"Spire Growth","floor":47,"turns":3},{"damage":23,"enemies":"3 Darklings","floor":48,"turns":3},{"damage":37,"enemies":"Time Eater","floor":50,"turns":4}],"seed_played":"3676121671515635212","potions_obtained":[{"floor":2,"key":"Ancient Potion"},{"floor":7,"key":"Energy Potion"},{"floor":8,"key":"SpeedPotion"},{"floor":16,"key":"SkillPotion"},{"floor":25,"key":"Energy Potion"},{"floor":28,"key":"Dexterity Potion"},{"floor":29,"key":"Swift Potion"},{"floor":35,"key":"Ancient Potion"},{"floor":37,"key":"Energy Potion"},{"floor":40,"key":"Swift Potion"},{"floor":48,"key":"Weak Potion"}],"is_trial":false,"path_per_floor":["M","M","M","?","?","R","E","M","T","R","M","$","$","?","R","B",null,"M","?","M","?","?","R","E","M","T","$","M","E","R","E","R","B",null,"M","M","M","M","$","E","R","?","T","R","?","E","M","M","R"],"character_chosen":"IRONCLAD","items_purchased":["White Noise","HandOfGreed","Shrug It Off","Dagger Spray","Bag of Marbles","Flash of Steel","AttackPotion","Weak Potion","Exhume"],"campfire_rested":1,"item_purchase_floors":[12,12,13,27,27,27,27,39,39],"current_hp_per_floor":[78,77,76,65,62,62,45,51,51,51,57,57,57,43,43,14,66,26,26,30,30,30,30,32,38,38,38,29,25,25,22,38,8,53,52,51,40,16,16,31,31,25,25,25,25,43,40,37,37,0],"gold":276,"neow_bonus":"","is_prod":false,"is_daily":true,"chose_seed":false,"campfire_upgraded":7,"win_rate":0,"timestamp":1532951303,"path_taken":["M","M","M","?","?","R","E","M","T","R","M","?","$","?","R","BOSS","M","?","M","?","?","R","E","M","T","$","M","E","R","E","R","BOSS","M","M","M","?","$","E","R","?","T","R","?","E","?","M","R","BOSS"],"build_version":"2018-07-26","purchased_purges":0,"victory":false,"max_hp_per_floor":[78,77,76,75,74,73,74,73,72,71,72,71,70,69,68,67,66,65,64,65,64,63,62,61,60,59,58,59,58,57,56,55,54,53,52,51,50,51,50,51,50,53,52,51,50,49,48,49,48,48],"card_choices":[{"not_picked":["True Grit","Havoc"],"picked":"Cloak And Dagger","floor":1},{"not_picked":["Hologram","Body Slam"],"picked":"Shrug It Off","floor":2},{"not_picked":["Steam","Cold Snap","Combust"],"picked":"SKIP","floor":3},{"not_picked":["Machine Learning","Tactician","Rebound"],"picked":"Singing Bowl","floor":7},{"not_picked":["Redo","Sucker Punch"],"picked":"Backflip","floor":8},{"not_picked":["Poisoned Stab","Perfected Strike","Outmaneuver"],"picked":"Singing Bowl","floor":11},{"not_picked":["Thunder Strike","Amplify"],"picked":"Creative AI","floor":16},{"not_picked":["Wild Strike","Clash+1"],"picked":"Conserve Battery","floor":18},{"not_picked":["Compile Driver","Cold Snap","Dodge and Roll"],"picked":"Singing Bowl","floor":20},{"not_picked":["Venomology","Sweeping Beam"],"picked":"Beam Cell","floor":24},{"not_picked":["Pommel Strike+1","Rampage"],"picked":"Spot Weakness","floor":25},{"not_picked":["Combust+1","Underhanded Strike","Fusion"],"picked":"Singing Bowl","floor":28},{"not_picked":["Setup","Predator"],"picked":"Whirlwind+1","floor":29},{"not_picked":["Prepared","Aggregate"],"picked":"White Noise","floor":31},{"not_picked":["Night Terror","Venomology"],"picked":"Core Surge","floor":33},{"not_picked":["Rip and Tear","Quick Slash"],"picked":"Riddle With Holes+1","floor":35},{"not_picked":["Cloak And Dagger+1","Corruption"],"picked":"Thunderclap+1","floor":36},{"not_picked":["Carnage+1","Redo"],"picked":"PiercingWail","floor":37},{"not_picked":["Burning Pact","Rupture","Blizzard+1"],"picked":"Singing Bowl","floor":38},{"not_picked":["Steam Power+1","Slice+1","Perfected Strike"],"picked":"Singing Bowl","floor":40},{"not_picked":["Purity","Magnetism+1","Violence"],"picked":"Singing Bowl","floor":42},{"not_picked":["Swift Strike","Trip"],"picked":"Blind","floor":42},{"not_picked":["Madness","PanicButton","Purity"],"picked":"Singing Bowl","floor":42},{"not_picked":["Barrage","Redo"],"picked":"Dual Wield","floor":46},{"not_picked":["Finisher+1","Endless Agony"],"picked":"Terror+1","floor":47},{"not_picked":["Eviscerate","Fusion+1","Scrape+1"],"picked":"Singing Bowl","floor":48}],"player_experience":271493,"relics_obtained":[{"floor":7,"key":"Self Forming Clay"},{"floor":9,"key":"Letter Opener"},{"floor":24,"key":"Omamori"},{"floor":26,"key":"The Courier"},{"floor":29,"key":"Mercury Hourglass"},{"floor":31,"key":"Gambling Chip"},{"floor":40,"key":"Frozen Egg 2"},{"floor":43,"key":"Meat on the Bone"},{"floor":46,"key":"Shovel"},{"floor":49,"key":"Regal Pillow"}],"event_choices":[{"event_name":"World of Goop","player_choice":"Gather Gold","floor":4,"damage_taken":0},{"event_name":"Scrap Ooze","player_choice":"success","floor":5,"damage_taken":3},{"event_name":"Shining Light","player_choice":"Entered Light","floor":14,"damage_taken":0},{"event_name":"Duplicator","player_choice":"One dupe","floor":19,"damage_taken":0},{"event_name":"Beggar","player_choice":"Gave Gold","floor":21,"damage_taken":0},{"event_name":"Nest","player_choice":"Stole From Cult","floor":22,"damage_taken":0},{"event_name":"SensoryStone","player_choice":"Memory 3","floor":42,"damage_taken":0},{"event_name":"Transmorgrifier","player_choice":"Transform","floor":45,"damage_taken":0}],"is_beta":true,"boss_relics":[{"not_picked":["Orrery","Runic Cube"],"picked":"Velvet Choker"},{"not_picked":["Eternal Feather","White Beast Statue"],"picked":"Philosopher\u0027s Stone"}],"items_purged_floors":[],"is_endless":false,"potions_floor_spawned":[2,7,8,16,25,28,29,35,37,40,48],"killed_by":"Time Eater","ascension_level":0}