{"gold_per_floor":[115,127,146,161,161,161,191,191,218,218,230,257,257,268,268,345,345,357,1,17,17,17,17,49,64,64,83,33,53,53,73,73,145,145,155,155,168,35,51,51,62,62,62,94,111,111,111,61,61,61,61],"floor_reached":51,"playtime":3576,"items_purged":["Strike_B","Zap","Gash"],"score":1368,"play_id":"955814e1-3797-4233-8ee2-675b51e23a21","local_time":"20190604183409","is_ascension_mode":true,"campfire_choices":[{"floor":6.0,"key":"REST"},{"data":"Fusion","floor":8.0,"key":"SMITH"},{"floor":10.0,"key":"REST"},{"floor":15.0,"key":"REST"},{"data":"Doom and Gloom","floor":23.0,"key":"SMITH"},{"floor":30,"key":"REST"},{"data":"Hologram","floor":32,"key":"SMITH"},{"data":"Capacitor","floor":40,"key":"SMITH"},{"data":"Capacitor","floor":42,"key":"SMITH"},{"floor":46,"key":"RECALL"},{"floor":49,"key":"REST"}],"neow_cost":"PERCENT_DAMAGE","seed_source_timestamp":1108148529213949,"circlet_count":0,"master_deck":["AscendersBane","Defend_B+1","Defend_B+1","Defend_B+1","Defend_B+1","Dualcast","Melter","Echo Form","Steam","Fusion+1","FTL","Sunder+1","Leap","All For One","Sweeping Beam","Doom and Gloom+1","Cold Snap+1","Turbo","Hologram+1","BootSequence+1","Leap","Biased Cognition+1","Compile Driver","Capacitor+1","Electrodynamics","Capacitor+1","Turbo"],"special_seed":0,"relics":["Cracked Core","Bag of Marbles","Lantern","Smiling Mask","Blood Vial","Empty Cage","OrangePellets","Nilry\u0027s Codex","Gambling Chip","Cables","Snecko Eye","Bottled Flame"],"potions_floor_usage":[24,33,41,51],"damage_taken":[{"damage":4.0,"enemies":"Small Slimes","floor":1.0,"turns":3.0},{"damage":0.0,"enemies":"Cultist","floor":2.0,"turns":3.0},{"damage":7.0,"enemies":"Jaw Worm","floor":3.0,"turns":4.0},{"damage":13.0,"enemies":"Gremlin Gang","floor":4.0,"turns":4.0},{"damage":39.0,"enemies":"Gremlin Nob","floor":7.0,"turns":4.0},{"damage":5.0,"enemies":"Looter","floor":11.0,"turns":2.0},{"damage":30.0,"enemies":"3 Sentries","floor":12.0,"turns":9.0},{"damage":0.0,"enemies":"2 Fungi Beasts","floor":14.0,"turns":2.0},{"damage":25.0,"enemies":"The Guardian","floor":16.0,"turns":10.0},{"damage":5.0,"enemies":"2 Thieves","floor":18.0,"turns":4.0},{"damage":4.0,"enemies":"Chosen","floor":20.0,"turns":4.0},{"damage":17,"enemies":"Gremlin Leader","floor":24,"turns":5},{"damage":0,"enemies":"3 Cultists","floor":25,"turns":2},{"damage":18,"enemies":"Snake Plant","floor":27,"turns":4},{"damage":10,"enemies":"Shelled Parasite and Fungi","floor":29,"turns":4},{"damage":0,"enemies":"Snecko","floor":31,"turns":4},{"damage":7,"enemies":"Champ","floor":33,"turns":14},{"damage":0,"enemies":"3 Darklings","floor":35,"turns":5},{"damage":0,"enemies":"Orb Walker","floor":37,"turns":4},{"damage":19,"enemies":"Transient","floor":39,"turns":6},{"damage":11,"enemies":"Writhing Mass","floor":41,"turns":7},{"damage":13,"enemies":"Nemesis","floor":44,"turns":9},{"damage":0,"enemies":"Maw","floor":45,"turns":6},{"damage":48,"enemies":"Time Eater","floor":50,"turns":18},{"damage":33,"enemies":"Awakened One","floor":51,"turns":9}],"seed_played":"-4380705534882026583","potions_obtained":[{"floor":1.0,"key":"SpeedPotion"},{"floor":3.0,"key":"Block Potion"},{"floor":12.0,"key":"SteroidPotion"},{"floor":20.0,"key":"SteroidPotion"},{"floor":29,"key":"Block Potion"},{"floor":31,"key":"SkillPotion"},{"floor":33,"key":"Poison Potion"},{"floor":41,"key":"Swift Potion"}],"is_trial":false,"path_per_floor":["M","M","M","M","?","R","E","R","T","R","M","E","?","M","R","B",null,"M","$","M","?","?","R","E","M","T","M","$","M","R","M","R","B",null,"M","?","M","$","M","R","M","R","T","E","M","R","?","?","R","B","B"],"character_chosen":"DEFECT","items_purchased":["OrangePellets","Doom and Gloom","Capacitor"],"campfire_rested":5,"item_purchase_floors":[19,19,38],"current_hp_per_floor":[56,56,49,36,31,56,17,17,17,42,37,7,7,9,34,11,67,64,64,62,62,41,41,26,28,28,12,12,4,29,31,31,26,70,72,72,74,74,57,57,48,48,48,37,39,39,39,39,64,18,0],"gold":61,"neow_bonus":"TWENTY_PERCENT_HP_BONUS","is_prod":false,"is_daily":false,"chose_seed":false,"campfire_upgraded":5,"win_rate":0,"timestamp":1559687649,"path_taken":["M","M","M","M","?","R","E","R","T","R","M","E","?","M","R","BOSS","M","$","M","?","?","R","E","M","T","M","$","M","R","M","R","BOSS","M","?","M","$","?","R","M","R","T","E","M","R","?","?","R","BOSS","BOSS"],"build_version":"2019-01-23","purchased_purges":3,"victory":false,"max_hp_per_floor":[85,85,85,85,85,85,85,85,85,85,85,85,85,85,85,85,85,85,85,85,85,85,85,85,85,85,85,85,85,85,85,85,85,85,85,85,85,85,85,85,85,85,85,85,85,85,85,85,85,85,85],"card_choices":[{"not_picked":["Beam Cell","Reprogram"],"picked":"Melter","floor":1.0},{"not_picked":["Streamline","Reprogram","Stack"],"picked":"SKIP","floor":2.0},{"not_picked":["Leap","Conserve Battery"],"picked":"Echo Form","floor":3.0},{"not_picked":["BootSequence","White Noise"],"picked":"Steam","floor":4.0},{"not_picked":["Leap","Go for the Eyes"],"picked":"Fusion","floor":7.0},{"not_picked":["Reprogram","Compile Driver"],"picked":"FTL","floor":11.0},{"not_picked":["Machine Learning","Rebound"],"picked":"Sunder","floor":12.0},{"not_picked":["Stack","Chaos"],"picked":"Leap","floor":14.0},{"not_picked":["Fission","Rainbow"],"picked":"All For One","floor":16.0},{"not_picked":["Rebound","Rip and Tear"],"picked":"Sweeping Beam","floor":18.0},{"not_picked":["Compile Driver","Undo"],"picked":"Cold Snap+1","floor":20.0},{"not_picked":["Skim","Compile Driver+1"],"picked":"Turbo","floor":24},{"not_picked":["Beam Cell","Barrage"],"picked":"Hologram","floor":25},{"not_picked":["Barrage","Tempest+1"],"picked":"BootSequence+1","floor":27},{"not_picked":["Beam Cell","Redo"],"picked":"Leap","floor":29},{"not_picked":["Rainbow","Barrage"],"picked":"Gash","floor":31},{"not_picked":["All For One","Multi-Cast"],"picked":"Biased Cognition","floor":33},{"not_picked":["Rebound","Gash","Sweeping Beam"],"picked":"SKIP","floor":35},{"not_picked":["BootSequence","Conserve Battery+1"],"picked":"Compile Driver","floor":37},{"not_picked":["Go for the Eyes+1","BootSequence"],"picked":"Electrodynamics","floor":39},{"not_picked":["Redo","Double Energy"],"picked":"Capacitor","floor":41},{"not_picked":["Steam Power","BootSequence","Auto Shields+1"],"picked":"SKIP","floor":44},{"not_picked":["BootSequence","Heatsinks"],"picked":"Turbo","floor":45}],"player_experience":897149,"relics_obtained":[{"floor":7.0,"key":"Lantern"},{"floor":9.0,"key":"Smiling Mask"},{"floor":12.0,"key":"Blood Vial"},{"floor":22.0,"key":"Nilry\u0027s Codex"},{"floor":24,"key":"Gambling Chip"},{"floor":26,"key":"Cables"},{"floor":44,"key":"Bottled Flame"}],"event_choices":[{"damage_healed":0.0,"max_hp_gain":0.0,"max_hp_loss":0.0,"gold_gain":0.0,"event_name":"Scrap Ooze","player_choice":"Success","floor":5.0,"gold_loss":0.0,"damage_taken":5.0,"relics_obtained":["Bag of Marbles"]},{"damage_healed":0.0,"max_hp_gain":0.0,"max_hp_loss":0.0,"gold_gain":0.0,"cards_transformed":["Strike_B"],"event_name":"Transmorgrifier","player_choice":"Transformed","floor":13.0,"gold_loss":0.0,"damage_taken":0.0,"cards_obtained":["Melter"]},{"damage_healed":0.0,"max_hp_gain":0.0,"max_hp_loss":0.0,"gold_gain":0.0,"event_name":"Back to Basics","player_choice":"Simplicity","floor":21.0,"gold_loss":0.0,"damage_taken":0.0,"cards_upgraded":["Defend_B","Defend_B","Defend_B","Defend_B"]},{"damage_healed":0.0,"max_hp_gain":0.0,"max_hp_loss":0.0,"gold_gain":0.0,"event_name":"Cursed Tome","player_choice":"Obtained Book","floor":22.0,"gold_loss":0.0,"damage_taken":21.0},{"damage_healed":0,"gold_gain":0,"player_choice":"Upgraded","damage_taken":0,"max_hp_gain":0,"max_hp_loss":0,"event_name":"Upgrade Shrine","floor":36,"gold_loss":0,"cards_upgraded":["Biased Cognition"]},{"cards_removed":["Melter"],"damage_healed":0,"gold_gain":0,"player_choice":"Removed Attack","damage_taken":0,"max_hp_gain":0,"max_hp_loss":0,"event_name":"Falling","floor":47,"gold_loss":0},{"damage_healed":0,"gold_gain":0,"player_choice":"Upgrade","damage_taken":0,"max_hp_gain":0,"max_hp_loss":0,"event_name":"Designer","floor":48,"gold_loss":50,"cards_upgraded":["Sunder"]}],"is_beta":false,"boss_relics":[{"not_picked":["Tiny House","Coffee Dripper"],"picked":"Empty Cage"},{"not_picked":["Cursed Key","Runic Pyramid"],"picked":"Snecko Eye"}],"items_purged_floors":[19,28,38],"is_endless":false,"potions_floor_spawned":[1,3,12,20,29,31,33,39,41],"killed_by":"Awakened One","ascension_level":20}