{"gold_per_floor":[109,123,123,123,135,163,175,175,175,175,201,219,99,113,113,212,212,226,226,226,226],"floor_reached":21,"playtime":1521,"items_purged":["Regret"],"score":223,"play_id":"e9870e0f-7de3-48fa-9685-63bdf820006f","local_time":"20190802214419","is_ascension_mode":true,"campfire_choices":[{"floor":8,"key":"REST"},{"data":"Defragment","floor":15,"key":"SMITH"}],"neow_cost":"TEN_PERCENT_HP_LOSS","seed_source_timestamp":162033870385206,"circlet_count":0,"master_deck":["Strike_B+1","Defend_B+1","Defend_B+1","Defend_B+1","Defend_B+1","Zap","Dualcast","Panache","Deep Breath","Beam Cell","Fusion+1","Conserve Battery","Machine Learning","Cold Snap","Defragment+1","Cold Snap","Streamline","All For One","Creative AI","Lockon"],"relics":["Cracked Core","Regal Pillow","Mercury Hourglass","Mango","Pear","Empty Cage"],"potions_floor_usage":[6,16],"damage_taken":[{"damage":1,"enemies":"Cultist","floor":1,"turns":3},{"damage":8,"enemies":"2 Louse","floor":2,"turns":2},{"damage":7,"enemies":"Small Slimes","floor":5,"turns":4},{"damage":12,"enemies":"Gremlin Nob","floor":6,"turns":3},{"damage":10,"enemies":"2 Fungi Beasts","floor":7,"turns":3},{"damage":13,"enemies":"3 Sentries","floor":11,"turns":5},{"damage":2,"enemies":"Blue Slaver","floor":12,"turns":3},{"damage":10,"enemies":"Looter","floor":14,"turns":3},{"damage":21,"enemies":"Slime Boss","floor":16,"turns":7},{"damage":31,"enemies":"Spheric Guardian","floor":18,"turns":5},{"damage":65,"enemies":"3 Byrds","floor":21,"turns":5}],"seed_played":"-3224577763155177588","potions_obtained":[{"floor":1,"key":"Fire Potion"},{"floor":11,"key":"Ancient Potion"},{"floor":12,"key":"Weak Potion"}],"is_trial":false,"path_per_floor":["M","M","?","?","M","E","M","R","T","?","E","M","$","M","R","B",null,"M","?","?","M"],"character_chosen":"DEFECT","items_purchased":["Streamline"],"campfire_rested":1,"item_purchase_floors":[13],"current_hp_per_floor":[67,59,52,52,45,33,23,58,58,72,69,67,67,57,57,36,92,61,61,61,0],"gold":226,"neow_bonus":"RANDOM_COLORLESS_2","is_prod":false,"is_daily":false,"chose_seed":false,"campfire_upgraded":1,"win_rate":0,"timestamp":1564800259,"path_taken":["M","?","?","?","M","E","M","R","T","?","E","M","$","M","R","BOSS","M","?","?","M"],"build_version":"2019-07-17","purchased_purges":1,"victory":false,"max_hp_per_floor":[68,68,68,68,68,68,68,68,68,82,92,92,92,92,92,92,92,92,92,92,92],"card_choices":[{"not_picked":["Blizzard","Sweeping Beam"],"picked":"Beam Cell","floor":1},{"not_picked":["Barrage","Hologram"],"picked":"Fusion","floor":2},{"not_picked":["Steam","Stack"],"picked":"Conserve Battery","floor":5},{"not_picked":["Rainbow","Sunder"],"picked":"Machine Learning","floor":6},{"not_picked":["Beam Cell","Barrage"],"picked":"Cold Snap","floor":7},{"not_picked":["Tempest","Gash"],"picked":"Defragment","floor":11},{"not_picked":["Stack","Compile Driver"],"picked":"Cold Snap","floor":12},{"not_picked":["Stack","Double Energy"],"picked":"All For One","floor":14},{"not_picked":["Multi-Cast","Hyperbeam"],"picked":"Creative AI","floor":16},{"not_picked":["Streamline","Beam Cell"],"picked":"Lockon","floor":18}],"player_experience":150432,"relics_obtained":[{"floor":6,"key":"Regal Pillow"},{"floor":9,"key":"Mercury Hourglass"},{"floor":11,"key":"Pear"}],"event_choices":[{"cards_removed":["Strike_B"],"damage_healed":0,"gold_gain":0,"player_choice":"Card Removal","damage_taken":7,"max_hp_gain":0,"max_hp_loss":0,"event_name":"Golden Wing","floor":3,"gold_loss":0},{"damage_healed":0,"gold_gain":0,"player_choice":"Grow","damage_taken":0,"max_hp_gain":0,"max_hp_loss":0,"event_name":"Living Wall","floor":4,"gold_loss":0,"cards_upgraded":["Fusion"]},{"damage_healed":0,"gold_gain":0,"player_choice":"Box","damage_taken":0,"relics_obtained":["Mango"],"max_hp_gain":0,"max_hp_loss":0,"event_name":"Big Fish","floor":10,"gold_loss":0,"cards_obtained":["Regret"]},{"damage_healed":0,"gold_gain":0,"player_choice":"Ignored","damage_taken":0,"max_hp_gain":0,"max_hp_loss":0,"event_name":"Ghosts","floor":19,"gold_loss":0},{"damage_healed":0,"gold_gain":0,"player_choice":"Simplicity","damage_taken":0,"max_hp_gain":0,"max_hp_loss":0,"event_name":"Back to Basics","floor":20,"gold_loss":0,"cards_upgraded":["Strike_B","Defend_B","Defend_B","Defend_B","Defend_B"]}],"is_beta":false,"boss_relics":[{"not_picked":["Busted Crown","Ectoplasm"],"picked":"Empty Cage"}],"items_purged_floors":[13],"is_endless":false,"potions_floor_spawned":[1,11,12],"killed_by":"3 Byrds","ascension_level":1}