{"gold_per_floor":[111,111,121,136,151,179,179,69,69,69,69,113,134,134,134,230,230,251,116,116,197,72,110,110,128,155,155,170,210,234,259,259,349,349,374,374,395,131,155,155,186,186,186,186,186,217,232,273,273,273],"floor_reached":50,"playtime":25836,"items_purged":["Defend_G","Strike_G","Strike_G","Defend_G"],"score":1110,"play_id":"901c8326-ecb2-4e31-80a3-79c916f3c231","local_time":"20190314225944","is_ascension_mode":true,"campfire_choices":[{"floor":7.0,"key":"REST"},{"data":"Footwork","floor":10.0,"key":"SMITH"},{"floor":15.0,"key":"REST"},{"data":"Glass Knife","floor":24.0,"key":"SMITH"},{"floor":27.0,"key":"REST"},{"floor":32.0,"key":"REST"},{"data":"Well Laid Plans","floor":40,"key":"SMITH"},{"data":"Neutralize","floor":42,"key":"SMITH"},{"data":"Caltrops","floor":49,"key":"SMITH"}],"neow_cost":"NONE","seed_source_timestamp":0,"circlet_count":0,"master_deck":["AscendersBane","Defend_G+1","Defend_G+1","Defend_G","Strike_G","Survivor","Neutralize+1","Unload","Terror","Blur","Glass Knife+1","Footwork+1","Backflip+1","Bullet Time+1","Caltrops+1","Leg Sweep+1","After Image","Calculated Gamble+1","Blur+1","PiercingWail+1","Corpse Explosion+1","Deflect+1","Blur+1","Infinite Blades","Well Laid Plans+1","Poisoned Stab","Purity+1","Flash of Steel","Backflip+1","Bouncing Flask+1","Deadly Poison+1"],"special_seed":0,"relics":["Ring of the Serpent","Orichalcum","War Paint","Golden Idol","Toxic Egg 2","Blue Candle","Shuriken","Boot","Thread and Needle","Sozu","Potion Belt","Pantograph","Calipers","Blood Vial"],"potions_floor_usage":[50],"damage_taken":[{"damage":0.0,"enemies":"2 Louse","floor":1.0,"turns":2.0},{"damage":0.0,"enemies":"Cultist","floor":3.0,"turns":3.0},{"damage":2.0,"enemies":"Jaw Worm","floor":4.0,"turns":4.0},{"damage":17.0,"enemies":"Exordium Thugs","floor":5.0,"turns":6.0},{"damage":28.0,"enemies":"Lagavulin","floor":6.0,"turns":7.0},{"damage":9.0,"enemies":"3 Sentries","floor":12.0,"turns":12.0},{"damage":1.0,"enemies":"Exordium Wildlife","floor":13.0,"turns":4.0},{"damage":4.0,"enemies":"The Guardian","floor":16.0,"turns":10.0},{"damage":6.0,"enemies":"Shell Parasite","floor":18.0,"turns":7.0},{"damage":15.0,"enemies":"Book of Stabbing","floor":23.0,"turns":8.0},{"damage":0.0,"enemies":"Chosen","floor":25.0,"turns":5.0},{"damage":0.0,"enemies":"Snecko","floor":28.0,"turns":5.0},{"damage":43.0,"enemies":"Gremlin Leader","floor":29.0,"turns":10.0},{"damage":14.0,"enemies":"Snake Plant","floor":30.0,"turns":7.0},{"damage":0.0,"enemies":"Cultist and Chosen","floor":31.0,"turns":8.0},{"damage":22.0,"enemies":"Automaton","floor":33.0,"turns":21.0},{"damage":0,"enemies":"3 Shapes","floor":35,"turns":3},{"damage":0,"enemies":"Orb Walker","floor":37,"turns":4},{"damage":0,"enemies":"Writhing Mass","floor":39,"turns":8},{"damage":0,"enemies":"Reptomancer","floor":41,"turns":11},{"damage":0,"enemies":"Giant Head","floor":46,"turns":10},{"damage":1,"enemies":"Transient","floor":47,"turns":5},{"damage":0,"enemies":"Nemesis","floor":48,"turns":7},{"damage":59,"enemies":"Time Eater","floor":50,"turns":10}],"seed_played":"-7474654887919583501","potions_obtained":[{"floor":1.0,"key":"FairyPotion"},{"floor":5.0,"key":"Energy Potion"},{"floor":12.0,"key":"Strength Potion"},{"floor":16.0,"key":"SteroidPotion"},{"floor":33.0,"key":"Swift Potion"}],"is_trial":false,"path_per_floor":["M","?","M","M","M","E","R","$","T","R","?","E","M","?","R","B",null,"M","$","?","T","$","E","R","M","T","R","M","E","M","M","R","B",null,"M","?","M","$","M","R","E","R","T","?","?","E","M","E","R","B"],"character_chosen":"THE_SILENT","items_purchased":["Footwork","Leg Sweep+1","Blur+1","Infinite Blades"],"campfire_rested":4,"item_purchase_floors":[8,19,38,38],"current_hp_per_floor":[59,59,59,57,40,12,31,31,31,31,31,22,21,21,39,35,55,49,49,49,49,49,34,34,34,34,52,52,9,6,6,24,2,46,46,46,46,46,46,46,46,46,46,36,36,36,35,35,35,0],"gold":273,"neow_bonus":"ONE_RANDOM_RARE_CARD","is_prod":false,"is_daily":false,"chose_seed":false,"campfire_upgraded":5,"win_rate":0,"timestamp":1552622384,"path_taken":["M","?","M","?","M","E","R","$","T","R","?","E","M","?","R","BOSS","M","$","?","?","?","E","R","M","T","R","?","E","M","M","R","BOSS","M","?","M","$","M","R","E","R","T","?","?","E","M","E","R","BOSS"],"build_version":"2019-01-23","purchased_purges":4,"victory":false,"max_hp_per_floor":[66,66,66,66,66,66,66,66,66,66,61,61,61,61,61,61,61,61,61,61,61,61,61,61,61,61,61,61,61,61,61,61,61,61,61,61,61,61,61,61,61,61,61,61,58,58,58,58,58,58],"card_choices":[{"not_picked":["Skewer","Deflect"],"picked":"Terror","floor":1.0},{"not_picked":["Acrobatics","Dagger Throw","Flechettes"],"picked":"SKIP","floor":3.0},{"not_picked":["Riddle With Holes","Acrobatics"],"picked":"Blur","floor":4.0},{"not_picked":["Slice","Distraction","Outmaneuver"],"picked":"SKIP","floor":5.0},{"not_picked":["Backflip","Sucker Punch"],"picked":"Glass Knife","floor":6.0},{"not_picked":["Slice","Blade Dance","Quick Slash"],"picked":"SKIP","floor":12.0},{"not_picked":["Dodge and Roll+1","Cloak And Dagger+1"],"picked":"Backflip+1","floor":13.0},{"not_picked":["Grand Finale","Glass Knife"],"picked":"Bullet Time+1","floor":16.0},{"not_picked":["Riddle With Holes","Eviscerate"],"picked":"Caltrops","floor":18.0},{"not_picked":["Flying Knee","Quick Slash"],"picked":"After Image","floor":23.0},{"not_picked":["Prepared+1","Flying Knee"],"picked":"Calculated Gamble+1","floor":25.0},{"not_picked":["Predator","Slice","Bane"],"picked":"SKIP","floor":28.0},{"not_picked":["Backstab","Predator"],"picked":"Blur+1","floor":29.0},{"not_picked":["Calculated Gamble+1","Slice+1","Flying Knee"],"picked":"SKIP","floor":30.0},{"not_picked":["Reflex+1","Dodge and Roll+1"],"picked":"PiercingWail+1","floor":31.0},{"not_picked":["After Image","Die Die Die"],"picked":"Corpse Explosion+1","floor":33.0},{"not_picked":["Terror+1","PiercingWail+1"],"picked":"Deflect+1","floor":35},{"not_picked":["Finisher","Reflex+1","Underhanded Strike"],"picked":"SKIP","floor":37},{"not_picked":["Quick Slash","Calculated Gamble+1"],"picked":"Well Laid Plans","floor":39},{"not_picked":["Blur+1","Dagger Spray"],"picked":"Poisoned Stab","floor":41},{"not_picked":["Dark Shackles+1","Violence+1"],"picked":"Purity+1","floor":44},{"not_picked":["PanicButton+1","Panache"],"picked":"Flash of Steel","floor":44},{"not_picked":["Sucker Punch","Slice"],"picked":"Backflip+1","floor":46},{"not_picked":["Cloak And Dagger+1","Backflip+1"],"picked":"Bouncing Flask+1","floor":47},{"not_picked":["Blade Dance+1","Deflect+1"],"picked":"Deadly Poison+1","floor":48}],"player_experience":1136918,"relics_obtained":[{"floor":6.0,"key":"Orichalcum"},{"floor":9.0,"key":"War Paint"},{"floor":12.0,"key":"Toxic Egg 2"},{"floor":21.0,"key":"Blue Candle"},{"floor":23.0,"key":"Shuriken"},{"floor":26.0,"key":"Boot"},{"floor":29.0,"key":"Thread and Needle"},{"floor":41,"key":"Potion Belt"},{"floor":43,"key":"Pantograph"},{"floor":46,"key":"Calipers"},{"floor":48,"key":"Blood Vial"}],"event_choices":[{"cards_removed":["Strike_G"],"damage_healed":0.0,"max_hp_gain":0.0,"max_hp_loss":0.0,"gold_gain":0.0,"event_name":"Bonfire Elementals","player_choice":"Offered Basic","floor":2.0,"gold_loss":0.0,"damage_taken":0.0},{"damage_healed":0.0,"max_hp_gain":0.0,"max_hp_loss":5.0,"gold_gain":0.0,"event_name":"Golden Idol","player_choice":"Lose Max HP","floor":11.0,"gold_loss":0.0,"damage_taken":0.0,"relics_obtained":["Golden Idol"]},{"cards_removed":["Strike_G"],"damage_healed":0.0,"max_hp_gain":0.0,"max_hp_loss":0.0,"gold_gain":0.0,"event_name":"Purifier","player_choice":"Purged","floor":14.0,"gold_loss":0.0,"damage_taken":0.0},{"damage_healed":0.0,"max_hp_gain":0.0,"max_hp_loss":0.0,"gold_gain":0.0,"event_name":"Vampires","player_choice":"Ignored","floor":20.0,"gold_loss":0.0,"damage_taken":0.0},{"damage_healed":0,"gold_gain":0,"player_choice":"Ignored","damage_taken":0,"max_hp_gain":0,"max_hp_loss":0,"event_name":"Tomb of Lord Red Mask","floor":36,"gold_loss":0},{"damage_healed":0,"gold_gain":0,"player_choice":"Memory 3","damage_taken":10,"max_hp_gain":0,"max_hp_loss":0,"event_name":"SensoryStone","floor":44,"gold_loss":0},{"damage_healed":0,"gold_gain":0,"player_choice":"Max HP","damage_taken":0,"max_hp_gain":0,"max_hp_loss":3,"event_name":"Winding Halls","floor":45,"gold_loss":0}],"is_beta":false,"boss_relics":[{"not_picked":["Cursed Key","Snecko Eye"],"picked":"Ring of the Serpent"},{"not_picked":["Runic Pyramid","Black Star"],"picked":"Sozu"}],"items_purged_floors":[8,19,22,38],"is_endless":false,"potions_floor_spawned":[1,5,12,13,16,25,28,33,39,41,47],"killed_by":"Time Eater","ascension_level":14}