{"gold_per_floor":[110,110,110,124,74,103,121,134,134,148,148,1,31,44,44,145,145,160,179,179,104,104,133,133,159,159,258,258],"floor_reached":28,"playtime":2011,"items_purged":["Strike_B"],"score":341,"play_id":"8ccf19b8-f075-4079-946d-380510581a26","local_time":"20190529170047","is_ascension_mode":false,"campfire_choices":[{"floor":15,"key":"RECALL"},{"floor":24,"key":"REST"}],"neow_cost":"NONE","seed_source_timestamp":198727333645084,"circlet_count":0,"master_deck":["Strike_B","Defend_B","Defend_B","Defend_B","Zap","Dualcast","Redo","Doom and Gloom","Cold Snap","Tempest","Gash","Defragment","Gash","Loop","Rainbow","Reinforced Body","Cold Snap","All For One","Streamline+1"],"relics":["Cracked Core","NeowsBlessing","Bottled Flame","Boot","Mercury Hourglass","Philosopher\u0027s Stone","MutagenicStrength","Smiling Mask","Happy Flower","Shuriken","Dodecahedron"],"potions_floor_usage":[13,23,23,28],"damage_taken":[{"damage":0,"enemies":"Small Slimes","floor":1,"turns":1},{"damage":0,"enemies":"2 Louse","floor":4,"turns":1},{"damage":0,"enemies":"Gremlin Nob","floor":6,"turns":1},{"damage":6,"enemies":"Jaw Worm","floor":7,"turns":3},{"damage":13,"enemies":"Exordium Wildlife","floor":8,"turns":3},{"damage":12,"enemies":"Large Slime","floor":10,"turns":5},{"damage":11,"enemies":"3 Sentries","floor":13,"turns":7},{"damage":0,"enemies":"2 Fungi Beasts","floor":14,"turns":2},{"damage":0,"enemies":"Slime Boss","floor":16,"turns":6},{"damage":21,"enemies":"3 Byrds","floor":18,"turns":3},{"damage":26,"enemies":"2 Thieves","floor":19,"turns":4},{"damage":11,"enemies":"Gremlin Leader","floor":23,"turns":5},{"damage":30,"enemies":"Slavers","floor":25,"turns":4},{"damage":9,"enemies":"Shelled Parasite and Fungi","floor":28,"turns":1}],"seed_played":"8586273137894210863","potions_obtained":[{"floor":6,"key":"LiquidBronze"},{"floor":7,"key":"Block Potion"},{"floor":13,"key":"Dexterity Potion"},{"floor":14,"key":"GamblersBrew"},{"floor":18,"key":"SteroidPotion"},{"floor":23,"key":"EntropicBrew"}],"is_trial":false,"path_per_floor":["M","?","?","M","?","E","M","M","T","M","T","$","E","M","R","B",null,"M","M","?","?","?","E","R","E","T","?","M"],"character_chosen":"DEFECT","items_purchased":["Defragment"],"campfire_rested":1,"item_purchase_floors":[12],"current_hp_per_floor":[75,75,68,68,68,68,62,49,49,37,37,37,26,26,26,26,75,54,28,28,28,28,17,39,9,9,9,0],"gold":258,"neow_bonus":"THREE_ENEMY_KILL","is_prod":false,"is_daily":false,"chose_seed":false,"campfire_upgraded":0,"win_rate":0,"timestamp":1559142047,"path_taken":["M","?","?","M","?","E","M","M","T","?","?","$","E","M","R","BOSS","M","M","?","?","?","E","R","E","T","?","M"],"build_version":"2019-01-23","purchased_purges":1,"victory":false,"max_hp_per_floor":[75,75,75,75,75,75,75,75,75,75,75,75,75,75,75,75,75,75,75,75,75,75,75,75,75,75,75,75],"card_choices":[{"not_picked":["Go for the Eyes","Barrage","Stack"],"picked":"SKIP","floor":1},{"not_picked":["Heatsinks","Barrage"],"picked":"Redo","floor":4},{"not_picked":["Fusion","Leap"],"picked":"Doom and Gloom","floor":6},{"not_picked":["Beam Cell","Multi-Cast"],"picked":"Cold Snap","floor":7},{"not_picked":["Darkness","Barrage"],"picked":"Tempest","floor":8},{"not_picked":["Compile Driver","Streamline"],"picked":"Gash","floor":10},{"not_picked":["Barrage","Reprogram"],"picked":"Gash","floor":13},{"not_picked":["Compile Driver","Leap"],"picked":"Loop","floor":14},{"not_picked":["Machine Learning","Meteor Strike"],"picked":"Rainbow","floor":16},{"not_picked":["Coolheaded","Fusion"],"picked":"Reinforced Body","floor":18},{"not_picked":["Stack","Barrage"],"picked":"Cold Snap","floor":19},{"not_picked":["Thunder Strike","Rebound"],"picked":"All For One","floor":23},{"not_picked":["Consume","Rip and Tear+1"],"picked":"Streamline+1","floor":25}],"player_experience":137968,"relics_obtained":[{"floor":6,"key":"Bottled Flame"},{"floor":11,"key":"Boot"},{"floor":13,"key":"Mercury Hourglass"},{"floor":23,"key":"Happy Flower"},{"floor":25,"key":"Shuriken"},{"floor":26,"key":"Dodecahedron"}],"event_choices":[{"damage_healed":0,"gold_gain":0,"player_choice":"Ignored","damage_taken":0,"max_hp_gain":0,"max_hp_loss":0,"event_name":"Liars Game","floor":2,"gold_loss":0},{"cards_removed":["Strike_B"],"damage_healed":0,"gold_gain":0,"player_choice":"Card Removal","damage_taken":7,"max_hp_gain":0,"max_hp_loss":0,"event_name":"Golden Wing","floor":3,"gold_loss":0},{"cards_removed":["Defend_B"],"damage_healed":0,"gold_gain":0,"player_choice":"Card Removal","damage_taken":0,"max_hp_gain":0,"max_hp_loss":0,"event_name":"The Cleric","floor":5,"gold_loss":50},{"damage_healed":0,"gold_gain":0,"player_choice":"Inject Mutagens","damage_taken":0,"relics_obtained":["MutagenicStrength"],"max_hp_gain":0,"max_hp_loss":0,"event_name":"Drug Dealer","floor":20,"gold_loss":0},{"cards_removed":["Strike_B"],"damage_healed":0,"gold_gain":0,"player_choice":"Gave Gold","damage_taken":0,"max_hp_gain":0,"max_hp_loss":0,"event_name":"Beggar","floor":21,"gold_loss":75},{"damage_healed":0,"gold_gain":0,"player_choice":"Opened","damage_taken":0,"relics_obtained":["Smiling Mask"],"max_hp_gain":0,"max_hp_loss":0,"event_name":"The Mausoleum","floor":22,"gold_loss":0},{"damage_healed":0,"gold_gain":99,"player_choice":"Stole From Cult","damage_taken":0,"max_hp_gain":0,"max_hp_loss":0,"event_name":"Nest","floor":27,"gold_loss":0}],"is_beta":false,"boss_relics":[{"not_picked":["Black Star","Calling Bell"],"picked":"Philosopher\u0027s Stone"}],"items_purged_floors":[12],"is_endless":false,"potions_floor_spawned":[6,7,13,14,18,23],"killed_by":"Shelled Parasite and Fungi","ascension_level":0}