{"gold_per_floor":[369,381,481,493,132,158,71,103,103,103,123,176,176,195,195,291,291,304,318,233,253,253,253],"floor_reached":23,"playtime":1761,"items_purged":["Shame"],"score":221,"play_id":"7b6e8b84-9b32-4b5c-8388-1c1b08be2e15","local_time":"20190528222400","is_ascension_mode":true,"campfire_choices":[{"floor":10,"key":"RECALL"},{"data":"Zap","floor":15,"key":"SMITH"}],"neow_cost":"CURSE","seed_source_timestamp":131968129216436,"circlet_count":0,"master_deck":["Strike_B","Strike_B","Strike_B","Strike_B","Defend_B+1","Defend_B","Defend_B","Defend_B","Zap+1","Dualcast","Tempest+1","White Noise","Self Repair","Hologram","Conserve Battery","Deep Breath","Conserve Battery","Regret","Electrodynamics","Self Repair+1"],"relics":["Cracked Core","War Paint","Centennial Puzzle","Kunai","Bag of Preparation","Art of War","Cursed Key","Toxic Egg 2","Boot"],"potions_floor_usage":[8,16,16,16,23],"damage_taken":[{"damage":0,"enemies":"Small Slimes","floor":1,"turns":2},{"damage":11,"enemies":"Cultist","floor":2,"turns":4},{"damage":7,"enemies":"Jaw Worm","floor":4,"turns":3},{"damage":24,"enemies":"Lagavulin","floor":6,"turns":5},{"damage":9,"enemies":"3 Sentries","floor":8,"turns":7},{"damage":1,"enemies":"Looter","floor":11,"turns":3},{"damage":4,"enemies":"Exordium Wildlife","floor":14,"turns":3},{"damage":22,"enemies":"Hexaghost","floor":16,"turns":7},{"damage":33,"enemies":"3 Byrds","floor":18,"turns":3},{"damage":21,"enemies":"Spheric Guardian","floor":19,"turns":4},{"damage":28,"enemies":"Snake Plant","floor":21,"turns":4},{"damage":31,"enemies":"Gremlin Leader","floor":23,"turns":2}],"seed_played":"4153972134795618655","potions_obtained":[{"floor":1,"key":"SteroidPotion"},{"floor":6,"key":"AttackPotion"},{"floor":8,"key":"AttackPotion"},{"floor":14,"key":"Swift Potion"},{"floor":19,"key":"Poison Potion"},{"floor":21,"key":"Weak Potion"}],"is_trial":false,"path_per_floor":["M","M","?","M","$","E","$","E","T","R","M","T","?","M","R","B",null,"M","M","?","M","?","E"],"character_chosen":"DEFECT","items_purchased":["Self Repair","Hologram","Conserve Battery","War Paint","Deep Breath"],"campfire_rested":0,"item_purchase_floors":[5,5,5,5,7],"current_hp_per_floor":[75,64,64,57,57,40,40,31,31,31,30,30,30,33,33,18,75,49,45,45,27,27,0],"gold":253,"neow_bonus":"TWO_FIFTY_GOLD","is_prod":false,"is_daily":false,"chose_seed":false,"campfire_upgraded":1,"win_rate":0,"timestamp":1559075040,"path_taken":["M","M","?","?","?","E","$","E","T","R","M","?","?","?","R","BOSS","M","M","?","M","?","E"],"build_version":"2019-01-23","purchased_purges":1,"victory":false,"max_hp_per_floor":[75,75,75,75,75,75,75,75,75,75,75,75,75,75,75,75,75,75,75,75,75,75,75],"card_choices":[{"not_picked":["Steam Power","Steam"],"picked":"Tempest","floor":1},{"not_picked":["Redo","Double Energy"],"picked":"White Noise","floor":2},{"not_picked":["Aggregate","Coolheaded","Heatsinks"],"picked":"SKIP","floor":4},{"not_picked":["Force Field","Sweeping Beam","Stack"],"picked":"SKIP","floor":6},{"not_picked":["Doom and Gloom","Storm","Beam Cell"],"picked":"SKIP","floor":8},{"not_picked":["Stack","Steam Power"],"picked":"Conserve Battery","floor":11},{"not_picked":["Steam","Storm","Beam Cell"],"picked":"SKIP","floor":14},{"not_picked":["Multi-Cast","Buffer"],"picked":"Electrodynamics","floor":16},{"not_picked":["Glacier","Go for the Eyes"],"picked":"Self Repair+1","floor":18},{"not_picked":["Coolheaded","Reprogram","Rebound"],"picked":"SKIP","floor":19},{"not_picked":["Rebound","Beam Cell","Melter"],"picked":"SKIP","floor":21}],"player_experience":92950,"relics_obtained":[{"floor":6,"key":"Centennial Puzzle"},{"floor":8,"key":"Kunai"},{"floor":12,"key":"Bag of Preparation"}],"event_choices":[{"damage_healed":0,"gold_gain":100,"player_choice":"Pray","damage_taken":0,"max_hp_gain":0,"max_hp_loss":0,"event_name":"Golden Shrine","floor":3,"gold_loss":0},{"damage_healed":0,"gold_gain":0,"player_choice":"Box","damage_taken":0,"relics_obtained":["Art of War"],"max_hp_gain":0,"max_hp_loss":0,"event_name":"Big Fish","floor":13,"gold_loss":0,"cards_obtained":["Regret"]},{"damage_healed":0,"gold_gain":0,"player_choice":"Obtained Relic","damage_taken":0,"relics_obtained":["Toxic Egg 2"],"max_hp_gain":0,"max_hp_loss":0,"event_name":"Addict","floor":20,"gold_loss":85},{"damage_healed":0,"gold_gain":0,"player_choice":"Opened","damage_taken":0,"relics_obtained":["Boot"],"max_hp_gain":0,"max_hp_loss":0,"event_name":"The Mausoleum","floor":22,"gold_loss":0}],"is_beta":false,"boss_relics":[{"not_picked":["Calling Bell","Pandora\u0027s Box"],"picked":"Cursed Key"}],"items_purged_floors":[5],"is_endless":false,"potions_floor_spawned":[1,6,8,14,19,21],"killed_by":"Gremlin Leader","ascension_level":2}