{"gold_per_floor":[119,119,119,135,149,149,162,162,162,182,217,232,25,88,88,88],"floor_reached":16,"playtime":2635,"items_purged":["Strike_G"],"score":202,"play_id":"93a9bfe3-7bec-44e8-8dff-a8ec754ee919","local_time":"20190627210124","is_ascension_mode":true,"campfire_choices":[{"floor":6.0,"key":"REST"},{"data":"Escape Plan","floor":8,"key":"SMITH"},{"floor":15,"key":"REST"}],"neow_cost":"NONE","seed_source_timestamp":0,"circlet_count":0,"master_deck":["AscendersBane","Defend_G","Defend_G","Defend_G","Defend_G","Defend_G","Strike_G","Strike_G","Strike_G","Strike_G","Survivor","Neutralize","Dash","Well Laid Plans","Escape Plan+1","Terror","Night Terror","Footwork","Escape Plan"],"special_seed":0,"relics":["Ring of the Snake","Golden Idol","Singing Bowl","The Courier","Tiny Chest"],"potions_floor_usage":[10,10,14,14],"damage_taken":[{"damage":2.0,"enemies":"Jaw Worm","floor":1.0,"turns":5.0},{"damage":0.0,"enemies":"Small Slimes","floor":4.0,"turns":3.0},{"damage":0.0,"enemies":"Cultist","floor":5.0,"turns":5.0},{"damage":0.0,"enemies":"2 Fungi Beasts","floor":7.0,"turns":5.0},{"damage":8,"enemies":"Exordium Wildlife","floor":10,"turns":4},{"damage":36,"enemies":"Lagavulin","floor":11,"turns":12},{"damage":7,"enemies":"Exordium Thugs","floor":12,"turns":6},{"damage":3,"enemies":"3 Sentries","floor":14,"turns":10},{"damage":40,"enemies":"Hexaghost","floor":16,"turns":16}],"seed_played":"7624468729315432936","potions_obtained":[{"floor":5.0,"key":"AttackPotion"},{"floor":10,"key":"Fruit Juice"},{"floor":12,"key":"Weak Potion"}],"is_trial":false,"path_per_floor":["M","?","?","M","M","R","M","R","T","M","E","M","$","E","R","B"],"character_chosen":"THE_SILENT","items_purchased":["Footwork","Escape Plan","Strength Potion"],"campfire_rested":2,"item_purchase_floors":[13,13,13],"current_hp_per_floor":[63,63,38,38,38,59,59,59,59,58,22,15,15,14,38,0],"gold":88,"neow_bonus":"TEN_PERCENT_HP_BONUS","is_prod":false,"is_daily":false,"chose_seed":false,"campfire_upgraded":1,"win_rate":0,"timestamp":1561687284,"path_taken":["M","?","?","M","M","R","M","R","T","M","E","M","$","E","R","BOSS"],"build_version":"2019-01-23","purchased_purges":1,"victory":false,"max_hp_per_floor":[72,72,72,72,72,72,72,72,72,79,79,79,79,81,81,81],"card_choices":[{"not_picked":["Underhanded Strike","Acrobatics"],"picked":"Dash","floor":1.0},{"not_picked":["Finisher","Expertise"],"picked":"Well Laid Plans","floor":4.0},{"not_picked":["Deadly Poison","Blade Dance"],"picked":"Escape Plan","floor":5.0},{"not_picked":["Deflect","Bane","Choke"],"picked":"SKIP","floor":7.0},{"not_picked":["Heel Hook","Deflect","Underhanded Strike"],"picked":"Singing Bowl","floor":10},{"not_picked":["Bane","Slice"],"picked":"Terror","floor":11},{"not_picked":["Acrobatics","Sucker Punch"],"picked":"Night Terror","floor":12},{"not_picked":["Endless Agony","Blade Dance","Heel Hook"],"picked":"Singing Bowl","floor":14}],"player_experience":1409031,"relics_obtained":[{"floor":9,"key":"Singing Bowl"},{"floor":11,"key":"The Courier"},{"floor":14,"key":"Tiny Chest"}],"event_choices":[{"damage_healed":0.0,"max_hp_gain":0.0,"max_hp_loss":0.0,"gold_gain":0.0,"event_name":"Liars Game","player_choice":"Ignored","floor":2.0,"gold_loss":0.0,"damage_taken":0.0},{"damage_healed":0.0,"max_hp_gain":0.0,"max_hp_loss":0.0,"gold_gain":0.0,"event_name":"Golden Idol","player_choice":"Take Damage","floor":3.0,"gold_loss":0.0,"damage_taken":25.0,"relics_obtained":["Golden Idol"]}],"is_beta":false,"boss_relics":[],"items_purged_floors":[13],"is_endless":false,"potions_floor_spawned":[5,10,12],"killed_by":"Hexaghost","ascension_level":16}