{"gold_per_floor":[19,38,55,68,83,83,114,114,137,137,137,157,193,211,211,211],"floor_reached":16,"playtime":847,"items_purged":[],"score":228,"play_id":"450da27d-4a18-4699-be48-d49a1d3c4f0f","local_time":"20190622140742","is_ascension_mode":true,"campfire_choices":[{"data":"Neutralize","floor":6,"key":"SMITH"},{"data":"Leg Sweep","floor":8,"key":"SMITH"},{"floor":10,"key":"REST"},{"floor":15,"key":"REST"}],"neow_cost":"NO_GOLD","seed_source_timestamp":234288233637347,"circlet_count":0,"master_deck":["AscendersBane","Defend_G","Defend_G","Defend_G","Defend_G","Defend_G","Strike_G","Strike_G","Strike_G","Strike_G","Strike_G","Survivor","Neutralize+1","Grand Finale","Caltrops","Calculated Gamble","Backflip","Quick Slash","Leg Sweep+1","Deadly Poison","Predator","Setup"],"relics":["Ring of the Snake","Anchor","Vajra","Golden Idol","Dream Catcher"],"potions_floor_usage":[5,7,13,16],"damage_taken":[{"damage":2,"enemies":"Cultist","floor":1,"turns":5},{"damage":0,"enemies":"2 Louse","floor":2,"turns":3},{"damage":7,"enemies":"Jaw Worm","floor":3,"turns":5},{"damage":10,"enemies":"Red Slaver","floor":4,"turns":5},{"damage":0,"enemies":"Gremlin Gang","floor":5,"turns":2},{"damage":27,"enemies":"Lagavulin","floor":7,"turns":7},{"damage":0,"enemies":"Blue Slaver","floor":12,"turns":2},{"damage":29,"enemies":"Gremlin Nob","floor":13,"turns":4},{"damage":0,"enemies":"Exordium Wildlife","floor":14,"turns":4},{"damage":22,"enemies":"Hexaghost","floor":16,"turns":9}],"seed_played":"-7102983082752477235","potions_obtained":[{"floor":1,"key":"Energy Potion"},{"floor":3,"key":"FearPotion"},{"floor":7,"key":"Fire Potion"},{"floor":12,"key":"SteroidPotion"}],"is_trial":false,"path_per_floor":["M","M","M","M","M","R","E","R","T","R","?","M","E","M","R","B"],"character_chosen":"THE_SILENT","items_purchased":[],"campfire_rested":2,"item_purchase_floors":[],"current_hp_per_floor":[57,57,50,40,40,40,13,13,13,32,32,32,3,3,21,0],"gold":211,"neow_bonus":"THREE_RARE_CARDS","is_prod":false,"is_daily":false,"chose_seed":false,"campfire_upgraded":2,"win_rate":0,"timestamp":1561226862,"path_taken":["M","M","M","?","M","R","E","R","T","R","?","M","E","M","R","BOSS"],"build_version":"2019-01-23","purchased_purges":0,"victory":false,"max_hp_per_floor":[66,66,66,66,66,66,66,66,66,66,60,60,60,60,60,60],"card_choices":[{"not_picked":["A Thousand Cuts","Phantasmal Killer"],"picked":"Grand Finale","floor":0},{"not_picked":["Reflex","Finisher"],"picked":"Caltrops","floor":1},{"not_picked":["PiercingWail","Outmaneuver"],"picked":"Calculated Gamble","floor":2},{"not_picked":["PiercingWail","Acrobatics"],"picked":"Backflip","floor":3},{"not_picked":["Reflex","Dash"],"picked":"Quick Slash","floor":4},{"not_picked":["Slice","Heel Hook","Sucker Punch"],"picked":"SKIP","floor":5},{"not_picked":["Blade Dance","Dodge and Roll"],"picked":"Leg Sweep","floor":7},{"not_picked":["Blade Dance","Finisher"],"picked":"Deadly Poison","floor":12},{"not_picked":["Sucker Punch","Choke"],"picked":"Predator","floor":13},{"not_picked":["Accuracy","Predator"],"picked":"Setup","floor":14}],"player_experience":940458,"relics_obtained":[{"floor":7,"key":"Anchor"},{"floor":9,"key":"Vajra"},{"floor":13,"key":"Dream Catcher"}],"event_choices":[{"damage_healed":0,"gold_gain":0,"player_choice":"Lose Max HP","damage_taken":0,"relics_obtained":["Golden Idol"],"max_hp_gain":0,"max_hp_loss":6,"event_name":"Golden Idol","floor":11,"gold_loss":0}],"is_beta":false,"boss_relics":[],"items_purged_floors":[],"is_endless":false,"potions_floor_spawned":[1,3,7,12],"killed_by":"Hexaghost","ascension_level":20}