{"gold_per_floor":[115,132,132,143,155,155,180,180,180,180,207,207,226,251,251,351,351,341,21,21,21,21,21,53,53,53,53,63,83,9,34,34,135,135,146,146,146,15,15],"floor_reached":39,"playtime":1932,"items_purged":[],"score":588,"play_id":"5a6ad028-7dcf-43c8-8898-7e6d40dedda2","local_time":"20190928081136","is_ascension_mode":true,"campfire_choices":[{"floor":6,"key":"REST"},{"floor":8,"key":"REST"},{"data":"Neutralize","floor":10,"key":"SMITH"},{"floor":15,"key":"REST"},{"floor":23,"key":"REST"},{"floor":25,"key":"REST"},{"data":"Dash","floor":27,"key":"SMITH"},{"floor":32,"key":"REST"}],"neow_cost":"TEN_PERCENT_HP_LOSS","seed_source_timestamp":1357097940666500,"circlet_count":0,"master_deck":["Defend_G+1","Defend_G+1","Defend_G","Defend_G","Defend_G","Survivor","Neutralize+1","After Image","Footwork+1","Sucker Punch","Slice","Poisoned Stab","Sucker Punch","Corpse Explosion","Quick Slash","Blur","Malaise","Heel Hook+1","Dash+1","Bite","Bite","Bite","Bite","Blur","Cloak And Dagger+1","Backflip","Noxious Fumes","Sucker Punch+1","Corpse Explosion","Flying Knee","Caltrops","Deflect"],"relics":["Ring of the Serpent","Juzu Bracelet","War Paint","Matryoshka","GremlinMask","Snake Skull","Lizard Tail","Paper Crane","Torii","Strawberry","Shuriken","Kunai"],"potions_floor_usage":[5,5,11,14,28,31,39],"damage_taken":[{"damage":8,"enemies":"Cultist","floor":1,"turns":6},{"damage":1,"enemies":"Jaw Worm","floor":2,"turns":5},{"damage":1,"enemies":"Small Slimes","floor":4,"turns":4},{"damage":5,"enemies":"Exordium Wildlife","floor":5,"turns":6},{"damage":24,"enemies":"Gremlin Nob","floor":7,"turns":6},{"damage":6,"enemies":"Lagavulin","floor":11,"turns":9},{"damage":1,"enemies":"Blue Slaver","floor":13,"turns":5},{"damage":17,"enemies":"3 Sentries","floor":14,"turns":4},{"damage":20,"enemies":"The Guardian","floor":16,"turns":11},{"damage":32,"enemies":"2 Thieves","floor":18,"turns":4},{"damage":36,"enemies":"Book of Stabbing","floor":24,"turns":13},{"damage":3,"enemies":"3 Byrds","floor":28,"turns":4},{"damage":1,"enemies":"3 Cultists","floor":29,"turns":3},{"damage":44,"enemies":"Slavers","floor":31,"turns":5},{"damage":58,"enemies":"Collector","floor":33,"turns":13},{"damage":18,"enemies":"3 Shapes","floor":35,"turns":3},{"damage":42,"enemies":"3 Darklings","floor":39,"turns":4}],"seed_played":"-4497282384570032113","potions_obtained":[{"floor":1,"key":"Fire Potion"},{"floor":5,"key":"Fruit Juice"},{"floor":7,"key":"GamblersBrew"},{"floor":11,"key":"Energy Potion"},{"floor":24,"key":"LiquidBronze"},{"floor":29,"key":"PowerPotion"},{"floor":35,"key":"Regen Potion"}],"is_trial":false,"path_per_floor":["M","M","?","M","M","R","E","R","T","R","E","?","M","E","R","B",null,"M","$","?","?","$","R","E","R","T","R","M","M","$","E","R","B",null,"M","?","?","$","M"],"character_chosen":"THE_SILENT","items_purchased":["Paper Crane","Dash","Noxious Fumes","Caltrops","Deflect"],"campfire_rested":6,"item_purchase_floors":[19,19,30,38,38],"current_hp_per_floor":[55,54,41,40,40,60,36,56,56,56,50,50,49,32,52,32,59,27,27,27,27,27,41,17,31,38,38,41,46,46,4,20,6,42,26,26,26,26,0],"gold":15,"neow_bonus":"THREE_RARE_CARDS","is_prod":false,"is_daily":false,"chose_seed":false,"campfire_upgraded":2,"win_rate":0,"timestamp":1569672696,"path_taken":["M","M","?","M","M","R","E","R","T","R","E","?","M","E","R","BOSS","M","$","?","?","?","R","E","R","T","R","M","M","$","E","R","BOSS","M","?","?","$","M"],"build_version":"2019-07-17","purchased_purges":0,"victory":false,"max_hp_per_floor":[63,63,63,63,68,68,68,68,68,68,68,68,68,68,68,68,68,68,68,68,47,47,47,47,47,54,54,54,54,54,54,54,54,54,54,54,54,54,54],"card_choices":[{"not_picked":["Phantasmal Killer","A Thousand Cuts"],"picked":"After Image","floor":0},{"not_picked":["Backflip","Underhanded Strike"],"picked":"Footwork","floor":1},{"not_picked":["Blade Dance","Dodge and Roll"],"picked":"Sucker Punch","floor":2},{"not_picked":["Underhanded Strike","Dodge and Roll"],"picked":"Slice","floor":4},{"not_picked":["Reflex","Outmaneuver"],"picked":"Poisoned Stab","floor":5},{"not_picked":["Dodge and Roll","Infinite Blades"],"picked":"Sucker Punch","floor":7},{"not_picked":["Cloak And Dagger","Heel Hook"],"picked":"Corpse Explosion","floor":11},{"not_picked":["Cloak And Dagger","Dagger Spray"],"picked":"Quick Slash","floor":13},{"not_picked":["Flechettes","Cloak And Dagger"],"picked":"Blur","floor":14},{"not_picked":["Grand Finale","Unload"],"picked":"Malaise","floor":16},{"not_picked":["Backflip","Masterful Stab"],"picked":"Heel Hook+1","floor":18},{"not_picked":["Well Laid Plans","Accuracy+1"],"picked":"Blur","floor":24},{"not_picked":["Flying Knee","Storm of Steel"],"picked":"Cloak And Dagger+1","floor":28},{"not_picked":["Riddle With Holes+1","Eviscerate"],"picked":"Backflip","floor":29},{"not_picked":["Calculated Gamble","Slice+1"],"picked":"Sucker Punch+1","floor":31},{"not_picked":["Storm of Steel","Night Terror"],"picked":"Corpse Explosion","floor":33},{"not_picked":["Blade Dance+1","Outmaneuver"],"picked":"Flying Knee","floor":35}],"player_experience":156590,"relics_obtained":[{"floor":7,"key":"Juzu Bracelet"},{"floor":9,"key":"War Paint"},{"floor":11,"key":"Matryoshka"},{"floor":14,"key":"Snake Skull"},{"floor":24,"key":"Torii"},{"floor":26,"key":"Strawberry"},{"floor":26,"key":"Shuriken"},{"floor":31,"key":"Kunai"}],"event_choices":[{"damage_healed":0,"gold_gain":0,"player_choice":"Entered Light","damage_taken":13,"max_hp_gain":0,"max_hp_loss":0,"event_name":"Shining Light","floor":3,"gold_loss":0,"cards_upgraded":["Strike_G","Footwork"]},{"damage_healed":0,"gold_gain":0,"player_choice":"Trade","damage_taken":0,"relics_obtained":["GremlinMask"],"max_hp_gain":0,"max_hp_loss":0,"event_name":"FaceTrader","floor":12,"gold_loss":0},{"damage_healed":0,"gold_gain":0,"player_choice":"Became a vampire","damage_taken":0,"max_hp_gain":0,"max_hp_loss":21,"event_name":"Vampires","floor":21,"gold_loss":0,"cards_obtained":["Bite","Bite","Bite","Bite","Bite"]},{"damage_healed":0,"gold_gain":0,"player_choice":"Ignored","damage_taken":0,"max_hp_gain":0,"max_hp_loss":0,"event_name":"Mysterious Sphere","floor":36,"gold_loss":0},{"cards_removed":["Bite"],"damage_healed":0,"gold_gain":0,"player_choice":"Removed Attack","damage_taken":0,"max_hp_gain":0,"max_hp_loss":0,"event_name":"Falling","floor":37,"gold_loss":0}],"is_beta":false,"boss_relics":[{"not_picked":["Snecko Eye","Runic Dome"],"picked":"Lizard Tail"},{"not_picked":["Fusion Hammer","Orrery"],"picked":"Ring of the Serpent"}],"items_purged_floors":[],"is_endless":false,"potions_floor_spawned":[1,5,7,11,24,29,35],"killed_by":"3 Darklings","ascension_level":6}