{"gold_per_floor":[111,111,111,124,124,151,162,218,268,268,288,16,32,43,43,144,144,161,161,161,161,16,43,43,56,56,56,70,97,117,144,144,245,245,260,36,36,55,0,34,64,92,116,116,143,161,174,274,274,274],"floor_reached":51,"playtime":6870,"items_purged":[],"score":898,"play_id":"f4aba070-a9be-4caf-bbca-574344d00cbf","local_time":"20190528205727","is_ascension_mode":true,"campfire_choices":[{"floor":15.0,"key":"REST"},{"data":"Echo Form","floor":24.0,"key":"SMITH"},{"data":"Defragment","floor":32.0,"key":"SMITH"},{"data":"Amplify","floor":49,"key":"SMITH"}],"neow_cost":"PERCENT_DAMAGE","seed_source_timestamp":0,"circlet_count":0,"master_deck":["Defend_B","Defend_B+1","Defend_B","Defend_B","Zap","Dualcast","Hello World","Conserve Battery","Streamline+1","Defragment+1","Gash+1","Capacitor","Conserve Battery+1","Capacitor","Gash+1","Self Repair","Echo Form+1","Redo","Gash+1","Bite+1","Bite+1","Bite+1","Bite+1","Bite+1","All For One+1","Gash+1","Conserve Battery+1","Amplify+1","Blizzard+1","Glacier","Cold Snap+1","Master of Strategy","Double Energy+1"],"special_seed":0,"relics":["FrozenCore","Du-Vu Doll","Molten Egg 2","PreservedInsect","Tiny Chest","Centennial Puzzle","War Paint","MutagenicStrength","Orichalcum","Happy Flower","WingedGreaves","Dream Catcher","Potion Belt","Pantograph","Runic Pyramid","Art of War","Red Mask","Pen Nib","Omamori","Oddly Smooth Stone","Vajra","Ice Cream","Nunchaku"],"potions_floor_usage":[42,42,42,50,50],"damage_taken":[{"damage":0.0,"enemies":"2 Louse","floor":1.0,"turns":1.0},{"damage":4.0,"enemies":"Small Slimes","floor":4.0,"turns":4.0},{"damage":19.0,"enemies":"Gremlin Nob","floor":6.0,"turns":4.0},{"damage":1.0,"enemies":"Cultist","floor":7.0,"turns":3.0},{"damage":16.0,"enemies":"3 Sentries","floor":8.0,"turns":7.0},{"damage":2.0,"enemies":"2 Fungi Beasts","floor":11.0,"turns":3.0},{"damage":0.0,"enemies":"Looter","floor":13.0,"turns":3.0},{"damage":1.0,"enemies":"3 Louse","floor":14.0,"turns":3.0},{"damage":7.0,"enemies":"The Guardian","floor":16.0,"turns":9.0},{"damage":14.0,"enemies":"Spheric Guardian","floor":18.0,"turns":6.0},{"damage":35.0,"enemies":"Gremlin Leader","floor":23.0,"turns":6.0},{"damage":16.0,"enemies":"3 Byrds","floor":25.0,"turns":7.0},{"damage":0.0,"enemies":"Cultist and Chosen","floor":28.0,"turns":5.0},{"damage":28.0,"enemies":"Slavers","floor":29.0,"turns":7.0},{"damage":4.0,"enemies":"Snecko","floor":30.0,"turns":4.0},{"damage":9.0,"enemies":"Book of Stabbing","floor":31.0,"turns":5.0},{"damage":13.0,"enemies":"Automaton","floor":33.0,"turns":11.0},{"damage":16.0,"enemies":"3 Shapes","floor":35.0,"turns":4.0},{"damage":8.0,"enemies":"Orb Walker","floor":38.0,"turns":3.0},{"damage":1.0,"enemies":"Giant Head","floor":40.0,"turns":10.0},{"damage":1,"enemies":"Nemesis","floor":41,"turns":9},{"damage":43,"enemies":"Reptomancer","floor":42,"turns":14},{"damage":0,"enemies":"Giant Head","floor":45,"turns":10},{"damage":12,"enemies":"Writhing Mass","floor":46,"turns":8},{"damage":11,"enemies":"4 Shapes","floor":47,"turns":6},{"damage":0,"enemies":"Mind Bloom Boss Battle","floor":48,"turns":4},{"damage":19,"enemies":"Awakened One","floor":50,"turns":12}],"seed_played":"4341313727210900305","potions_obtained":[{"floor":1.0,"key":"GamblersBrew"},{"floor":4.0,"key":"GamblersBrew"},{"floor":11.0,"key":"Dexterity Potion"},{"floor":18.0,"key":"FearPotion"},{"floor":28.0,"key":"EssenceOfSteel"},{"floor":30.0,"key":"SteroidPotion"},{"floor":35.0,"key":"EntropicBrew"},{"floor":42,"key":"AttackPotion"},{"floor":46,"key":"PowerPotion"}],"is_trial":false,"path_per_floor":["M","?","?","M","?","E","M","E","T","?","M","$","M","M","R","B",null,"M","?","?","?","$","E","R","M","T","T","M","E","M","E","R","B",null,"M","$","?","M","?","E","E","E","T","?","E","M","M","?","R","B",null],"character_chosen":"DEFECT","items_purchased":["Conserve Battery","Capacitor","War Paint","Orichalcum","Blizzard+1","Art of War"],"campfire_rested":1,"item_purchase_floors":[12,12,12,22,36,36],"current_hp_per_floor":[54,54,54,50,43,24,23,7,7,7,5,5,5,4,26,26,75,68,68,68,52,52,46,46,48,48,48,52,52,52,52,52,52,52,46,46,46,41,41,52,52,37,37,37,52,52,52,52,52,52],"gold":274,"neow_bonus":"ONE_RARE_RELIC","is_prod":false,"is_daily":false,"chose_seed":false,"campfire_upgraded":3,"win_rate":0,"timestamp":1559069847,"path_taken":["M","?","?","M","?","E","M","E","T","?","M","$","M","M","R","BOSS","M","?","?","?","?","E","R","M","T","?","M","E","M","E","R","BOSS","M","$","?","?","?","E","E","E","T","?","E","M","M","?","R","BOSS"],"build_version":"2019-01-23","purchased_purges":0,"victory":true,"max_hp_per_floor":[75,75,75,75,75,75,75,75,75,75,75,75,75,75,75,75,75,75,75,75,52,52,52,52,52,52,52,52,52,52,52,52,52,52,52,52,52,52,52,52,52,52,52,52,52,52,52,52,52,52],"card_choices":[{"not_picked":["Turbo","Hologram"],"picked":"Hello World","floor":1.0},{"not_picked":["Darkness","Chill"],"picked":"Conserve Battery","floor":4.0},{"not_picked":["Barrage+1","Coolheaded"],"picked":"Streamline+1","floor":6.0},{"not_picked":["Melter+1","Aggregate"],"picked":"Defragment","floor":7.0},{"not_picked":["Rip and Tear+1","Capacitor"],"picked":"Gash+1","floor":8.0},{"not_picked":["Compile Driver+1","Redo"],"picked":"Capacitor","floor":11.0},{"not_picked":["Recycle","Defragment"],"picked":"Gash+1","floor":13.0},{"not_picked":["Rebound+1","Aggregate"],"picked":"Self Repair","floor":14.0},{"not_picked":["Meteor Strike+1","Thunder Strike+1"],"picked":"Echo Form","floor":16.0},{"not_picked":["Coolheaded","Steam"],"picked":"Redo","floor":18.0},{"not_picked":["Sweeping Beam+1","Redo"],"picked":"All For One+1","floor":23.0},{"not_picked":["Fusion","Leap","Compile Driver+1"],"picked":"SKIP","floor":25.0},{"not_picked":["Doom and Gloom+1","Skim"],"picked":"Gash+1","floor":28.0},{"not_picked":["Sunder+1","Rebound+1"],"picked":"Conserve Battery+1","floor":29.0},{"not_picked":["Lockon+1","Recycle","Beam Cell+1"],"picked":"SKIP","floor":30.0},{"not_picked":["Melter+1","Turbo+1","Undo"],"picked":"SKIP","floor":31.0},{"not_picked":["Hyperbeam+1","Electrodynamics"],"picked":"Amplify","floor":33.0},{"not_picked":["Sweeping Beam+1","Turbo","FTL+1"],"picked":"SKIP","floor":35.0},{"not_picked":["Barrage+1","Compile Driver+1","Turbo"],"picked":"SKIP","floor":38.0},{"not_picked":["Steam","Aggregate+1"],"picked":"Glacier","floor":40},{"not_picked":["Stack","Blizzard+1"],"picked":"Cold Snap+1","floor":41},{"not_picked":["Doom and Gloom+1","All For One+1","Conserve Battery"],"picked":"SKIP","floor":42},{"not_picked":["Good Instincts","The Bomb"],"picked":"Master of Strategy","floor":44},{"not_picked":["Force Field","Static Discharge","Cold Snap+1"],"picked":"SKIP","floor":45},{"not_picked":["White Noise","Lockon+1"],"picked":"Double Energy+1","floor":46},{"not_picked":["Consume+1","Barrage+1","Redo+1"],"picked":"SKIP","floor":47}],"player_experience":76303,"relics_obtained":[{"floor":6.0,"key":"PreservedInsect"},{"floor":8.0,"key":"Tiny Chest"},{"floor":9.0,"key":"Centennial Puzzle"},{"floor":23.0,"key":"Happy Flower"},{"floor":26.0,"key":"WingedGreaves"},{"floor":27.0,"key":"Dream Catcher"},{"floor":29.0,"key":"Potion Belt"},{"floor":31.0,"key":"Pantograph"},{"floor":40,"key":"Pen Nib"},{"floor":41,"key":"Omamori"},{"floor":42,"key":"Oddly Smooth Stone"},{"floor":43,"key":"Vajra"},{"floor":45,"key":"Ice Cream"},{"floor":48,"key":"Nunchaku"}],"event_choices":[{"damage_healed":0.0,"max_hp_gain":0.0,"max_hp_loss":0.0,"gold_gain":0.0,"event_name":"Big Fish","player_choice":"Box","floor":2.0,"gold_loss":0.0,"damage_taken":0.0,"relics_obtained":["Molten Egg 2"],"cards_obtained":["Regret"]},{"cards_removed":["Strike_B"],"damage_healed":0.0,"max_hp_gain":0.0,"max_hp_loss":0.0,"gold_gain":0.0,"event_name":"Living Wall","player_choice":"Forget","floor":3.0,"gold_loss":0.0,"damage_taken":0.0},{"cards_removed":["Regret"],"damage_healed":0.0,"max_hp_gain":0.0,"max_hp_loss":0.0,"gold_gain":0.0,"event_name":"Golden Wing","player_choice":"Card Removal","floor":5.0,"gold_loss":0.0,"damage_taken":7.0},{"damage_healed":0.0,"max_hp_gain":0.0,"max_hp_loss":0.0,"gold_gain":0.0,"event_name":"Shining Light","player_choice":"Ignored","floor":10.0,"gold_loss":0.0,"damage_taken":0.0},{"damage_healed":0.0,"max_hp_gain":0.0,"max_hp_loss":0.0,"gold_gain":0.0,"event_name":"The Library","player_choice":"Read","floor":19.0,"gold_loss":0.0,"damage_taken":0.0,"cards_obtained":["Gash"]},{"damage_healed":0.0,"max_hp_gain":0.0,"max_hp_loss":0.0,"gold_gain":0.0,"event_name":"Drug Dealer","player_choice":"Inject Mutagens","floor":20.0,"gold_loss":0.0,"damage_taken":0.0,"relics_obtained":["MutagenicStrength"]},{"damage_healed":0.0,"max_hp_gain":0.0,"max_hp_loss":23.0,"gold_gain":0.0,"event_name":"Vampires","player_choice":"Became a vampire","floor":21.0,"gold_loss":0.0,"damage_taken":0.0,"cards_obtained":["Bite","Bite","Bite","Bite","Bite"]},{"damage_healed":0.0,"max_hp_gain":0.0,"max_hp_loss":0.0,"gold_gain":0.0,"event_name":"SecretPortal","player_choice":"Ignored","floor":37.0,"gold_loss":0.0,"damage_taken":0.0},{"damage_healed":0.0,"max_hp_gain":0.0,"max_hp_loss":0.0,"gold_gain":0.0,"event_name":"Tomb of Lord Red Mask","player_choice":"Paid","floor":39.0,"gold_loss":55.0,"damage_taken":0.0,"relics_obtained":["Red Mask"]},{"damage_healed":0,"gold_gain":0,"player_choice":"Memory 1","damage_taken":0,"max_hp_gain":0,"max_hp_loss":0,"event_name":"SensoryStone","floor":44,"gold_loss":0},{"damage_healed":0,"gold_gain":0,"player_choice":"Fight","damage_taken":0,"max_hp_gain":0,"max_hp_loss":0,"event_name":"MindBloom","floor":48,"gold_loss":0}],"is_beta":false,"boss_relics":[{"not_picked":["Fusion Hammer","Tiny House"],"picked":"FrozenCore"},{"not_picked":["Runic Dome","Pandora\u0027s Box"],"picked":"Runic Pyramid"}],"items_purged_floors":[],"is_endless":false,"potions_floor_spawned":[1,4,11,18,28,30,35,42,46,47],"ascension_level":1}