{"gold_per_floor":[109,38,213,213,226,226,258,258,258,271,284,284,309,327,327,429,429,443,66,85,85,98,98,98],"floor_reached":24,"playtime":1765,"items_purged":["Doubt"],"score":226,"play_id":"a92d0289-14fd-4516-a779-b8b4801e5173","local_time":"20190719112954","is_ascension_mode":false,"campfire_choices":[{"data":"Hemokinesis","floor":6.0,"key":"SMITH"},{"data":"Bash","floor":8.0,"key":"SMITH"},{"data":"Bloodletting","floor":12.0,"key":"SMITH"},{"floor":15.0,"key":"REST"}],"neow_cost":"NONE","seed_source_timestamp":0,"circlet_count":0,"master_deck":["Strike_R","Strike_R","Strike_R","Strike_R","Defend_R","Defend_R","Defend_R","Defend_R","Bash+1","Hemokinesis+1","Iron Wave","Bloodletting+1","Pommel Strike","Pommel Strike","Dual Wield","Twin Strike","Evolve","Anger","Demon Form","Iron Wave+1","Rupture","Heavy Blade+1","Writhe","Thunderclap"],"special_seed":0,"relics":["Burning Blood","Smiling Mask","Ancient Tea Set","Paper Frog","Eternal Feather","Mercury Hourglass","Omamori"],"potions_floor_usage":[23,23],"damage_taken":[{"damage":9.0,"enemies":"Jaw Worm","floor":1.0,"turns":4.0},{"damage":6.0,"enemies":"Cultist","floor":5.0,"turns":3.0},{"damage":41.0,"enemies":"Lagavulin","floor":7.0,"turns":6.0},{"damage":5.0,"enemies":"Small Slimes","floor":10.0,"turns":2.0},{"damage":9.0,"enemies":"Blue Slaver","floor":11.0,"turns":3.0},{"damage":15.0,"enemies":"3 Sentries","floor":13.0,"turns":8.0},{"damage":3.0,"enemies":"Large Slime","floor":14.0,"turns":3.0},{"damage":39.0,"enemies":"The Guardian","floor":16.0,"turns":9.0},{"damage":11.0,"enemies":"3 Byrds","floor":18.0,"turns":7.0},{"damage":30.0,"enemies":"Spheric Guardian","floor":20.0,"turns":4.0},{"damage":36.0,"enemies":"Centurion and Healer","floor":22.0,"turns":6.0},{"damage":18,"enemies":"Book of Stabbing","floor":23,"turns":3},{"damage":13,"enemies":"Sentry and Sphere","floor":24,"turns":2}],"seed_played":"3150980799222806374","potions_obtained":[{"floor":7.0,"key":"Fire Potion"},{"floor":13.0,"key":"SkillPotion"},{"floor":16.0,"key":"SmokeBomb"},{"floor":20.0,"key":"GamblersBrew"}],"is_trial":false,"path_per_floor":["M","$","?","T","M","R","E","R","T","M","M","R","E","M","R","B",null,"M","$","M","?","M","E","M"],"character_chosen":"IRONCLAD","items_purchased":["Bloodletting","Mercury Hourglass","Rupture"],"campfire_rested":1,"item_purchase_floors":[2,19,19],"current_hp_per_floor":[77,77,77,77,77,77,42,42,42,43,40,40,31,34,58,25,80,75,75,51,51,21,9,0],"gold":98,"neow_bonus":"TRANSFORM_CARD","is_prod":false,"is_daily":false,"chose_seed":false,"campfire_upgraded":3,"win_rate":0,"timestamp":1563553794,"path_taken":["M","$","?","?","M","R","E","R","T","M","M","R","E","M","R","BOSS","M","$","M","?","M","E","M"],"build_version":"2019-07-17","purchased_purges":1,"victory":false,"max_hp_per_floor":[80,80,80,80,80,80,80,80,80,80,80,80,80,80,80,80,80,80,80,80,80,80,80,80],"card_choices":[{"not_picked":["Shrug It Off","Thunderclap"],"picked":"Iron Wave","floor":1.0},{"not_picked":["Anger","Sword Boomerang"],"picked":"Pommel Strike","floor":5.0},{"not_picked":["Sword Boomerang","Heavy Blade"],"picked":"Pommel Strike","floor":7.0},{"not_picked":["Heavy Blade","Feel No Pain"],"picked":"Dual Wield","floor":10.0},{"not_picked":["Pummel","Perfected Strike"],"picked":"Twin Strike","floor":11.0},{"not_picked":["True Grit","Anger"],"picked":"Evolve","floor":13.0},{"not_picked":["Pummel","Clothesline"],"picked":"Anger","floor":14.0},{"not_picked":["Exhume","Barricade"],"picked":"Demon Form","floor":16.0},{"not_picked":["Twin Strike","Second Wind+1"],"picked":"Iron Wave+1","floor":18.0},{"not_picked":["Feel No Pain","Corruption+1"],"picked":"Heavy Blade+1","floor":20.0},{"not_picked":["Sword Boomerang","Body Slam"],"picked":"Thunderclap","floor":22}],"player_experience":133781,"relics_obtained":[{"floor":4.0,"key":"Smiling Mask"},{"floor":7.0,"key":"Ancient Tea Set"},{"floor":13.0,"key":"Paper Frog"}],"event_choices":[{"damage_healed":0.0,"max_hp_gain":0.0,"max_hp_loss":0.0,"gold_gain":175.0,"event_name":"Liars Game","player_choice":"AGREE","floor":3.0,"gold_loss":0.0,"damage_taken":0.0,"cards_obtained":["Doubt"]},{"damage_healed":0.0,"max_hp_gain":0.0,"max_hp_loss":0.0,"gold_gain":0.0,"event_name":"The Mausoleum","player_choice":"Opened","floor":21.0,"gold_loss":0.0,"damage_taken":0.0,"relics_obtained":["Omamori"],"cards_obtained":["Writhe"]}],"is_beta":false,"boss_relics":[{"not_picked":["Tiny House","Coffee Dripper"],"picked":"Eternal Feather"}],"items_purged_floors":[19],"is_endless":false,"potions_floor_spawned":[7,13,16,20,23],"killed_by":"Sentry and Sphere","ascension_level":0}