{"gold_per_floor":[114,114,114,39,55,89,89,132,132,182,203,203,228,252,252,350,350,374,112,126,1,19,19,19,19,19,35,35,53,53,53,53,53],"floor_reached":33,"playtime":724,"items_purged":["Defend_P","Strike_P","Strike_P"],"score":518,"play_id":"2462fc19-661d-4764-8c47-d8e27fd0a422","local_time":"20190921222047","is_ascension_mode":true,"campfire_choices":[{"data":"Eruption","floor":7.0,"key":"SMITH"},{"data":"SandsOfTime","floor":12.0,"key":"SMITH"},{"data":"Vigilance","floor":15.0,"key":"SMITH"},{"data":"TalkToTheHand","floor":23,"key":"SMITH"},{"data":"MentalFortress","floor":25,"key":"SMITH"},{"data":"Defend_P","floor":32,"key":"SMITH"}],"neow_cost":"NONE","seed_source_timestamp":76123892578400,"circlet_count":0,"master_deck":["AscendersBane","Strike_P+1","Defend_P","Defend_P+1","Defend_P+1","Eruption+1","Vigilance+1","SandsOfTime+1","DeusExMachina","TalkToTheHand+1","MentalFortress+1","MentalFortress+1","DevaForm"],"special_seed":0,"relics":["PureWater","NeowsBlessing","Golden Idol","Prayer Wheel","Vajra","Eternal Feather","VioletLotus","MealTicket","Gremlin Horn"],"potions_floor_usage":[20,33,33],"damage_taken":[{"damage":0.0,"enemies":"Small Slimes","floor":1.0,"turns":1.0},{"damage":0.0,"enemies":"Jaw Worm","floor":5.0,"turns":1.0},{"damage":0.0,"enemies":"Lagavulin","floor":6.0,"turns":1.0},{"damage":12.0,"enemies":"Gremlin Nob","floor":8.0,"turns":4.0},{"damage":0.0,"enemies":"2 Louse","floor":11.0,"turns":2.0},{"damage":26.0,"enemies":"Gremlin Gang","floor":13.0,"turns":4.0},{"damage":0.0,"enemies":"Lots of Slimes","floor":14.0,"turns":2.0},{"damage":3.0,"enemies":"The Guardian","floor":16.0,"turns":7.0},{"damage":13.0,"enemies":"3 Byrds","floor":18.0,"turns":5.0},{"damage":14,"enemies":"2 Thieves","floor":20,"turns":4},{"damage":10,"enemies":"Centurion and Healer","floor":22,"turns":4},{"damage":2,"enemies":"Snecko","floor":27,"turns":6},{"damage":23,"enemies":"Cultist and Chosen","floor":29,"turns":7},{"damage":52,"enemies":"Collector","floor":33,"turns":3}],"seed_played":"-4335373130226286959","potions_obtained":[{"floor":5.0,"key":"EssenceOfSteel"},{"floor":13.0,"key":"Fire Potion"},{"floor":14.0,"key":"LiquidBronze"},{"floor":16.0,"key":"StancePotion"},{"floor":18.0,"key":"SpeedPotion"},{"floor":22,"key":"Energy Potion"}],"is_trial":false,"path_per_floor":["M","?","?","$","M","E","R","E","T","?","M","R","M","M","R","B",null,"M","$","M","$","M","R","?","R","T","M","?","M","$","?","R","B"],"character_chosen":"WATCHER","items_purchased":["MealTicket"],"campfire_rested":0,"item_purchase_floors":[19],"current_hp_per_floor":[55,55,38,38,38,38,38,26,26,21,21,27,1,1,7,4,42,29,29,15,30,20,26,26,32,32,30,30,7,22,22,28,0],"gold":53,"neow_bonus":"THREE_ENEMY_KILL","is_prod":false,"is_daily":false,"chose_seed":false,"campfire_upgraded":6,"win_rate":0,"timestamp":1569079247,"path_taken":["M","?","?","?","M","E","R","E","T","?","?","R","?","M","R","BOSS","M","$","?","$","M","R","?","R","T","M","?","M","?","?","R","BOSS"],"build_version":"2019-09-20","purchased_purges":3,"victory":false,"max_hp_per_floor":[61,55,55,55,55,55,55,55,55,55,55,55,55,55,55,55,55,55,55,55,55,55,55,55,55,55,55,55,55,55,55,55,55],"card_choices":[{"not_picked":["SashWhip","Sanctity","BowlingBash"],"picked":"SKIP","floor":1.0},{"not_picked":["WindmillStrike","Sanctity","Swivel"],"picked":"SKIP","floor":5.0},{"not_picked":["Prostrate","EmptyFist","InnerPeace"],"picked":"SKIP","floor":6.0},{"not_picked":["FollowUp","BowlingBash","ClearTheMind"],"picked":"SKIP","floor":8.0},{"not_picked":["Consecrate","TalkToTheHand"],"picked":"SandsOfTime","floor":11.0},{"not_picked":["Halt","ForeignInfluence","WindmillStrike"],"picked":"SKIP","floor":11.0},{"not_picked":["FearNoEvil","SashWhip","Devotion"],"picked":"SKIP","floor":13.0},{"not_picked":["JustLucky","BowlingBash","FlurryOfBlows"],"picked":"SKIP","floor":13.0},{"not_picked":["Devotion","Weave","Consecrate"],"picked":"SKIP","floor":14.0},{"not_picked":["CutThroughFate","JustLucky","BowlingBash"],"picked":"SKIP","floor":14.0},{"not_picked":["SignatureMove","Wish"],"picked":"DeusExMachina","floor":16.0},{"not_picked":["EmptyFist+1","EmptyBody"],"picked":"TalkToTheHand","floor":18.0},{"not_picked":["Halt","EmptyFist","Crescendo"],"picked":"SKIP","floor":18.0},{"not_picked":["Worship+1","SashWhip"],"picked":"MentalFortress","floor":20},{"not_picked":["Conclude","Meditate","Weave+1"],"picked":"SKIP","floor":20},{"not_picked":["WindmillStrike","FlowState","Scrawl"],"picked":"SKIP","floor":22},{"not_picked":["FlowState+1","ClearTheMind","FlyingSleeves"],"picked":"SKIP","floor":22},{"not_picked":["SandsOfTime","Sanctity","Establishment"],"picked":"SKIP","floor":27},{"not_picked":["FlurryOfBlows","JustLucky","EmptyFist"],"picked":"SKIP","floor":27},{"not_picked":["ThirdEye","FlyingSleeves"],"picked":"MentalFortress","floor":29},{"not_picked":["ThirdEye","ClearTheMind"],"picked":"DevaForm","floor":29}],"player_experience":1127993,"relics_obtained":[{"floor":6.0,"key":"Prayer Wheel"},{"floor":8.0,"key":"Vajra"},{"floor":9.0,"key":"Eternal Feather"},{"floor":26,"key":"Gremlin Horn"}],"event_choices":[{"damage_healed":0.0,"max_hp_gain":0.0,"max_hp_loss":6.0,"gold_gain":0.0,"event_name":"Golden Idol","player_choice":"Lose Max HP","floor":2.0,"gold_loss":0.0,"damage_taken":0.0,"relics_obtained":["Golden Idol"]},{"damage_healed":0.0,"max_hp_gain":0.0,"max_hp_loss":0.0,"gold_gain":0.0,"event_name":"Shining Light","player_choice":"Entered Light","floor":3.0,"gold_loss":0.0,"damage_taken":17.0,"cards_upgraded":["Defend_P","Strike_P"]},{"damage_healed":0.0,"max_hp_gain":0.0,"max_hp_loss":0.0,"gold_gain":50.0,"event_name":"FaceTrader","player_choice":"Touch","floor":10.0,"gold_loss":0.0,"damage_taken":5.0},{"damage_healed":0,"gold_gain":0,"player_choice":"Ignored","damage_taken":0,"max_hp_gain":0,"max_hp_loss":0,"event_name":"The Mausoleum","floor":24,"gold_loss":0},{"cards_removed":["Strike_P"],"damage_healed":0,"gold_gain":0,"player_choice":"Elegance","damage_taken":0,"max_hp_gain":0,"max_hp_loss":0,"event_name":"Back to Basics","floor":28,"gold_loss":0},{"damage_healed":0,"gold_gain":0,"player_choice":"Forge","damage_taken":0,"max_hp_gain":0,"max_hp_loss":0,"event_name":"Accursed Blacksmith","floor":31,"gold_loss":0,"cards_upgraded":["MentalFortress"]}],"is_beta":true,"boss_relics":[{"not_picked":["Cursed Key","SacredBark"],"picked":"VioletLotus"}],"items_purged_floors":[4,19,21],"is_endless":false,"potions_floor_spawned":[5,13,14,16,18,22,27],"killed_by":"Collector","ascension_level":17}