{"gold_per_floor":[112,129,54,54,65,65,96,96,176,176,196,212,240,240,240,240],"floor_reached":16,"playtime":7857,"items_purged":["Strike_R"],"score":160,"play_id":"8e412a95-63ef-4872-afc1-c3974d10ebe1","local_time":"20180929145127","is_ascension_mode":true,"campfire_choices":[{"data":"Pommel Strike","floor":6,"key":"SMITH"},{"floor":8,"key":"REST"},{"data":"Defend_R","floor":10,"key":"SMITH"},{"data":"Carnage","floor":15,"key":"SMITH"}],"neow_cost":"NONE","seed_source_timestamp":354598327047871,"circlet_count":0,"master_deck":["Strike_R","Strike_R","Strike_R","Defend_R","Defend_R","Defend_R","Defend_R+1","Bash","Evolve","Iron Wave","Pommel Strike+1","Cleave","Carnage+1","Shrug It Off","Impervious"],"relics":["Burning Blood","Smiling Mask","Bottled Lightning","Juzu Bracelet"],"potions_floor_usage":[13,16,16],"damage_taken":[{"damage":1,"enemies":"2 Louse","floor":1,"turns":3},{"damage":9,"enemies":"Jaw Worm","floor":2,"turns":5},{"damage":0,"enemies":"Cultist","floor":5,"turns":3},{"damage":53,"enemies":"Lagavulin","floor":7,"turns":8},{"damage":6,"enemies":"Exordium Wildlife","floor":11,"turns":4},{"damage":3,"enemies":"Blue Slaver","floor":12,"turns":4},{"damage":19,"enemies":"Gremlin Nob","floor":13,"turns":4},{"damage":61,"enemies":"Hexaghost","floor":16,"turns":12}],"seed_played":"8024399833539777244","potions_obtained":[{"floor":5,"key":"BloodPotion"},{"floor":7,"key":"Poison Potion"},{"floor":13,"key":"Dexterity Potion"}],"is_trial":false,"path_per_floor":["M","M","$","?","M","R","E","R","T","R","M","M","E","?","R"],"character_chosen":"IRONCLAD","items_purchased":[],"campfire_rested":1,"item_purchase_floors":[],"current_hp_per_floor":[77,74,74,79,85,85,38,63,63,63,63,66,53,53,53,0],"gold":240,"neow_bonus":"TRANSFORM_CARD","is_prod":false,"is_daily":false,"chose_seed":false,"campfire_upgraded":3,"win_rate":0,"timestamp":1538250687,"path_taken":["M","M","$","?","?","R","E","R","T","R","M","M","E","?","R","BOSS"],"build_version":"2018-09-27","purchased_purges":1,"victory":false,"max_hp_per_floor":[80,80,80,85,85,85,85,85,85,85,85,85,85,85,85,85],"card_choices":[{"not_picked":["Sword Boomerang","Body Slam"],"picked":"Iron Wave","floor":1},{"not_picked":["Clash","Flex"],"picked":"Pommel Strike","floor":2},{"not_picked":["Armaments","Perfected Strike"],"picked":"Cleave","floor":5},{"not_picked":["Sword Boomerang","Burning Pact","Heavy Blade"],"picked":"SKIP","floor":7},{"not_picked":["Iron Wave","Feel No Pain"],"picked":"Carnage","floor":11},{"not_picked":["Sword Boomerang","Dropkick"],"picked":"Shrug It Off","floor":12},{"not_picked":["Sever Soul","Armaments"],"picked":"Impervious","floor":13}],"player_experience":668388,"relics_obtained":[{"floor":7,"key":"Smiling Mask"},{"floor":9,"key":"Bottled Lightning"},{"floor":13,"key":"Juzu Bracelet"}],"event_choices":[{"event_name":"Big Fish","player_choice":"Donut","floor":4,"damage_taken":0},{"event_name":"Liars Game","player_choice":"disagreed","floor":14,"damage_taken":0}],"is_beta":false,"boss_relics":[],"items_purged_floors":[3],"is_endless":false,"potions_floor_spawned":[5,7,13],"killed_by":"Hexaghost","ascension_level":9}