{"gold_per_floor":[109,109,117,17,17,43,55,55,99,99,99,147,158,180,180],"floor_reached":15,"playtime":235,"items_purged":["Defend_P"],"score":293,"play_id":"b06dfb6e-780a-4486-92be-3b373e3dcf08","local_time":"20190927024513","is_ascension_mode":true,"campfire_choices":[{"data":"Eruption","floor":11,"key":"SMITH"}],"neow_cost":"NONE","seed_source_timestamp":341496167844600,"circlet_count":0,"master_deck":["Strike_P","Strike_P","Strike_P","Strike_P","Defend_P","Defend_P","Defend_P","Eruption+1","Vigilance","AscMod:ascendersbane","Protect"],"special_seed":0,"relics":["PureWater","NeowsBlessing","Toy Ornithopter","Art of War","SsserpentHead","TungstenRod"],"potions_floor_usage":[13,14,14],"damage_taken":[{"damage":0.0,"enemies":"Jaw Worm","floor":1.0,"turns":1.0},{"damage":0,"enemies":"Cultist","floor":3,"turns":1},{"damage":0,"enemies":"Lagavulin","floor":6,"turns":1},{"damage":0,"enemies":"Small Slimes","floor":7,"turns":4},{"damage":3,"enemies":"2 Fungi Beasts","floor":12,"turns":4},{"damage":27,"enemies":"Exordium Thugs","floor":13,"turns":5},{"damage":2,"enemies":"3 Sentries","floor":14,"turns":4}],"seed_played":"925500209919430425","potions_obtained":[{"floor":3,"key":"Fire Potion"},{"floor":12,"key":"AttackPotion"},{"floor":13,"key":"AttackPotion"}],"is_trial":false,"path_per_floor":["M","?","M","$","?","E","M","?","T","?","R","M","M","E","R"],"character_chosen":"WATCHER","items_purchased":[],"campfire_rested":0,"item_purchase_floors":[],"current_hp_per_floor":[55,55,55,55,59,59,59,59,59,59,59,56,33,39,39],"gold":180,"neow_bonus":"THREE_ENEMY_KILL","is_prod":false,"is_daily":false,"chose_seed":false,"campfire_upgraded":1,"win_rate":0,"timestamp":1569527113,"path_taken":["M","?","?","$","?","E","M","?","T","?","R","?","M","E","R"],"build_version":"2019-09-25","purchased_purges":1,"victory":false,"max_hp_per_floor":[61,61,61,61,66,66,66,66,66,66,66,66,66,66,66],"card_choices":[{"not_picked":["Vengeance","ClearTheMind"],"picked":"Protect","floor":1.0},{"not_picked":["JustLucky","FlyingSleeves","ClearTheMind"],"picked":"SKIP","floor":3},{"not_picked":["JustLucky","Wireheading","Consecrate"],"picked":"SKIP","floor":6},{"not_picked":["Vengeance","PathToVictory","CutThroughFate"],"picked":"SKIP","floor":7},{"not_picked":["Vengeance","CrushJoints","Crescendo"],"picked":"SKIP","floor":12},{"not_picked":["Halt","Devotion","Perseverance"],"picked":"SKIP","floor":13},{"not_picked":["Fasting","CutThroughFate","Protect"],"picked":"SKIP","floor":14}],"player_experience":1166373,"relics_obtained":[{"floor":6,"key":"Toy Ornithopter"},{"floor":9,"key":"Art of War"},{"floor":14,"key":"TungstenRod"}],"event_choices":[{"damage_healed":0,"gold_gain":0,"player_choice":"0 cards matched","damage_taken":0,"max_hp_gain":0,"max_hp_loss":0,"event_name":"Match and Keep!","floor":2,"gold_loss":0,"cards_obtained":[]},{"damage_healed":0,"gold_gain":0,"player_choice":"Donut","damage_taken":0,"max_hp_gain":5,"max_hp_loss":0,"event_name":"Big Fish","floor":5,"gold_loss":0},{"damage_healed":0,"gold_gain":0,"player_choice":"Ignored","damage_taken":0,"max_hp_gain":0,"max_hp_loss":0,"event_name":"Liars Game","floor":8,"gold_loss":0},{"damage_healed":0,"gold_gain":0,"player_choice":"Trade","damage_taken":0,"relics_obtained":["SsserpentHead"],"max_hp_gain":0,"max_hp_loss":0,"event_name":"FaceTrader","floor":10,"gold_loss":0}],"is_beta":true,"boss_relics":[],"items_purged_floors":[4],"is_endless":false,"potions_floor_spawned":[3,12,13],"ascension_level":25}