{"gold_per_floor":[115,40,59,59,159,159,179,194,220,220,255,270,270,280,280,381,381,396,414,194,194,209,209,242,242,268,268,28,28,41,57,57,154,154,171,171,171,184,204,204,223,223,223,223,29,55,74,0,0,0],"floor_reached":50,"playtime":3190,"items_purged":["Shame"],"score":566,"play_id":"161732eb-9587-4103-bfc7-49f495527ae7","local_time":"20190924031939","is_ascension_mode":true,"campfire_choices":[{"floor":6,"key":"REST"},{"data":"Armaments","floor":10,"key":"SMITH"},{"floor":15,"key":"REST"},{"data":"Rupture","floor":23,"key":"SMITH"},{"data":"Rage","floor":25,"key":"SMITH"},{"data":"Anger","floor":27,"key":"SMITH"},{"floor":29,"key":"REST"},{"data":"Bloodletting","floor":32,"key":"SMITH"},{"floor":40,"key":"REST"},{"floor":42,"key":"REST"},{"data":"Dark Embrace","floor":44,"key":"SMITH"},{"data":"Offering","floor":49,"key":"SMITH"}],"neow_cost":"CURSE","seed_source_timestamp":992714946221400,"circlet_count":0,"master_deck":["Strike_R+1","Defend_R","Defend_R","Defend_R","Defend_R","Corruption","Armaments+1","Burning Pact","Anger+1","Reaper","Cleave","Offering+1","Entrench+1","Hemokinesis+1","Intimidate+1","Rage+1","Thunderclap+1","Inflame","Rupture+1","Carnage+1","Bloodletting+1","Sever Soul+1","Dark Embrace+1","Madness","Anger+1","Dual Wield+1","Parasite","Bloodletting+1","Injury","Warcry","Infernal Blade+1"],"relics":["Burning Blood","Centennial Puzzle","Potion Belt","Astrolabe","Strawberry","Ancient Tea Set","Bronze Scales","Bottled Tornado","Cursed Key","Ornamental Fan","Orichalcum","Molten Egg 2","Red Mask"],"potions_floor_usage":[12,16,22,33,33,33,33,41,47],"damage_taken":[{"damage":20,"enemies":"Jaw Worm","floor":1,"turns":4},{"damage":1,"enemies":"Cultist","floor":3,"turns":3},{"damage":0,"enemies":"2 Louse","floor":7,"turns":3},{"damage":19,"enemies":"Exordium Wildlife","floor":8,"turns":6},{"damage":25,"enemies":"Gremlin Nob","floor":11,"turns":4},{"damage":28,"enemies":"Exordium Thugs","floor":12,"turns":4},{"damage":8,"enemies":"Large Slime","floor":14,"turns":7},{"damage":43,"enemies":"The Guardian","floor":16,"turns":11},{"damage":16,"enemies":"Chosen","floor":18,"turns":4},{"damage":23,"enemies":"2 Thieves","floor":19,"turns":4},{"damage":25,"enemies":"Chosen and Byrds","floor":22,"turns":6},{"damage":30,"enemies":"Gremlin Leader","floor":24,"turns":7},{"damage":17,"enemies":"Snake Plant","floor":30,"turns":3},{"damage":14,"enemies":"Sentry and Sphere","floor":31,"turns":3},{"damage":38,"enemies":"Champ","floor":33,"turns":6},{"damage":5,"enemies":"Orb Walker","floor":35,"turns":2},{"damage":14,"enemies":"3 Darklings","floor":38,"turns":2},{"damage":47,"enemies":"Maw","floor":39,"turns":8},{"damage":36,"enemies":"Writhing Mass","floor":41,"turns":5},{"damage":28,"enemies":"Reptomancer","floor":46,"turns":6},{"damage":9,"enemies":"Jaw Worm Horde","floor":47,"turns":3},{"damage":123,"enemies":"Donu and Deca","floor":50,"turns":6}],"seed_played":"-6285184729336464705","potions_obtained":[{"floor":3,"key":"Ancient Potion"},{"floor":8,"key":"SteroidPotion"},{"floor":11,"key":"Regen Potion"},{"floor":14,"key":"AttackPotion"},{"floor":19,"key":"SkillPotion"},{"floor":30,"key":"Strength Potion"},{"floor":31,"key":"EssenceOfSteel"},{"floor":39,"key":"GamblersBrew"},{"floor":41,"key":"SpeedPotion"}],"is_trial":false,"path_per_floor":["M","$","M","?","?","R","M","M","T","R","E","M","?","M","R","B",null,"M","M","$","?","M","R","E","R","T","R","$","R","M","M","R","B",null,"M","?","?","M","M","R","M","R","T","R","$","E","M","?","R","B"],"character_chosen":"IRONCLAD","items_purchased":["Strawberry","Inflame","Bottled Tornado","Orichalcum","Warcry"],"campfire_rested":5,"item_purchase_floors":[20,20,28,45,45],"current_hp_per_floor":[82,82,87,68,68,96,96,83,83,83,64,50,43,46,74,37,96,91,82,89,89,76,76,63,63,63,63,63,93,86,83,83,69,103,103,103,103,102,68,98,72,102,102,102,102,89,101,101,101,0],"gold":0,"neow_bonus":"TWENTY_PERCENT_HP_BONUS","is_prod":false,"is_daily":false,"chose_seed":false,"campfire_upgraded":7,"win_rate":0,"timestamp":1569309579,"path_taken":["M","$","M","?","?","R","M","?","T","R","E","M","?","M","R","BOSS","M","M","$","?","M","R","E","R","T","R","$","R","M","M","R","BOSS","M","?","?","M","M","R","M","R","T","R","$","E","M","?","R","BOSS"],"build_version":"2019-07-17","purchased_purges":1,"victory":false,"max_hp_per_floor":[96,96,96,96,96,96,96,96,96,96,96,96,96,96,96,96,96,96,96,103,103,103,103,103,103,103,103,103,103,103,103,103,103,103,103,103,103,103,103,103,103,103,103,103,103,103,103,103,103,103],"card_choices":[{"not_picked":["Headbutt","Searing Blow"],"picked":"Corruption","floor":1},{"not_picked":["Clothesline","Power Through"],"picked":"Armaments","floor":3},{"not_picked":["Bloodletting","Ghostly Armor"],"picked":"Burning Pact","floor":7},{"not_picked":["Body Slam","Cleave"],"picked":"Anger","floor":8},{"not_picked":["Shrug It Off","Flex"],"picked":"Reaper","floor":11},{"not_picked":["Intimidate","Combust","Bloodletting"],"picked":"SKIP","floor":12},{"not_picked":["Wild Strike","Thunderclap"],"picked":"Cleave","floor":14},{"not_picked":["Impervious","Limit Break"],"picked":"Offering","floor":16},{"not_picked":["Clothesline","Thunderclap"],"picked":"Rage","floor":18},{"not_picked":["Clash","True Grit"],"picked":"Thunderclap+1","floor":19},{"not_picked":["Body Slam+1","Sword Boomerang+1"],"picked":"Carnage+1","floor":22},{"not_picked":["Flame Barrier","Twin Strike+1"],"picked":"Bloodletting","floor":24},{"not_picked":["True Grit+1","Body Slam","Warcry"],"picked":"SKIP","floor":30},{"not_picked":["Reckless Charge","Armaments"],"picked":"Sever Soul+1","floor":31},{"not_picked":["Fiend Fire","Impervious"],"picked":"Dark Embrace","floor":33},{"not_picked":["Iron Wave","Armaments+1","Cleave+1"],"picked":"SKIP","floor":35},{"not_picked":["Jack Of All Trades","Trip"],"picked":"Madness","floor":36},{"not_picked":["Armaments","Uppercut"],"picked":"Anger+1","floor":38},{"not_picked":["Power Through","Headbutt"],"picked":"Dual Wield+1","floor":39},{"not_picked":["Clash","Headbutt"],"picked":"Bloodletting+1","floor":41},{"not_picked":["Clash+1","Armaments"],"picked":"Infernal Blade+1","floor":46},{"not_picked":["Entrench+1","Flex","Thunderclap+1"],"picked":"SKIP","floor":47}],"player_experience":58626,"relics_obtained":[{"floor":9,"key":"Centennial Puzzle"},{"floor":11,"key":"Potion Belt"},{"floor":24,"key":"Ancient Tea Set"},{"floor":26,"key":"Bronze Scales"},{"floor":43,"key":"Ornamental Fan"},{"floor":46,"key":"Molten Egg 2"}],"event_choices":[{"damage_healed":0,"gold_gain":0,"player_choice":"Entered Light","damage_taken":19,"max_hp_gain":0,"max_hp_loss":0,"event_name":"Shining Light","floor":4,"gold_loss":0,"cards_upgraded":["Strike_R","Strike_R"]},{"damage_healed":0,"gold_gain":100,"player_choice":"Gold","damage_taken":0,"max_hp_gain":0,"max_hp_loss":0,"event_name":"Wheel of Change","floor":5,"gold_loss":0},{"cards_removed":["Strike_R"],"damage_healed":0,"gold_gain":0,"player_choice":"Card Removal","damage_taken":7,"max_hp_gain":0,"max_hp_loss":0,"event_name":"Golden Wing","floor":13,"gold_loss":0},{"damage_healed":0,"gold_gain":0,"player_choice":"Read","damage_taken":0,"max_hp_gain":0,"max_hp_loss":0,"event_name":"The Library","floor":21,"gold_loss":0,"cards_obtained":["Rupture"]},{"damage_healed":0,"gold_gain":0,"player_choice":"Memory 1","damage_taken":0,"max_hp_gain":0,"max_hp_loss":0,"event_name":"SensoryStone","floor":36,"gold_loss":0},{"cards_removed":["Bash"],"damage_healed":0,"gold_gain":0,"player_choice":"Removed Attack","damage_taken":0,"max_hp_gain":0,"max_hp_loss":0,"event_name":"Falling","floor":37,"gold_loss":0},{"damage_healed":0,"gold_gain":0,"player_choice":"Paid","damage_taken":0,"relics_obtained":["Red Mask"],"max_hp_gain":0,"max_hp_loss":0,"event_name":"Tomb of Lord Red Mask","floor":48,"gold_loss":74}],"is_beta":false,"boss_relics":[{"not_picked":["Velvet Choker","Busted Crown"],"picked":"Astrolabe"},{"not_picked":["White Beast Statue","Tiny House"],"picked":"Cursed Key"}],"items_purged_floors":[2],"is_endless":false,"potions_floor_spawned":[3,8,11,14,19,30,31,39,41],"killed_by":"Donu and Deca","ascension_level":2}