{"gold_per_floor":[109,6,6,24,24,56,73,84,84,95,108,123,69,80,80,182,182,192,192,192,38,33,33,48,48,48,48,83,101,112,124,124,124],"floor_reached":33,"playtime":2328,"items_purged":[],"score":472,"play_id":"4318c5a4-a8ab-4fe2-b00f-37b1aa3917d3","local_time":"20190927183023","is_ascension_mode":true,"campfire_choices":[{"data":"Coolheaded","floor":15,"key":"SMITH"},{"floor":23,"key":"REST"},{"floor":25,"key":"REST"},{"floor":32,"key":"REST"}],"neow_cost":"NONE","seed_source_timestamp":27393265058300,"circlet_count":0,"master_deck":["AscendersBane","Strike_B","Strike_B","Strike_B","Strike_B","Defend_B","Defend_B","Defend_B","Zap","Dualcast","Storm","Hologram","Chill","Consume","Conserve Battery","Static Discharge","Cold Snap","Coolheaded+1","Conserve Battery","FTL","Biased Cognition","Undo","Defragment","White Noise","Loop","Capacitor","Chill","Gash"],"relics":["Cracked Core","NeowsBlessing","Thread and Needle","Shuriken","Pear","Fusion Hammer","Pocketwatch","Art of War"],"potions_floor_usage":[10,16],"damage_taken":[{"damage":0,"enemies":"Small Slimes","floor":1,"turns":1},{"damage":0,"enemies":"Cultist","floor":4,"turns":1},{"damage":0,"enemies":"Gremlin Nob","floor":6,"turns":1},{"damage":5,"enemies":"Jaw Worm","floor":7,"turns":4},{"damage":0,"enemies":"3 Louse","floor":8,"turns":4},{"damage":12,"enemies":"Lots of Slimes","floor":10,"turns":5},{"damage":0,"enemies":"Exordium Thugs","floor":11,"turns":4},{"damage":6,"enemies":"Blue Slaver","floor":12,"turns":4},{"damage":0,"enemies":"Red Slaver","floor":14,"turns":6},{"damage":7,"enemies":"The Guardian","floor":16,"turns":15},{"damage":8,"enemies":"3 Byrds","floor":18,"turns":6},{"damage":23,"enemies":"2 Thieves","floor":22,"turns":5},{"damage":29,"enemies":"Chosen and Byrds","floor":24,"turns":9},{"damage":38,"enemies":"Book of Stabbing","floor":28,"turns":7},{"damage":0,"enemies":"Snecko","floor":29,"turns":7},{"damage":0,"enemies":"Centurion and Healer","floor":30,"turns":11},{"damage":11,"enemies":"Snake Plant","floor":31,"turns":5},{"damage":68,"enemies":"Collector","floor":33,"turns":6}],"seed_played":"-1989741406129516787","potions_obtained":[{"floor":4,"key":"Fruit Juice"},{"floor":11,"key":"AttackPotion"},{"floor":12,"key":"FearPotion"},{"floor":14,"key":"SmokeBomb"},{"floor":24,"key":"SmokeBomb"},{"floor":31,"key":"Dexterity Potion"}],"is_trial":false,"path_per_floor":["M","$","?","M","?","E","M","M","T","M","M","M","$","M","R","B",null,"M","?","?","$","M","R","M","R","T","$","E","M","M","M","R","B"],"character_chosen":"DEFECT","items_purchased":["Storm","Hologram","Conserve Battery","Defragment","White Noise"],"campfire_rested":3,"item_purchase_floors":[2,2,13,21,21],"current_hp_per_floor":[68,68,56,56,56,56,51,51,61,54,54,48,48,48,48,41,78,70,70,70,70,47,74,45,72,72,72,34,34,34,23,50,0],"gold":124,"neow_bonus":"THREE_ENEMY_KILL","is_prod":false,"is_daily":false,"chose_seed":false,"campfire_upgraded":1,"win_rate":0,"timestamp":1569601823,"path_taken":["M","$","?","M","?","E","?","M","T","M","M","M","$","M","R","BOSS","M","?","?","$","?","R","M","R","T","?","E","M","M","M","R","BOSS"],"build_version":"2019-07-17","purchased_purges":0,"victory":false,"max_hp_per_floor":[75,75,75,75,75,75,75,75,85,90,90,90,90,90,90,90,90,90,90,90,90,90,90,90,90,90,90,90,90,90,90,90,90],"card_choices":[{"not_picked":["Sweeping Beam","Stack","Leap"],"picked":"SKIP","floor":1},{"not_picked":["Melter","Go for the Eyes"],"picked":"Chill","floor":4},{"not_picked":["Auto Shields","Sunder","Compile Driver"],"picked":"SKIP","floor":6},{"not_picked":["Chaos","Leap"],"picked":"Consume","floor":7},{"not_picked":["Compile Driver","Streamline"],"picked":"Conserve Battery","floor":8},{"not_picked":["Consume","Recycle"],"picked":"Static Discharge","floor":10},{"not_picked":["Sweeping Beam","Chill"],"picked":"Cold Snap","floor":11},{"not_picked":["Fission","Hologram"],"picked":"Coolheaded","floor":12},{"not_picked":["Rip and Tear","Sweeping Beam"],"picked":"FTL","floor":14},{"not_picked":["Buffer","Machine Learning"],"picked":"Biased Cognition","floor":16},{"not_picked":["Streamline","Go for the Eyes"],"picked":"Undo","floor":18},{"not_picked":["Streamline","Stack"],"picked":"Loop","floor":22},{"not_picked":["Genetic Algorithm+1","Fusion+1","Lockon"],"picked":"SKIP","floor":24},{"not_picked":["Redo","Leap+1"],"picked":"Capacitor","floor":28},{"not_picked":["Tempest","Fusion","Biased Cognition"],"picked":"SKIP","floor":29},{"not_picked":["Auto Shields","Conserve Battery"],"picked":"Chill","floor":30},{"not_picked":["Stack","Turbo"],"picked":"Gash","floor":31}],"player_experience":404481,"relics_obtained":[{"floor":6,"key":"Shuriken"},{"floor":9,"key":"Pear"},{"floor":26,"key":"Pocketwatch"},{"floor":28,"key":"Art of War"}],"event_choices":[{"damage_healed":0,"gold_gain":0,"player_choice":"Success","damage_taken":12,"relics_obtained":["Thread and Needle"],"max_hp_gain":0,"max_hp_loss":0,"event_name":"Scrap Ooze","floor":3,"gold_loss":0},{"cards_removed":["Defend_B"],"damage_healed":0,"gold_gain":0,"player_choice":"Offered Basic","damage_taken":0,"max_hp_gain":0,"max_hp_loss":0,"event_name":"Bonfire Elementals","floor":5,"gold_loss":0},{"damage_healed":0,"gold_gain":0,"player_choice":"Ignored","damage_taken":0,"max_hp_gain":0,"max_hp_loss":0,"event_name":"Ghosts","floor":19,"gold_loss":0},{"damage_healed":0,"gold_gain":0,"player_choice":"Bought 0 Potions","damage_taken":0,"max_hp_gain":0,"max_hp_loss":0,"event_name":"The Woman in Blue","floor":20,"gold_loss":0}],"is_beta":false,"boss_relics":[{"not_picked":["Calling Bell","Tiny House"],"picked":"Fusion Hammer"}],"items_purged_floors":[],"is_endless":false,"potions_floor_spawned":[4,11,12,14,24,28,31],"killed_by":"Collector","ascension_level":10}