{"gold_per_floor":[112,187,52,62,62,62,94,114,114,140,152,189,213,250,262,274],"floor_reached":16,"playtime":481,"items_purged":[],"score":290,"play_id":"bf8e9e7f-5bf5-402a-8733-cb4a722d175f","local_time":"20190928161051","is_ascension_mode":true,"campfire_choices":[{"data":"Inflame","floor":6.0,"key":"SMITH"},{"data":"Spot Weakness","floor":11.0,"key":"SMITH"},{"floor":15.0,"key":"REST"}],"neow_cost":"NONE","seed_source_timestamp":1007690480303600,"circlet_count":0,"master_deck":["AscendersBane","Strike_R","Strike_R","Strike_R","Strike_R","Defend_R","Defend_R","Defend_R","Defend_R","Bash","Disarm","Fiend Fire","Inflame+1","Metallicize","Spot Weakness+1","Headbutt","Reaper","Sword Boomerang"],"special_seed":0,"relics":["Burning Blood","NeowsBlessing","Dodecahedron","MawBank","Gremlin Horn","Oddly Smooth Stone"],"potions_floor_usage":[],"damage_taken":[{"damage":0.0,"enemies":"Small Slimes","floor":1.0,"turns":1.0},{"damage":0.0,"enemies":"Jaw Worm","floor":4.0,"turns":1.0},{"damage":0.0,"enemies":"Lagavulin","floor":7.0,"turns":2.0},{"damage":0.0,"enemies":"Cultist","floor":8.0,"turns":3.0},{"damage":10.0,"enemies":"Large Slime","floor":10.0,"turns":5.0},{"damage":41.0,"enemies":"3 Sentries","floor":12.0,"turns":6.0},{"damage":25.0,"enemies":"Blue Slaver","floor":13.0,"turns":11.0},{"damage":63.0,"enemies":"Gremlin Nob","floor":14.0,"turns":6.0},{"damage":51,"enemies":"Hexaghost","floor":16,"turns":11}],"seed_played":"4220118302387602517","potions_obtained":[{"floor":7.0,"key":"LiquidBronze"},{"floor":10.0,"key":"Fruit Juice"},{"floor":13.0,"key":"SpeedPotion"},{"floor":14.0,"key":"Energy Potion"}],"is_trial":false,"path_per_floor":["M","?","$","M","?","R","E","M","T","M","R","E","M","E","R","B"],"character_chosen":"IRONCLAD","items_purchased":["Fiend Fire","BloodPotion"],"campfire_rested":1,"item_purchase_floors":[3,3],"current_hp_per_floor":[74,63,63,69,69,69,75,75,75,76,76,57,55,9,33,0],"gold":274,"neow_bonus":"THREE_ENEMY_KILL","is_prod":false,"is_daily":false,"chose_seed":false,"campfire_upgraded":2,"win_rate":0,"timestamp":1569712251,"path_taken":["M","?","$","M","?","R","E","M","T","M","R","E","M","E","R","BOSS"],"build_version":"2019-09-27","purchased_purges":0,"victory":false,"max_hp_per_floor":[75,75,75,75,75,75,75,75,75,80,80,80,80,80,80,80],"card_choices":[{"not_picked":["Clothesline","Dual Wield"],"picked":"Disarm","floor":1.0},{"not_picked":["Twin Strike","Pommel Strike"],"picked":"Inflame","floor":4.0},{"not_picked":["Seeing Red","Havoc"],"picked":"Metallicize","floor":7.0},{"not_picked":["Anger","Twin Strike"],"picked":"Spot Weakness","floor":8.0},{"not_picked":["Reckless Charge","Pommel Strike"],"picked":"Headbutt","floor":10.0},{"not_picked":["Perfected Strike","Clash"],"picked":"Reaper","floor":12.0},{"not_picked":["Havoc","Rampage","Burning Pact"],"picked":"SKIP","floor":13.0},{"not_picked":["Shockwave","Twin Strike"],"picked":"Sword Boomerang","floor":14.0}],"player_experience":1103249,"relics_obtained":[{"floor":7.0,"key":"Dodecahedron"},{"floor":9.0,"key":"MawBank"},{"floor":12.0,"key":"Gremlin Horn"},{"floor":14.0,"key":"Oddly Smooth Stone"}],"event_choices":[{"damage_healed":0.0,"max_hp_gain":0.0,"max_hp_loss":0.0,"gold_gain":75.0,"event_name":"World of Goop","player_choice":"Gather Gold","floor":2.0,"gold_loss":0.0,"damage_taken":11.0},{"cards_removed":["Strike_R"],"damage_healed":0.0,"max_hp_gain":0.0,"max_hp_loss":0.0,"gold_gain":0.0,"event_name":"Bonfire Elementals","player_choice":"Offered Basic","floor":5.0,"gold_loss":0.0,"damage_taken":0.0}],"is_beta":true,"boss_relics":[],"items_purged_floors":[],"is_endless":false,"potions_floor_spawned":[7,10,13,14],"killed_by":"Hexaghost","ascension_level":20}