{"gold_per_floor":[110,130,4,4,4,4,38,38,38,38,48,48,48,75,75,149,149,167,179,179,199,124,124,138,138,138,168,168,168,182,193,193,265,265,278,278,278,291,291,291,317,335,359,74,74,88,88,88,88,88,88],"floor_reached":52,"playtime":1444,"items_purged":["Strike_R+1"],"score":1962,"play_id":"4682ff15-38ec-46c9-beba-0c3ffea8c07a","local_time":"20190804023351","is_ascension_mode":true,"campfire_choices":[{"data":"Whirlwind","floor":6.0,"key":"SMITH"},{"data":"Disarm","floor":8.0,"key":"SMITH"},{"data":"Bash","floor":10.0,"key":"SMITH"},{"data":"Spot Weakness","floor":12.0,"key":"SMITH"},{"data":"Battle Trance","floor":15.0,"key":"SMITH"},{"data":"True Grit","floor":23.0,"key":"SMITH"},{"data":"Shockwave","floor":25.0,"key":"SMITH"},{"data":"Offering","floor":29.0,"key":"SMITH"},{"data":"Impervious","floor":32.0,"key":"SMITH"},{"data":"Defend_R","floor":40.0,"key":"SMITH"},{"data":"Offering","floor":45.0,"key":"SMITH"},{"floor":49.0,"key":"REST"}],"neow_cost":"NONE","seed_source_timestamp":738590334424361,"circlet_count":0,"master_deck":["AscendersBane","Strike_R+1","Defend_R","Defend_R","Defend_R+1","Bash+1","Whirlwind+1","Disarm+1","Spot Weakness+1","Battle Trance+1","Double Tap+1","Shockwave+1","True Grit+1","Offering+1","Inflame+1","Impervious+1","Disarm+1","Offering+1","Madness","Madness"],"special_seed":0,"relics":["Burning Blood","NeowsBlessing","Sundial","Darkstone Periapt","Vajra","Runic Pyramid","Enchiridion","Kunai","Juzu Bracelet","Empty Cage","Mercury Hourglass","Centennial Puzzle","TheAbacus"],"potions_floor_usage":[51,51],"damage_taken":[{"damage":0.0,"enemies":"Jaw Worm","floor":1.0,"turns":1.0},{"damage":0.0,"enemies":"2 Louse","floor":2.0,"turns":2.0},{"damage":0.0,"enemies":"Gremlin Nob","floor":7.0,"turns":1.0},{"damage":4.0,"enemies":"Small Slimes","floor":11.0,"turns":3.0},{"damage":10.0,"enemies":"3 Sentries","floor":14.0,"turns":3.0},{"damage":38.0,"enemies":"Hexaghost","floor":16.0,"turns":7.0},{"damage":29.0,"enemies":"2 Thieves","floor":18.0,"turns":3.0},{"damage":11.0,"enemies":"3 Byrds","floor":19.0,"turns":4.0},{"damage":0.0,"enemies":"3 Cultists","floor":21.0,"turns":3.0},{"damage":0.0,"enemies":"Centurion and Healer","floor":24.0,"turns":5.0},{"damage":6.0,"enemies":"Slavers","floor":27.0,"turns":1.0},{"damage":0.0,"enemies":"Chosen and Byrds","floor":30.0,"turns":6.0},{"damage":0.0,"enemies":"Snake Plant","floor":31.0,"turns":6.0},{"damage":8.0,"enemies":"Champ","floor":33.0,"turns":9.0},{"damage":18.0,"enemies":"3 Shapes","floor":35.0,"turns":5.0},{"damage":14.0,"enemies":"3 Darklings","floor":38.0,"turns":4.0},{"damage":11.0,"enemies":"Giant Head","floor":41.0,"turns":6.0},{"damage":12.0,"enemies":"Spire Growth","floor":42.0,"turns":5.0},{"damage":12.0,"enemies":"Transient","floor":46.0,"turns":6.0},{"damage":12.0,"enemies":"Awakened One","floor":50.0,"turns":6.0},{"damage":18,"enemies":"Donu and Deca","floor":51,"turns":5}],"seed_played":"-4493495561580268307","potions_obtained":[{"floor":1.0,"key":"Explosive Potion"},{"floor":7.0,"key":"Ancient Potion"},{"floor":14.0,"key":"Regen Potion"},{"floor":18.0,"key":"Poison Potion"},{"floor":27.0,"key":"LiquidBronze"},{"floor":31.0,"key":"PowerPotion"},{"floor":33.0,"key":"PowerPotion"},{"floor":46.0,"key":"Ancient Potion"}],"is_trial":false,"path_per_floor":["M","M","$","?","?","R","E","R","T","R","M","R","?","E","R","B",null,"M","M","?","M","?","R","M","R","T","E","?","R","M","M","R","B",null,"M","?","?","M","?","R","E","M","T","$","R","M","?","?","R","B","B",null],"character_chosen":"IRONCLAD","items_purchased":["Whirlwind","Disarm","TheAbacus"],"campfire_rested":1,"item_purchase_floors":[3,3,44],"current_hp_per_floor":[74,75,75,75,80,80,80,80,80,80,80,80,56,52,52,35,69,46,41,20,26,26,26,32,32,32,32,32,32,38,44,44,42,71,59,59,59,51,51,51,46,40,40,40,40,34,34,20,44,38,26],"gold":88,"neow_bonus":"THREE_ENEMY_KILL","is_prod":false,"is_daily":false,"chose_seed":false,"campfire_upgraded":11,"win_rate":0,"timestamp":1564860831,"path_taken":["M","M","$","?","?","R","E","R","T","R","M","R","?","E","R","BOSS","M","M","?","M","?","R","M","R","T","E","?","R","M","M","R","BOSS","M","?","?","M","?","R","E","M","T","$","R","M","?","?","R","BOSS","BOSS"],"build_version":"2019-07-18","purchased_purges":1,"victory":true,"max_hp_per_floor":[75,75,75,75,80,80,80,80,80,80,80,80,80,80,80,80,80,80,80,80,80,80,80,80,80,80,80,80,80,80,80,80,80,80,80,80,80,80,80,80,80,80,80,80,80,80,80,80,80,80,80],"card_choices":[{"not_picked":["Bloodletting","Reckless Charge","Twin Strike"],"picked":"SKIP","floor":1.0},{"not_picked":["Rage","Sentinel","Perfected Strike"],"picked":"SKIP","floor":2.0},{"not_picked":["Combust","Bloodletting"],"picked":"Spot Weakness","floor":7.0},{"not_picked":["Havoc","Wild Strike","Searing Blow"],"picked":"SKIP","floor":11.0},{"not_picked":["Inflame","Rage"],"picked":"Battle Trance","floor":14.0},{"not_picked":["Dark Embrace","Berserk"],"picked":"Double Tap","floor":16.0},{"not_picked":["Heavy Blade","Havoc"],"picked":"Shockwave","floor":18.0},{"not_picked":["Body Slam+1","Twin Strike"],"picked":"True Grit","floor":19.0},{"not_picked":["Armaments","Pommel Strike"],"picked":"Offering","floor":21.0},{"not_picked":["Anger","Metallicize","Sever Soul"],"picked":"SKIP","floor":24.0},{"not_picked":["Heavy Blade","Bloodletting+1"],"picked":"Inflame+1","floor":27.0},{"not_picked":["Fire Breathing","Perfected Strike","Wild Strike"],"picked":"SKIP","floor":30.0},{"not_picked":["Armaments+1","Havoc","Feel No Pain"],"picked":"SKIP","floor":31.0},{"not_picked":["Havoc","Spot Weakness","Whirlwind"],"picked":"SKIP","floor":35.0},{"not_picked":["Entrench","Fire Breathing","Sword Boomerang"],"picked":"SKIP","floor":38.0},{"not_picked":["Rampage","Cleave"],"picked":"Offering","floor":41.0},{"not_picked":["Clash","Havoc","Searing Blow"],"picked":"SKIP","floor":42.0},{"not_picked":["Spot Weakness","Hemokinesis+1","Perfected Strike"],"picked":"SKIP","floor":46.0}],"player_experience":1043141,"relics_obtained":[{"floor":7.0,"key":"Sundial"},{"floor":9.0,"key":"Darkstone Periapt"},{"floor":14.0,"key":"Vajra"},{"floor":20.0,"key":"Enchiridion"},{"floor":26.0,"key":"Kunai"},{"floor":27.0,"key":"Juzu Bracelet"},{"floor":41.0,"key":"Mercury Hourglass"},{"floor":43.0,"key":"Centennial Puzzle"}],"event_choices":[{"damage_healed":0.0,"max_hp_gain":0.0,"max_hp_loss":0.0,"gold_gain":0.0,"event_name":"Liars Game","player_choice":"Ignored","floor":4.0,"gold_loss":0.0,"damage_taken":0.0},{"damage_healed":0.0,"max_hp_gain":5.0,"max_hp_loss":0.0,"gold_gain":0.0,"event_name":"Big Fish","player_choice":"Donut","floor":5.0,"gold_loss":0.0,"damage_taken":0.0},{"damage_healed":0.0,"max_hp_gain":0.0,"max_hp_loss":0.0,"gold_gain":0.0,"event_name":"Shining Light","player_choice":"Entered Light","floor":13.0,"gold_loss":0.0,"damage_taken":24.0,"cards_upgraded":["Strike_R","Strike_R"]},{"damage_healed":0.0,"max_hp_gain":0.0,"max_hp_loss":0.0,"gold_gain":0.0,"event_name":"Cursed Tome","player_choice":"Obtained Book","floor":20.0,"gold_loss":0.0,"damage_taken":21.0},{"cards_removed":["Strike_R"],"damage_healed":0.0,"max_hp_gain":0.0,"max_hp_loss":0.0,"gold_gain":0.0,"event_name":"Beggar","player_choice":"Gave Gold","floor":22.0,"gold_loss":75.0,"damage_taken":0.0},{"damage_healed":0.0,"max_hp_gain":0.0,"max_hp_loss":0.0,"gold_gain":0.0,"cards_transformed":["Strike_R"],"event_name":"Transmorgrifier","player_choice":"Transformed","floor":28.0,"gold_loss":0.0,"damage_taken":0.0,"cards_obtained":["Impervious"]},{"damage_healed":0.0,"max_hp_gain":0.0,"max_hp_loss":0.0,"gold_gain":0.0,"event_name":"Tomb of Lord Red Mask","player_choice":"Ignored","floor":36.0,"gold_loss":0.0,"damage_taken":0.0},{"damage_healed":0.0,"max_hp_gain":0.0,"max_hp_loss":0.0,"gold_gain":0.0,"event_name":"Duplicator","player_choice":"Copied","floor":37.0,"gold_loss":0.0,"damage_taken":0.0,"cards_obtained":["Disarm"]},{"damage_healed":0.0,"max_hp_gain":0.0,"max_hp_loss":0.0,"gold_gain":0.0,"event_name":"Mysterious Sphere","player_choice":"Ignored","floor":39.0,"gold_loss":0.0,"damage_taken":0.0},{"damage_healed":0.0,"max_hp_gain":0.0,"max_hp_loss":0.0,"gold_gain":0.0,"event_name":"Accursed Blacksmith","player_choice":"Forge","floor":47.0,"gold_loss":0.0,"damage_taken":0.0,"cards_upgraded":["Double Tap"]},{"damage_healed":0.0,"max_hp_gain":0.0,"max_hp_loss":0.0,"gold_gain":0.0,"event_name":"Winding Halls","player_choice":"Embrace Madness","floor":48.0,"gold_loss":0.0,"damage_taken":14.0,"cards_obtained":["Madness","Madness"]}],"is_beta":true,"boss_relics":[{"not_picked":["White Beast Statue","Orrery"],"picked":"Runic Pyramid"},{"not_picked":["Eternal Feather","Pandora\u0027s Box"],"picked":"Empty Cage"}],"items_purged_floors":[44],"is_endless":false,"potions_floor_spawned":[1,7,14,18,27,31,33,38,41,46],"ascension_level":20}