{"gold_per_floor":[110,129,146,146,156,184,203,229,252,126,126,139,172,182,182,286,286,298,313,313,313,313,345,345,380,380,394,394,394,425,437,437,437],"floor_reached":33,"playtime":1652,"items_purged":["Strike_R"],"score":458,"play_id":"224a9278-d691-4d81-b0bd-5eaee9638b93","local_time":"20190928105250","is_ascension_mode":true,"campfire_choices":[{"data":"Carnage","floor":11,"key":"SMITH"},{"data":"Wild Strike","floor":15,"key":"SMITH"},{"floor":24,"key":"REST"},{"floor":28,"key":"REST"},{"data":"Wild Strike","floor":32,"key":"SMITH"}],"neow_cost":"NONE","seed_source_timestamp":1367051754526200,"circlet_count":0,"master_deck":["Strike_R","Strike_R","Defend_R","Defend_R","Defend_R","Defend_R","Bash","Iron Wave","Thunderclap","Wild Strike+1","Blood for Blood","Headbutt","Metallicize","Wild Strike+1","Carnage+1","True Grit","Clothesline","Iron Wave","Combust","Immolate","Pommel Strike","Headbutt+1","Metallicize","Writhe","RitualDagger","Intimidate+1","Flame Barrier+1","Shrug It Off"],"relics":["Black Blood","Mercury Hourglass","Ice Cream","Orichalcum","Red Skull","Self Forming Clay","Omamori","Molten Egg 2","Unceasing Top"],"potions_floor_usage":[6,8,13,16,16,23,23,31],"damage_taken":[{"damage":7,"enemies":"Small Slimes","floor":1,"turns":4},{"damage":1,"enemies":"Cultist","floor":2,"turns":3},{"damage":4,"enemies":"2 Louse","floor":3,"turns":3},{"damage":2,"enemies":"Looter","floor":5,"turns":4},{"damage":15,"enemies":"3 Sentries","floor":6,"turns":5},{"damage":0,"enemies":"2 Fungi Beasts","floor":7,"turns":2},{"damage":3,"enemies":"Gremlin Nob","floor":8,"turns":3},{"damage":2,"enemies":"Exordium Wildlife","floor":12,"turns":3},{"damage":0,"enemies":"3 Sentries","floor":13,"turns":4},{"damage":4,"enemies":"Blue Slaver","floor":14,"turns":3},{"damage":31,"enemies":"Hexaghost","floor":16,"turns":7},{"damage":5,"enemies":"Spheric Guardian","floor":18,"turns":3},{"damage":14,"enemies":"Shell Parasite","floor":19,"turns":4},{"damage":21,"enemies":"Slavers","floor":23,"turns":4},{"damage":28,"enemies":"Book of Stabbing","floor":25,"turns":4},{"damage":24,"enemies":"Shelled Parasite and Fungi","floor":27,"turns":5},{"damage":16,"enemies":"Gremlin Leader","floor":30,"turns":7},{"damage":16,"enemies":"Centurion and Healer","floor":31,"turns":6},{"damage":66,"enemies":"Champ","floor":33,"turns":9}],"seed_played":"8414288658035920042","potions_obtained":[{"floor":0,"key":"Explosive Potion"},{"floor":0,"key":"Swift Potion"},{"floor":0,"key":"LiquidBronze"},{"floor":6,"key":"AttackPotion"},{"floor":12,"key":"Block Potion"},{"floor":13,"key":"AttackPotion"},{"floor":16,"key":"SteroidPotion"},{"floor":27,"key":"Ancient Potion"}],"is_trial":false,"path_per_floor":["M","M","M","?","M","E","M","E","T","$","R","M","E","M","R","B",null,"M","M","?","?","?","E","R","E","T","M","R","?","E","M","R","B"],"character_chosen":"IRONCLAD","items_purchased":["True Grit"],"campfire_rested":2,"item_purchase_floors":[10],"current_hp_per_floor":[71,76,78,78,80,71,77,80,80,80,80,80,80,80,80,55,74,79,75,75,75,69,58,80,62,62,48,72,72,66,60,60,0],"gold":437,"neow_bonus":"THREE_SMALL_POTIONS","is_prod":false,"is_daily":false,"chose_seed":false,"campfire_upgraded":3,"win_rate":0,"timestamp":1569682370,"path_taken":["M","M","M","?","?","E","M","E","T","$","R","M","E","M","R","BOSS","M","M","?","?","?","E","R","E","T","?","R","?","E","M","R","BOSS"],"build_version":"2019-07-17","purchased_purges":1,"victory":false,"max_hp_per_floor":[80,80,80,80,80,80,80,80,80,80,80,80,80,80,80,80,80,80,80,80,80,80,80,80,80,80,80,80,80,80,80,80,80],"card_choices":[{"not_picked":["Sword Boomerang","Metallicize"],"picked":"Iron Wave","floor":1},{"not_picked":["Second Wind","True Grit"],"picked":"Thunderclap","floor":2},{"not_picked":["Blood for Blood","Perfected Strike"],"picked":"Wild Strike","floor":3},{"not_picked":["Sword Boomerang","Thunderclap"],"picked":"Headbutt","floor":5},{"not_picked":["Thunderclap","Twin Strike"],"picked":"Metallicize","floor":6},{"not_picked":["Armaments","Thunderclap"],"picked":"Wild Strike","floor":7},{"not_picked":["Berserk","Warcry"],"picked":"Carnage","floor":8},{"not_picked":["Warcry","Heavy Blade"],"picked":"Clothesline","floor":12},{"not_picked":["Anger","Pommel Strike"],"picked":"Iron Wave","floor":13},{"not_picked":["Cleave","Iron Wave"],"picked":"Combust","floor":14},{"not_picked":["Dark Embrace","Bludgeon"],"picked":"Immolate","floor":16},{"not_picked":["Thunderclap","Warcry"],"picked":"Pommel Strike","floor":18},{"not_picked":["Burning Pact","Anger"],"picked":"Headbutt+1","floor":19},{"not_picked":["Twin Strike","Warcry"],"picked":"Intimidate+1","floor":23},{"not_picked":["Sword Boomerang","Flex","Exhume"],"picked":"SKIP","floor":25},{"not_picked":["Dual Wield","Sword Boomerang+1","Flex"],"picked":"SKIP","floor":27},{"not_picked":["Disarm","Perfected Strike+1"],"picked":"Flame Barrier+1","floor":30},{"not_picked":["Twin Strike+1","Dropkick+1"],"picked":"Shrug It Off","floor":31}],"player_experience":165669,"relics_obtained":[{"floor":6,"key":"Mercury Hourglass"},{"floor":8,"key":"Ice Cream"},{"floor":13,"key":"Orichalcum"},{"floor":23,"key":"Self Forming Clay"},{"floor":25,"key":"Omamori"},{"floor":26,"key":"Molten Egg 2"},{"floor":30,"key":"Unceasing Top"}],"event_choices":[{"damage_healed":0,"gold_gain":0,"cards_transformed":["Strike_R"],"player_choice":"Transformed","damage_taken":0,"max_hp_gain":0,"max_hp_loss":0,"event_name":"Transmorgrifier","floor":4,"gold_loss":0,"cards_obtained":["Blood for Blood"]},{"damage_healed":0,"gold_gain":0,"player_choice":"Read","damage_taken":0,"max_hp_gain":0,"max_hp_loss":0,"event_name":"The Library","floor":20,"gold_loss":0,"cards_obtained":["Metallicize"]},{"damage_healed":0,"gold_gain":0,"player_choice":"Opened","damage_taken":0,"relics_obtained":["Red Skull"],"max_hp_gain":0,"max_hp_loss":0,"event_name":"The Mausoleum","floor":21,"gold_loss":0,"cards_obtained":["Writhe"]},{"damage_healed":0,"gold_gain":0,"player_choice":"Joined the Cult","damage_taken":6,"max_hp_gain":0,"max_hp_loss":0,"event_name":"Nest","floor":22,"gold_loss":0,"cards_obtained":["RitualDagger"]},{"cards_removed":["Strike_R"],"damage_healed":0,"gold_gain":0,"player_choice":"Purged","damage_taken":0,"max_hp_gain":0,"max_hp_loss":0,"event_name":"Purifier","floor":29,"gold_loss":0}],"is_beta":false,"boss_relics":[{"not_picked":["Snecko Eye","Sozu"],"picked":"Black Blood"}],"items_purged_floors":[10],"is_endless":false,"potions_floor_spawned":[6,7,12,13,16,27],"killed_by":"Champ","ascension_level":6}