{"gold_per_floor":[113,38,56,69,69,69,92,92,92,104,117,117,144,156,156,233,283,298,298,311,327,47,47,75,75,156,190,190,190],"floor_reached":29,"playtime":1116,"items_purged":[],"score":526,"play_id":"0c8d1166-ae0c-44a1-8b10-f057ee368bda","local_time":"20190421221618","is_ascension_mode":true,"campfire_choices":[{"data":"Darkness","floor":6,"key":"SMITH"},{"data":"Zap","floor":8,"key":"SMITH"},{"data":"Creative AI","floor":12,"key":"SMITH"},{"data":"Fusion","floor":15,"key":"SMITH"},{"data":"Defragment","floor":23,"key":"SMITH"},{"floor":25,"key":"REST"}],"neow_cost":"NONE","seed_source_timestamp":359245895130299,"circlet_count":0,"master_deck":["AscendersBane","Strike_B+1","Strike_B+1","Defend_B+1","Defend_B+1","Defend_B+1","Defend_B+1","Zap+1","Dualcast","Core Surge","Ball Lightning","Darkness+1","BootSequence","Ball Lightning","Creative AI+1","Fusion+1","Hyperbeam","Compile Driver","Coolheaded","Defragment+1","Coolheaded","Leap+1","Core Surge","Ghostly","Ghostly","Ghostly"],"special_seed":0,"relics":["Cracked Core","Odd Mushroom","Pear","Strawberry","Tiny House","Lee\u0027s Waffle","Vajra","Matryoshka","Peace Pipe"],"potions_floor_usage":[7,13,16,16,24,29],"damage_taken":[{"damage":0.0,"enemies":"2 Louse","floor":1.0,"turns":2.0},{"damage":0,"enemies":"Small Slimes","floor":3,"turns":2},{"damage":4,"enemies":"Jaw Worm","floor":4,"turns":3},{"damage":16,"enemies":"The Mushroom Lair","floor":7,"turns":3},{"damage":0,"enemies":"Looter","floor":10,"turns":3},{"damage":11,"enemies":"Exordium Wildlife","floor":11,"turns":3},{"damage":8,"enemies":"Gremlin Nob","floor":13,"turns":3},{"damage":19,"enemies":"Gremlin Gang","floor":14,"turns":4},{"damage":30,"enemies":"Hexaghost","floor":16,"turns":9},{"damage":22,"enemies":"3 Byrds","floor":18,"turns":4},{"damage":7,"enemies":"Shell Parasite","floor":20,"turns":8},{"damage":22,"enemies":"Snake Plant","floor":21,"turns":4},{"damage":42,"enemies":"Slavers","floor":24,"turns":4},{"damage":53,"enemies":"Book of Stabbing","floor":27,"turns":6},{"damage":43,"enemies":"Slavers","floor":29,"turns":8}],"seed_played":"-5592797632696866243","potions_obtained":[{"floor":3,"key":"Explosive Potion"},{"floor":7,"key":"AttackPotion"},{"floor":11,"key":"Strength Potion"},{"floor":13,"key":"Regen Potion"},{"floor":17,"key":"FairyPotion"},{"floor":20,"key":"GamblersBrew"},{"floor":21,"key":"Block Potion"}],"is_trial":false,"path_per_floor":["M","?","M","M","?","R","?","R","T","M","M","R","E","M","R","B",null,"M","?","M","M","$","R","E","R","T","E","?","E"],"character_chosen":"DEFECT","items_purchased":["Lee\u0027s Waffle","Coolheaded"],"campfire_rested":1,"item_purchase_floors":[22,22],"current_hp_per_floor":[64,64,64,60,53,53,37,37,47,47,36,36,35,16,16,1,71,49,49,42,20,100,100,58,88,88,35,35,0],"gold":190,"neow_bonus":"ONE_RANDOM_RARE_CARD","is_prod":false,"is_daily":false,"chose_seed":false,"campfire_upgraded":5,"win_rate":0,"timestamp":1555899378,"path_taken":["M","?","M","M","?","R","?","R","T","M","M","R","E","M","R","BOSS","M","?","M","M","$","R","E","R","T","E","?","E"],"build_version":"2019-01-23","purchased_purges":0,"victory":false,"max_hp_per_floor":[71,71,71,71,71,71,71,71,81,81,81,81,88,88,88,88,93,93,93,93,93,100,100,100,100,100,100,50,50],"card_choices":[{"not_picked":["Steam","Turbo"],"picked":"Ball Lightning","floor":1.0},{"not_picked":["Blizzard","Conserve Battery"],"picked":"Darkness","floor":3},{"not_picked":["Auto Shields","Beam Cell"],"picked":"BootSequence","floor":4},{"not_picked":["Redo","Steam"],"picked":"Ball Lightning","floor":10},{"not_picked":["Rebound","FTL"],"picked":"Creative AI","floor":11},{"not_picked":["Sweeping Beam","Leap"],"picked":"Fusion","floor":13},{"not_picked":["Melter","Ball Lightning","Stack"],"picked":"SKIP","floor":14},{"not_picked":["Fission","Amplify"],"picked":"Hyperbeam","floor":16},{"not_picked":["Streamline","Tempest"],"picked":"Compile Driver","floor":17},{"not_picked":["Hello World","Rebound"],"picked":"Coolheaded","floor":18},{"not_picked":["Leap","Static Discharge","Redo"],"picked":"SKIP","floor":20},{"not_picked":["White Noise","Double Energy"],"picked":"Defragment","floor":21},{"not_picked":["Gash","Redo"],"picked":"Leap+1","floor":24},{"not_picked":["Lockon","Reprogram"],"picked":"Core Surge","floor":27}],"player_experience":762599,"relics_obtained":[{"floor":7,"key":"Odd Mushroom"},{"floor":9,"key":"Pear"},{"floor":13,"key":"Strawberry"},{"floor":24,"key":"Vajra"},{"floor":26,"key":"Matryoshka"},{"floor":27,"key":"Peace Pipe"}],"event_choices":[{"cards_removed":["Strike_B"],"damage_healed":0.0,"max_hp_gain":0.0,"max_hp_loss":0.0,"gold_gain":0.0,"event_name":"The Cleric","player_choice":"Card Removal","floor":2.0,"gold_loss":75.0,"damage_taken":0.0},{"cards_removed":["Strike_B"],"damage_healed":0,"gold_gain":0,"player_choice":"Card Removal","damage_taken":7,"max_hp_gain":0,"max_hp_loss":0,"event_name":"Golden Wing","floor":5,"gold_loss":0},{"damage_healed":0,"gold_gain":0,"player_choice":"Fought Mushrooms","damage_taken":0,"max_hp_gain":0,"max_hp_loss":0,"event_name":"Mushrooms","floor":7,"gold_loss":0},{"damage_healed":0,"gold_gain":0,"player_choice":"Simplicity","damage_taken":0,"max_hp_gain":0,"max_hp_loss":0,"event_name":"Back to Basics","floor":19,"gold_loss":0,"cards_upgraded":["Strike_B","Defend_B","Defend_B","Defend_B","Defend_B"]},{"damage_healed":0,"gold_gain":0,"player_choice":"Became a Ghost","damage_taken":0,"max_hp_gain":0,"max_hp_loss":50,"event_name":"Ghosts","floor":28,"gold_loss":0,"cards_obtained":["Ghostly","Ghostly","Ghostly"]}],"is_beta":false,"boss_relics":[{"not_picked":["Lizard Tail","Coffee Dripper"],"picked":"Tiny House"}],"items_purged_floors":[],"is_endless":false,"potions_floor_spawned":[3,7,11,13,20,21],"killed_by":"Slavers","ascension_level":20}