{"gold_per_floor":[119,119,194,144,144,170,170,199,253,253,267,280,291,20,20,121,121,137,137,137,137,156,188,188,188,268,268,283,283,283],"floor_reached":30,"playtime":1476,"items_purged":[],"score":319,"play_id":"a3c54e66-f267-4ce4-b582-f7359e891692","local_time":"20190816180351","is_ascension_mode":true,"campfire_choices":[{"data":"Defragment","floor":7,"key":"SMITH"},{"data":"White Noise","floor":15,"key":"SMITH"},{"data":"Double Energy","floor":25,"key":"SMITH"},{"floor":29,"key":"REST"}],"neow_cost":"NONE","seed_source_timestamp":1099494033967985,"circlet_count":0,"master_deck":["Strike_B+1","Strike_B+1","Defend_B","Defend_B","Defend_B+1","Zap+1","Dualcast","Double Energy+1","Defragment+1","FTL","Ball Lightning","Lockon","Sweeping Beam","Magnetism","White Noise+1","Creative AI","Redo+1","Chaos","Heatsinks","Necronomicurse","Go for the Eyes","Meteor Strike","Writhe","Conserve Battery"],"relics":["FrozenCore","NeowsBlessing","Orichalcum","Symbiotic Virus","Mummified Hand","Happy Flower","Cables","Necronomicon","War Paint","Bottled Lightning","PreservedInsect"],"potions_floor_usage":[23,28],"damage_taken":[{"damage":0,"enemies":"Jaw Worm","floor":1,"turns":1},{"damage":0,"enemies":"Gremlin Nob","floor":6,"turns":1},{"damage":0,"enemies":"Lagavulin","floor":8,"turns":1},{"damage":1,"enemies":"2 Louse","floor":11,"turns":2},{"damage":0,"enemies":"Small Slimes","floor":12,"turns":2},{"damage":0,"enemies":"3 Louse","floor":13,"turns":2},{"damage":21,"enemies":"The Guardian","floor":16,"turns":6},{"damage":3,"enemies":"Chosen","floor":18,"turns":4},{"damage":10,"enemies":"2 Thieves","floor":22,"turns":3},{"damage":29,"enemies":"Book of Stabbing","floor":23,"turns":4},{"damage":28,"enemies":"3 Cultists","floor":28,"turns":5},{"damage":24,"enemies":"Slavers","floor":30,"turns":1}],"seed_played":"1999607302010464998","potions_obtained":[{"floor":1,"key":"SmokeBomb"},{"floor":8,"key":"Poison Potion"},{"floor":12,"key":"FearPotion"},{"floor":13,"key":"Regen Potion"},{"floor":23,"key":"SkillPotion"}],"is_trial":false,"path_per_floor":["M","?","?","?","?","E","R","E","T","T","M","M","M","$","R","B",null,"M","?","?","?","M","E","T","R","T","?","M","R","E"],"character_chosen":"DEFECT","items_purchased":["Magnetism","White Noise"],"campfire_rested":1,"item_purchase_floors":[14,14],"current_hp_per_floor":[75,60,49,49,42,42,42,42,42,42,41,41,41,41,41,20,75,72,72,72,56,46,29,29,29,29,29,1,23,0],"gold":283,"neow_bonus":"THREE_ENEMY_KILL","is_prod":false,"is_daily":false,"chose_seed":false,"campfire_upgraded":3,"win_rate":0,"timestamp":1565996631,"path_taken":["M","?","?","?","?","E","R","E","T","?","M","M","M","$","R","BOSS","M","?","?","?","?","E","?","R","T","?","M","R","E"],"build_version":"2019-07-17","purchased_purges":0,"victory":false,"max_hp_per_floor":[75,75,75,75,75,75,75,75,75,75,75,75,75,75,75,75,75,75,75,75,75,75,75,75,75,75,75,75,75,75],"card_choices":[{"not_picked":["Hello World","Heatsinks"],"picked":"Double Energy","floor":1},{"not_picked":["Genetic Algorithm","Recycle"],"picked":"Defragment","floor":6},{"not_picked":["Leap","Steam Power"],"picked":"FTL","floor":8},{"not_picked":["Go for the Eyes","Beam Cell"],"picked":"Ball Lightning","floor":11},{"not_picked":["Stack","Compile Driver"],"picked":"Lockon","floor":12},{"not_picked":["Beam Cell","Coolheaded"],"picked":"Sweeping Beam","floor":13},{"not_picked":["Biased Cognition","Meteor Strike"],"picked":"Creative AI","floor":16},{"not_picked":["Consume","Coolheaded"],"picked":"Redo+1","floor":18},{"not_picked":["Undo","Turbo+1"],"picked":"Go for the Eyes","floor":22},{"not_picked":["Undo","Reprogram"],"picked":"Meteor Strike","floor":23},{"not_picked":["Aggregate","Storm"],"picked":"Conserve Battery","floor":28}],"player_experience":170107,"relics_obtained":[{"floor":6,"key":"Symbiotic Virus"},{"floor":8,"key":"Mummified Hand"},{"floor":9,"key":"Happy Flower"},{"floor":10,"key":"Cables"},{"floor":21,"key":"Necronomicon"},{"floor":23,"key":"War Paint"},{"floor":26,"key":"Bottled Lightning"}],"event_choices":[{"damage_healed":0,"gold_gain":0,"player_choice":"Entered Light","damage_taken":15,"max_hp_gain":0,"max_hp_loss":0,"event_name":"Shining Light","floor":2,"gold_loss":0,"cards_upgraded":["Strike_B","Strike_B"]},{"damage_healed":0,"gold_gain":75,"player_choice":"Gather Gold","damage_taken":11,"max_hp_gain":0,"max_hp_loss":0,"event_name":"World of Goop","floor":3,"gold_loss":0},{"cards_removed":["Strike_B"],"damage_healed":0,"gold_gain":0,"player_choice":"Card Removal","damage_taken":0,"max_hp_gain":0,"max_hp_loss":0,"event_name":"The Cleric","floor":4,"gold_loss":50},{"damage_healed":0,"gold_gain":0,"player_choice":"Success","damage_taken":7,"relics_obtained":["Orichalcum"],"max_hp_gain":0,"max_hp_loss":0,"event_name":"Scrap Ooze","floor":5,"gold_loss":0},{"damage_healed":0,"gold_gain":0,"player_choice":"Ignored","damage_taken":0,"max_hp_gain":0,"max_hp_loss":0,"event_name":"Ghosts","floor":19,"gold_loss":0},{"damage_healed":0,"gold_gain":0,"cards_transformed":["Defend_B","Strike_B"],"player_choice":"Became Test Subject","damage_taken":0,"max_hp_gain":0,"max_hp_loss":0,"event_name":"Drug Dealer","floor":20,"gold_loss":0,"cards_obtained":["Chaos","Heatsinks"]},{"damage_healed":0,"gold_gain":0,"player_choice":"Obtained Book","damage_taken":16,"max_hp_gain":0,"max_hp_loss":0,"event_name":"Cursed Tome","floor":21,"gold_loss":0},{"damage_healed":0,"gold_gain":0,"player_choice":"Opened","damage_taken":0,"relics_obtained":["PreservedInsect"],"max_hp_gain":0,"max_hp_loss":0,"event_name":"The Mausoleum","floor":27,"gold_loss":0,"cards_obtained":["Writhe"]}],"is_beta":false,"boss_relics":[{"not_picked":["Tiny House","Pandora\u0027s Box"],"picked":"FrozenCore"}],"items_purged_floors":[],"is_endless":false,"potions_floor_spawned":[1,8,12,13,23],"killed_by":"Slavers","ascension_level":1}