{"gold_per_floor":[114,64,79,94,94,124,124,154,204,120,120,150,165,180,180,280,280,235,235,235,35,35,35,35,35,35,35,35,35,35,35,35,35,35,35,35,35,35,35,35,35,35,35,35,35,35,35,35,35,35],"floor_reached":51,"playtime":1745,"items_purged":[],"score":1170,"play_id":"7a2904fb-cf62-403b-8729-aed580855de9","local_time":"20180921151006","daily_mods":["Diverse","Time Dilation","Hoarder"],"is_ascension_mode":false,"campfire_choices":[{"data":"Wild Strike","floor":7.0,"key":"SMITH"},{"data":"Endless Agony","floor":11.0,"key":"SMITH"},{"data":"Endless Agony","floor":15.0,"key":"SMITH"},{"data":"Endless Agony","floor":23.0,"key":"SMITH"},{"data":"Backflip","floor":32.0,"key":"SMITH"},{"data":"True Grit","floor":40.0,"key":"SMITH"},{"data":"Limit Break","floor":45.0,"key":"SMITH"},{"data":"Limit Break","floor":49.0,"key":"SMITH"}],"neow_cost":"","seed_source_timestamp":0,"circlet_count":0,"master_deck":["Defend_G+1","Defend_G+1","Defend_G+1","Defend_G+1","Defend_G+1","Survivor","Neutralize+1","Wild Strike+1","Wild Strike","Auto Shields","Auto Shields","Dagger Spray","Dagger Spray","Dagger Spray","Shockwave","Shockwave","Shockwave+1","Cold Snap","Cold Snap","Endless Agony+1","Endless Agony+1","Endless Agony+1","Stack","Stack","Stack","Limit Break+1","Limit Break+1","Limit Break","Finisher","Finisher","Finisher","Body Slam","Body Slam","Body Slam","Echo Form","Echo Form","Echo Form","Cold Snap","Cold Snap","Cold Snap","Blade Dance+1","Blade Dance+1","Blade Dance+1","FTL+1","FTL+1","FTL+1","Cleave+1","Cleave+1","Cleave+1","Shockwave","Shockwave","Shockwave","Bite+1","Bite+1","Bite+1","Bite+1","Bite+1","Bite+1","Bite+1","Bite+1","Bite+1","Bite+1","Bite+1","Bite+1","Bite+1","Bite+1","Bite+1","Backflip","Backflip+1","Backflip","Bludgeon+1","Bludgeon+1","Bludgeon+1","Clash+1","Clash+1","Clash+1","Bouncing Flask+1","Bouncing Flask+1","Bouncing Flask+1","Endless Agony+1","Endless Agony+1","Endless Agony+1","True Grit","True Grit","True Grit+1","Ball Lightning+1","Ball Lightning+1","Ball Lightning+1","Blade Dance+1","Blade Dance+1","Blade Dance+1","Madness","Madness","Madness","Madness","Madness","Madness","Adrenaline","Adrenaline","Adrenaline","Hologram+1","Hologram","Hologram","Beam Cell+1","Beam Cell+1","Beam Cell+1","Blur+1","Blur+1","Blur+1","Reinforced Body","Reinforced Body","Reinforced Body","Beam Cell+1","Beam Cell+1","Beam Cell+1"],"special_seed":17795,"relics":["Ring of the Snake","Bag of Marbles","Paper Crane","Ancient Tea Set","Dream Catcher","Ectoplasm","Sling","Molten Egg 2","Orichalcum","Tingsha","Astrolabe","Art of War","War Paint","Vajra"],"potions_floor_usage":[50,50,50],"damage_taken":[{"damage":0.0,"enemies":"2 Louse","floor":1.0,"turns":2.0},{"damage":0.0,"enemies":"Jaw Worm","floor":3.0,"turns":2.0},{"damage":0.0,"enemies":"Cultist","floor":4.0,"turns":3.0},{"damage":26.0,"enemies":"Lagavulin","floor":6.0,"turns":8.0},{"damage":12.0,"enemies":"3 Sentries","floor":8.0,"turns":4.0},{"damage":0.0,"enemies":"Lagavulin","floor":12.0,"turns":3.0},{"damage":0.0,"enemies":"Red Slaver","floor":13.0,"turns":1.0},{"damage":2.0,"enemies":"2 Fungi Beasts","floor":14.0,"turns":2.0},{"damage":0.0,"enemies":"Slime Boss","floor":16.0,"turns":6.0},{"damage":0.0,"enemies":"2 Thieves","floor":18.0,"turns":4.0},{"damage":4.0,"enemies":"Shell Parasite","floor":24.0,"turns":2.0},{"damage":0.0,"enemies":"Slavers","floor":25.0,"turns":3.0},{"damage":7.0,"enemies":"Shelled Parasite and Fungi","floor":27.0,"turns":3.0},{"damage":0.0,"enemies":"Sentry and Sphere","floor":28.0,"turns":3.0},{"damage":0.0,"enemies":"Book of Stabbing","floor":30.0,"turns":2.0},{"damage":41.0,"enemies":"Automaton","floor":33.0,"turns":9.0},{"damage":0.0,"enemies":"Orb Walker","floor":35.0,"turns":1.0},{"damage":0.0,"enemies":"3 Shapes","floor":36.0,"turns":4.0},{"damage":18.0,"enemies":"Jaw Worm Horde","floor":37.0,"turns":3.0},{"damage":0.0,"enemies":"4 Shapes","floor":39.0,"turns":1.0},{"damage":9.0,"enemies":"Nemesis","floor":41.0,"turns":5.0},{"damage":15.0,"enemies":"Reptomancer","floor":42.0,"turns":4.0},{"damage":5.0,"enemies":"Giant Head","floor":44.0,"turns":5.0},{"damage":0.0,"enemies":"2 Orb Walkers","floor":46.0,"turns":5.0},{"damage":12.0,"enemies":"Spire Growth","floor":47.0,"turns":3.0},{"damage":12,"enemies":"Time Eater","floor":50,"turns":5}],"seed_played":"-8895511355168584513","potions_obtained":[{"floor":3.0,"key":"Poison Potion"},{"floor":8.0,"key":"Block Potion"},{"floor":14.0,"key":"Regen Potion"},{"floor":16.0,"key":"Energy Potion"},{"floor":24.0,"key":"Swift Potion"},{"floor":28.0,"key":"Regen Potion"},{"floor":36.0,"key":"Swift Potion"},{"floor":42.0,"key":"Poison Potion"},{"floor":44.0,"key":"Fire Potion"},{"floor":46.0,"key":"Fire Potion"}],"is_trial":false,"path_per_floor":["M","?","M","M","?","E","R","E","T","$","R","E","M","M","R","B",null,"M","?","?","$","?","R","M","E","T","M","M","?","E","?","R","B",null,"M","M","M","?","M","R","E","M","T","E","R","E","M","?","R","B"],"character_chosen":"THE_SILENT","items_purchased":["Endless Agony","Stack","Sling"],"campfire_rested":0,"item_purchase_floors":[10,10,21],"current_hp_per_floor":[70,70,70,70,70,44,44,32,32,32,32,32,32,30,30,30,70,70,70,70,70,70,70,66,66,66,59,59,49,49,49,49,26,49,49,49,31,25,28,28,25,25,25,35,35,47,40,40,40,40],"gold":35,"neow_bonus":"","is_prod":false,"is_daily":true,"chose_seed":false,"campfire_upgraded":8,"win_rate":0,"timestamp":1537517406,"path_taken":["M","?","?","M","?","E","R","E","T","?","R","E","M","M","R","BOSS","M","?","?","$","?","R","M","E","T","M","M","?","E","?","R","BOSS","M","M","M","?","?","R","E","M","T","E","R","E","?","?","R","BOSS"],"build_version":"2018-09-20","purchased_purges":0,"victory":true,"max_hp_per_floor":[70,70,70,70,70,70,70,70,70,70,70,70,70,70,70,70,70,70,70,70,70,70,70,70,70,70,70,70,49,49,49,49,49,49,49,49,49,49,49,49,49,49,49,49,49,49,49,49,49,49],"card_choices":[{"not_picked":["Hello World","Rebound"],"picked":"Wild Strike","floor":1.0},{"not_picked":["Beam Cell","Recycle"],"picked":"Auto Shields","floor":3.0},{"not_picked":["Flying Knee","Slice"],"picked":"Dagger Spray","floor":4.0},{"not_picked":["Bane","Catalyst"],"picked":"Shockwave","floor":6.0},{"not_picked":["Consume","Rainbow"],"picked":"Cold Snap","floor":8.0},{"not_picked":["Deadly Poison","Static Discharge"],"picked":"Limit Break","floor":12.0},{"not_picked":["Deadly Poison","Beam Cell"],"picked":"Finisher","floor":13.0},{"not_picked":["Heavy Blade","Barrage"],"picked":"Body Slam","floor":14.0},{"not_picked":["Limit Break","Unload"],"picked":"Echo Form","floor":16.0},{"not_picked":["Streamline","Rage"],"picked":"Cold Snap","floor":18.0},{"not_picked":["Quick Slash","Setup+1"],"picked":"Blade Dance+1","floor":24.0},{"not_picked":["True Grit","Power Through"],"picked":"FTL+1","floor":25.0},{"not_picked":["Cold Snap+1","Clash+1"],"picked":"Cleave+1","floor":27.0},{"not_picked":["Barrage+1","Cloak And Dagger"],"picked":"Shockwave","floor":28.0},{"not_picked":["Redo+1","Uppercut+1"],"picked":"Backflip","floor":30.0},{"not_picked":["Doppelganger","Envenom"],"picked":"Bludgeon+1","floor":33.0},{"not_picked":["Outmaneuver","Reckless Charge+1"],"picked":"True Grit","floor":35.0},{"not_picked":["Warcry","Chill"],"picked":"Ball Lightning+1","floor":36.0},{"not_picked":["Pommel Strike+1","Redo+1"],"picked":"Blade Dance+1","floor":37.0},{"not_picked":["Twin Strike+1","Power Through"],"picked":"Adrenaline","floor":39.0},{"not_picked":["Doppelganger","Barrage+1"],"picked":"Hologram","floor":41.0},{"not_picked":["Flying Knee+1","Searing Blow+1"],"picked":"Beam Cell+1","floor":42.0},{"not_picked":["Dagger Throw+1","Ball Lightning+1"],"picked":"Blur+1","floor":44.0},{"not_picked":["Underhanded Strike+1","Anger+1"],"picked":"Reinforced Body","floor":46.0},{"not_picked":["Hemokinesis+1","Deflect"],"picked":"Beam Cell+1","floor":47.0}],"player_experience":361821,"relics_obtained":[{"floor":6.0,"key":"Bag of Marbles"},{"floor":8.0,"key":"Paper Crane"},{"floor":9.0,"key":"Ancient Tea Set"},{"floor":12.0,"key":"Dream Catcher"},{"floor":25.0,"key":"Molten Egg 2"},{"floor":26.0,"key":"Orichalcum"},{"floor":30.0,"key":"Tingsha"},{"floor":43.0,"key":"Art of War"},{"floor":44.0,"key":"War Paint"},{"floor":46.0,"key":"Vajra"}],"event_choices":[{"event_name":"The Cleric","player_choice":"Card Removal","floor":2.0,"damage_taken":0.0},{"event_name":"Upgrade Shrine","player_choice":"Upgraded","floor":5.0,"damage_taken":0.0},{"event_name":"Back to Basics","player_choice":"Simplicity","floor":19.0,"damage_taken":0.0},{"event_name":"The Woman in Blue","player_choice":"Bought 0 Potions","floor":20.0,"damage_taken":0.0},{"event_name":"Forgotten Altar","player_choice":"Smashed Altar","floor":22.0,"damage_taken":0.0},{"event_name":"Vampires","player_choice":"Became a vampire","floor":29.0,"damage_taken":0.0},{"event_name":"The Mausoleum","player_choice":"No","floor":31.0,"damage_taken":0.0},{"event_name":"Winding Halls","player_choice":"Embrace Madness","floor":38.0,"damage_taken":0.0},{"event_name":"Fountain of Cleansing","player_choice":"Removed Curse","floor":48.0,"damage_taken":0.0}],"is_beta":true,"boss_relics":[{"not_picked":["Lizard Tail","White Beast Statue"],"picked":"Ectoplasm"},{"not_picked":["Eternal Feather","HoveringKite"],"picked":"Astrolabe"}],"items_purged_floors":[],"is_endless":false,"potions_floor_spawned":[3,8,14,16,24,28,36,42,44,46],"ascension_level":0}