{"gold_per_floor":[360,50,0,0,13,13,41,41,68,85,95,130,6,20,20,93,93,103,129,229,174,190,190,190,190,190,190,210,210,49,77,77,152,152,170,170,9,24,24,24],"floor_reached":40,"playtime":11862,"items_purged":["Strike_G","Strike_G","Pain"],"score":761,"play_id":"78cf7a14-c7f3-4ca6-bd67-e57f382618e3","local_time":"20190614223748","is_ascension_mode":true,"campfire_choices":[{"floor":6.0,"key":"REST"},{"data":"Noxious Fumes","floor":8.0,"key":"SMITH"},{"floor":15.0,"key":"REST"},{"floor":23.0,"key":"REST"},{"data":"Strike_G","floor":25.0,"key":"PURGE"},{"data":"Strike_G","floor":27.0,"key":"PURGE"},{"floor":29.0,"key":"REST"},{"data":"Blade Dance","floor":32.0,"key":"SMITH"}],"neow_cost":"PERCENT_DAMAGE","seed_source_timestamp":0,"circlet_count":0,"master_deck":["AscendersBane","Defend_G","Defend_G","Defend_G","Defend_G","Defend_G","Survivor","Neutralize","Noxious Fumes+1","Corpse Explosion","Blind","Deadly Poison","Bullet Time","Bane","All Out Attack","Bane","Dash","Adrenaline","Escape Plan","After Image","Cloak And Dagger","Blade Dance+1","Night Terror","Choke"],"special_seed":0,"relics":["Ring of the Snake","Orichalcum","Art of War","Matryoshka","Lizard Tail","Red Mask","Peace Pipe","Kunai","Tiny Chest","Boot","Bottled Tornado","Pear","Busted Crown","WarpedTongs"],"potions_floor_usage":[33],"damage_taken":[{"damage":7.0,"enemies":"Small Slimes","floor":1.0,"turns":4.0},{"damage":4.0,"enemies":"Jaw Worm","floor":5.0,"turns":6.0},{"damage":12.0,"enemies":"3 Sentries","floor":7.0,"turns":3.0},{"damage":0.0,"enemies":"Cultist","floor":10.0,"turns":4.0},{"damage":5.0,"enemies":"Blue Slaver","floor":11.0,"turns":3.0},{"damage":13.0,"enemies":"Gremlin Nob","floor":12.0,"turns":5.0},{"damage":2.0,"enemies":"3 Louse","floor":14.0,"turns":2.0},{"damage":36.0,"enemies":"Slime Boss","floor":16.0,"turns":9.0},{"damage":0.0,"enemies":"3 Byrds","floor":18.0,"turns":3.0},{"damage":31.0,"enemies":"Masked Bandits","floor":19.0,"turns":3.0},{"damage":6.0,"enemies":"Colosseum Slavers","floor":20.0,"turns":4.0},{"damage":13.0,"enemies":"Colosseum Nobs","floor":20.0,"turns":3.0},{"damage":4.0,"enemies":"Chosen","floor":22.0,"turns":5.0},{"damage":9.0,"enemies":"Snecko","floor":28.0,"turns":5.0},{"damage":0.0,"enemies":"Book of Stabbing","floor":31.0,"turns":6.0},{"damage":53,"enemies":"Collector","floor":33,"turns":10},{"damage":8,"enemies":"Orb Walker","floor":35,"turns":3},{"damage":0,"enemies":"3 Shapes","floor":38,"turns":3},{"damage":64,"enemies":"Nemesis","floor":40,"turns":5}],"seed_played":"-169747630807769791","potions_obtained":[{"floor":5.0,"key":"Fire Potion"},{"floor":7.0,"key":"Block Potion"},{"floor":10.0,"key":"Strength Potion"},{"floor":14.0,"key":"Energy Potion"},{"floor":19.0,"key":"EssenceOfSteel"},{"floor":20.0,"key":"PowerPotion"},{"floor":22.0,"key":"SteroidPotion"},{"floor":28.0,"key":"Dexterity Potion"},{"floor":31.0,"key":"Energy Potion"},{"floor":38,"key":"Fire Potion"}],"is_trial":false,"path_per_floor":["M","$","?","?","M","R","E","R","T","M","M","E","$","M","R","B",null,"M","?","?","?","M","R","?","R","T","R","M","R","$","E","R","B",null,"M","?","$","M","$","E"],"character_chosen":"THE_SILENT","items_purchased":["Corpse Explosion","Blind","Bane","After Image","Cloak And Dagger","Choke"],"campfire_rested":4,"item_purchase_floors":[2,2,13,30,30,37],"current_hp_per_floor":[37,37,37,37,33,52,40,40,40,40,35,22,22,20,39,3,50,50,19,33,33,29,48,48,48,48,48,39,58,58,68,68,15,61,53,53,53,53,53,0],"gold":24,"neow_bonus":"TWO_FIFTY_GOLD","is_prod":false,"is_daily":false,"chose_seed":false,"campfire_upgraded":2,"win_rate":0,"timestamp":1560569868,"path_taken":["M","$","?","?","M","R","E","R","T","M","M","E","$","?","R","BOSS","M","?","?","?","M","R","?","R","T","R","?","R","$","E","R","BOSS","M","?","$","M","$","E"],"build_version":"2019-01-23","purchased_purges":3,"victory":false,"max_hp_per_floor":[66,66,66,66,66,66,66,66,66,66,66,66,66,66,66,66,66,66,66,66,66,66,66,66,66,66,66,66,66,66,76,76,76,76,76,76,76,76,76,76],"card_choices":[{"not_picked":["Quick Slash","Reflex"],"picked":"Noxious Fumes","floor":1.0},{"not_picked":["Escape Plan","Concentrate"],"picked":"Deadly Poison","floor":5.0},{"not_picked":["Cloak And Dagger","Skewer"],"picked":"Bullet Time","floor":7.0},{"not_picked":["Blade Dance","Prepared","Masterful Stab"],"picked":"SKIP","floor":10.0},{"not_picked":["Cloak And Dagger","Prepared"],"picked":"Bane","floor":11.0},{"not_picked":["PiercingWail","Caltrops"],"picked":"All Out Attack","floor":12.0},{"not_picked":["Expertise","Cloak And Dagger"],"picked":"Dash","floor":14.0},{"not_picked":["Storm of Steel","Glass Knife"],"picked":"Adrenaline","floor":16.0},{"not_picked":["Slice","Dodge and Roll","All Out Attack"],"picked":"SKIP","floor":18.0},{"not_picked":["All Out Attack","Backstab","Setup"],"picked":"SKIP","floor":22.0},{"not_picked":["Dagger Spray","Cloak And Dagger"],"picked":"Escape Plan","floor":28.0},{"not_picked":["Flechettes","Deadly Poison"],"picked":"Blade Dance","floor":31.0},{"not_picked":["Doppelganger","Grand Finale"],"picked":"Night Terror","floor":33},{"not_picked":["Finisher"],"picked":"SKIP","floor":35},{"not_picked":["Reflex"],"picked":"SKIP","floor":38}],"player_experience":1289074,"relics_obtained":[{"floor":7.0,"key":"Orichalcum"},{"floor":9.0,"key":"Art of War"},{"floor":12.0,"key":"Matryoshka"},{"floor":19.0,"key":"Red Mask"},{"floor":20.0,"key":"Peace Pipe"},{"floor":20.0,"key":"Kunai"},{"floor":26.0,"key":"Boot"},{"floor":26.0,"key":"Bottled Tornado"},{"floor":31.0,"key":"Pear"}],"event_choices":[{"damage_healed":0.0,"max_hp_gain":0.0,"max_hp_loss":0.0,"gold_gain":0.0,"event_name":"World of Goop","player_choice":"Left Gold","floor":3.0,"gold_loss":50.0,"damage_taken":0.0},{"cards_removed":["Strike_G"],"damage_healed":0.0,"max_hp_gain":0.0,"max_hp_loss":0.0,"gold_gain":0.0,"event_name":"Bonfire Elementals","player_choice":"Offered Basic","floor":4.0,"gold_loss":0.0,"damage_taken":0.0},{"damage_healed":0.0,"max_hp_gain":0.0,"max_hp_loss":0.0,"gold_gain":0.0,"event_name":"Masked Bandits","player_choice":"Fought Bandits","floor":19.0,"gold_loss":0.0,"damage_taken":0.0},{"damage_healed":0.0,"max_hp_gain":0.0,"max_hp_loss":0.0,"gold_gain":0.0,"event_name":"Colosseum","player_choice":"Fight","floor":20.0,"gold_loss":0.0,"damage_taken":0.0},{"damage_healed":0.0,"max_hp_gain":0.0,"max_hp_loss":0.0,"gold_gain":0.0,"event_name":"Colosseum","player_choice":"Fought Nobs","floor":20.0,"gold_loss":0.0,"damage_taken":0.0},{"damage_healed":0.0,"max_hp_gain":0.0,"max_hp_loss":0.0,"gold_gain":0.0,"event_name":"Addict","player_choice":"Obtained Relic","floor":21.0,"gold_loss":85.0,"damage_taken":0.0,"relics_obtained":["Tiny Chest"]},{"damage_healed":0.0,"max_hp_gain":0.0,"max_hp_loss":0.0,"gold_gain":0.0,"event_name":"Ghosts","player_choice":"Ignored","floor":24.0,"gold_loss":0.0,"damage_taken":0.0},{"damage_healed":0,"gold_gain":0,"player_choice":"Rummage","damage_taken":0,"relics_obtained":["WarpedTongs"],"max_hp_gain":0,"max_hp_loss":0,"event_name":"Accursed Blacksmith","floor":36,"gold_loss":0,"cards_obtained":["Pain"]}],"is_beta":false,"boss_relics":[{"not_picked":["Empty Cage","Velvet Choker"],"picked":"Lizard Tail"},{"not_picked":["Calling Bell","Black Star"],"picked":"Busted Crown"}],"items_purged_floors":[2,13,37],"is_endless":false,"potions_floor_spawned":[5,7,10,14,19,20,22,28,31,38],"killed_by":"Nemesis","ascension_level":15}