{"gold_per_floor":[107,122,122,138,152,152,177,177,177,177,177,177,225,236,236,294,294,308,308,308,317,327,327,8,35,35,35,35,115,135,143,143,202,202,213,251,251,251,267,293,306,306,306,318,25,33,33,49,49,49,49],"floor_reached":52,"playtime":1631,"items_purged":["Strike_R","Defend_R"],"score":2129,"play_id":"7c084087-21db-456b-bc62-032e5294b4a1","local_time":"20190808114923","is_ascension_mode":true,"campfire_choices":[{"data":"Bludgeon","floor":6.0,"key":"SMITH"},{"data":"Bash","floor":10.0,"key":"SMITH"},{"data":"Flame Barrier","floor":12.0,"key":"SMITH"},{"data":"True Grit","floor":15.0,"key":"SMITH"},{"data":"Shrug It Off","floor":23.0,"key":"SMITH"},{"data":"Battle Trance","floor":27.0,"key":"SMITH"},{"data":"Offering","floor":32.0,"key":"SMITH"},{"data":"Demon Form","floor":42,"key":"SMITH"},{"data":"Defend_R","floor":49,"key":"SMITH"}],"neow_cost":"PERCENT_DAMAGE","seed_source_timestamp":6689394212034,"circlet_count":0,"master_deck":["Strike_R+1","Defend_R","Defend_R","Defend_R+1","Bash+1","AscMod:ascendersbane","Bludgeon+1","Flame Barrier+1","Battle Trance+1","Offering+1","True Grit+1","Immolate+1","Shrug It Off+1","Bludgeon+1","Barricade","Demon Form+1","Clothesline+1"],"special_seed":0,"relics":["Burning Blood","Blood Vial","Darkstone Periapt","Orichalcum","Shuriken","Snecko Eye","Whetstone","DollysMirror","Ancient Tea Set","Pear","Pocketwatch","Matryoshka","Omamori","Coffee Dripper","Unceasing Top","Meat on the Bone","Juzu Bracelet","Pantograph","Vajra"],"potions_floor_usage":[51],"damage_taken":[{"damage":0.0,"enemies":"Cultist","floor":1.0,"turns":2.0},{"damage":7.0,"enemies":"Jaw Worm","floor":2.0,"turns":3.0},{"damage":1.0,"enemies":"2 Louse","floor":4.0,"turns":3.0},{"damage":0.0,"enemies":"Exordium Wildlife","floor":5.0,"turns":3.0},{"damage":15.0,"enemies":"3 Sentries","floor":7.0,"turns":9.0},{"damage":6.0,"enemies":"Gremlin Nob","floor":13.0,"turns":2.0},{"damage":11.0,"enemies":"Exordium Thugs","floor":14.0,"turns":4.0},{"damage":6.0,"enemies":"The Guardian","floor":16.0,"turns":11.0},{"damage":0.0,"enemies":"Chosen","floor":18.0,"turns":3.0},{"damage":5.0,"enemies":"2 Thieves","floor":21.0,"turns":2.0},{"damage":9.0,"enemies":"Snake Plant","floor":22.0,"turns":3.0},{"damage":19.0,"enemies":"Book of Stabbing","floor":25.0,"turns":3.0},{"damage":0.0,"enemies":"Colosseum Slavers","floor":29.0,"turns":1.0},{"damage":0.0,"enemies":"Colosseum Nobs","floor":29.0,"turns":3.0},{"damage":7.0,"enemies":"Gremlin Leader","floor":30.0,"turns":4.0},{"damage":0.0,"enemies":"Chosen and Byrds","floor":31.0,"turns":3.0},{"damage":14.0,"enemies":"Automaton","floor":33.0,"turns":7.0},{"damage":5.0,"enemies":"3 Shapes","floor":35.0,"turns":3.0},{"damage":28,"enemies":"2 Orb Walkers","floor":36,"turns":4},{"damage":5,"enemies":"Orb Walker","floor":39,"turns":2},{"damage":15,"enemies":"Giant Head","floor":40,"turns":4},{"damage":10,"enemies":"Writhing Mass","floor":41,"turns":3},{"damage":0,"enemies":"Sphere and 2 Shapes","floor":44,"turns":1},{"damage":18,"enemies":"3 Darklings","floor":46,"turns":4},{"damage":8,"enemies":"Maw","floor":48,"turns":7},{"damage":16,"enemies":"Awakened One","floor":50,"turns":9},{"damage":41,"enemies":"Time Eater","floor":51,"turns":8}],"seed_played":"-5644463182681355908","potions_obtained":[{"floor":1.0,"key":"Swift Potion"},{"floor":2.0,"key":"Fire Potion"},{"floor":18.0,"key":"Strength Potion"},{"floor":22.0,"key":"Block Potion"},{"floor":31.0,"key":"Strength Potion"},{"floor":36,"key":"Strength Potion"},{"floor":40,"key":"Fire Potion"},{"floor":48,"key":"Energy Potion"}],"is_trial":false,"path_per_floor":["M","M","?","M","M","R","E","?","T","R","?","R","?","M","R","B",null,"M","?","T","M","M","R","$","E","T","R","?","?","E","M","R","B",null,"M","?","?","?","M","E","M","R","T","M","$","M","$","M","R","B","B",null],"character_chosen":"IRONCLAD","items_purchased":["DollysMirror","Vajra"],"campfire_rested":0,"item_purchase_floors":[24,45],"current_hp_per_floor":[55,53,53,57,62,62,52,41,41,41,34,34,35,31,31,32,58,65,65,65,67,65,65,65,53,61,61,35,49,49,56,56,49,74,76,55,55,69,71,63,60,60,60,67,67,56,56,55,55,66,52],"gold":49,"neow_bonus":"THREE_RARE_CARDS","is_prod":false,"is_daily":false,"chose_seed":false,"campfire_upgraded":9,"win_rate":0,"timestamp":1565239763,"path_taken":["M","M","?","M","M","R","E","?","T","R","?","R","?","M","R","BOSS","M","?","?","?","M","R","$","E","T","R","?","?","E","M","R","BOSS","M","?","?","?","M","E","M","R","T","M","$","M","?","M","R","BOSS","BOSS"],"build_version":"2019-07-18","purchased_purges":2,"victory":true,"max_hp_per_floor":[75,75,75,75,75,75,75,75,75,75,75,75,75,75,75,75,75,75,75,75,75,75,75,75,75,85,85,90,90,90,90,90,90,90,90,90,90,90,90,90,90,90,90,90,90,90,90,90,90,90,90],"card_choices":[{"not_picked":["Juggernaut","Dark Embrace"],"picked":"Bludgeon","floor":0.0},{"not_picked":["Fire Breathing","Perfected Strike"],"picked":"Flame Barrier","floor":1.0},{"not_picked":["Flame Barrier","Sentinel","Headbutt"],"picked":"SKIP","floor":2.0},{"not_picked":["Headbutt","Intimidate"],"picked":"Battle Trance","floor":4.0},{"not_picked":["Infernal Blade","Perfected Strike","Heavy Blade"],"picked":"SKIP","floor":5.0},{"not_picked":["Second Wind","Cleave"],"picked":"Offering","floor":7.0},{"not_picked":["Perfected Strike","Clash"],"picked":"True Grit","floor":14.0},{"not_picked":["Bludgeon","Dark Embrace"],"picked":"Immolate","floor":16.0},{"not_picked":["Warcry","Bloodletting","Headbutt+1"],"picked":"SKIP","floor":18.0},{"not_picked":["Heavy Blade","True Grit"],"picked":"Shrug It Off","floor":21.0},{"not_picked":["Thunderclap","Rupture","Warcry"],"picked":"SKIP","floor":22.0},{"not_picked":["Iron Wave","Rage"],"picked":"Barricade","floor":25.0},{"not_picked":["Pommel Strike","Dual Wield","Shrug It Off"],"picked":"SKIP","floor":30.0},{"not_picked":["Headbutt","Fire Breathing","Thunderclap"],"picked":"SKIP","floor":31.0},{"not_picked":["Feed","Brutality"],"picked":"Demon Form","floor":33.0},{"not_picked":["Cleave","Rage","Havoc"],"picked":"SKIP","floor":35.0},{"not_picked":["Feel No Pain","Twin Strike","Pommel Strike"],"picked":"SKIP","floor":39},{"not_picked":["Metallicize","Iron Wave+1","Blood for Blood+1"],"picked":"SKIP","floor":40},{"not_picked":["Warcry+1","Headbutt+1","Ghostly Armor+1"],"picked":"SKIP","floor":41},{"not_picked":["Iron Wave+1","Thunderclap","Seeing Red"],"picked":"SKIP","floor":44},{"not_picked":["Berserk","Thunderclap"],"picked":"Clothesline+1","floor":46},{"not_picked":["Inflame","Iron Wave","Twin Strike"],"picked":"SKIP","floor":48}],"player_experience":1053439,"relics_obtained":[{"floor":7.0,"key":"Blood Vial"},{"floor":9.0,"key":"Orichalcum"},{"floor":13.0,"key":"Shuriken"},{"floor":20.0,"key":"Whetstone"},{"floor":25.0,"key":"Ancient Tea Set"},{"floor":26.0,"key":"Pear"},{"floor":29.0,"key":"Pocketwatch"},{"floor":29.0,"key":"Matryoshka"},{"floor":30.0,"key":"Omamori"},{"floor":36,"key":"Unceasing Top"},{"floor":40,"key":"Meat on the Bone"},{"floor":43,"key":"Juzu Bracelet"},{"floor":43,"key":"Pantograph"}],"event_choices":[{"cards_removed":["Strike_R"],"damage_healed":0.0,"max_hp_gain":0.0,"max_hp_loss":0.0,"gold_gain":0.0,"event_name":"Living Wall","player_choice":"Forget","floor":3.0,"gold_loss":0.0,"damage_taken":0.0},{"damage_healed":0.0,"max_hp_gain":0.0,"max_hp_loss":0.0,"gold_gain":0.0,"event_name":"Scrap Ooze","player_choice":"Success","floor":8.0,"gold_loss":0.0,"damage_taken":11.0,"relics_obtained":["Darkstone Periapt"]},{"cards_removed":["Strike_R"],"damage_healed":0.0,"max_hp_gain":0.0,"max_hp_loss":0.0,"gold_gain":0.0,"event_name":"Golden Wing","player_choice":"Card Removal","floor":11.0,"gold_loss":0.0,"damage_taken":7.0},{"damage_healed":0.0,"max_hp_gain":0.0,"max_hp_loss":0.0,"gold_gain":0.0,"event_name":"Dead Adventurer","player_choice":"Searched \u00272\u0027 times","floor":13.0,"gold_loss":0.0,"damage_taken":0.0},{"cards_removed":["Strike_R"],"damage_healed":0.0,"max_hp_gain":0.0,"max_hp_loss":0.0,"gold_gain":0.0,"event_name":"Back to Basics","player_choice":"Elegance","floor":19.0,"gold_loss":0.0,"damage_taken":0.0},{"damage_healed":0.0,"max_hp_gain":5.0,"max_hp_loss":0.0,"gold_gain":0.0,"event_name":"Forgotten Altar","player_choice":"Shed Blood","floor":28.0,"gold_loss":0.0,"damage_taken":30.0},{"damage_healed":0.0,"max_hp_gain":0.0,"max_hp_loss":0.0,"gold_gain":0.0,"event_name":"Colosseum","player_choice":"Fight","floor":29.0,"gold_loss":0.0,"damage_taken":0.0},{"damage_healed":0.0,"max_hp_gain":0.0,"max_hp_loss":0.0,"gold_gain":0.0,"event_name":"Colosseum","player_choice":"Fought Nobs","floor":29.0,"gold_loss":0.0,"damage_taken":0.0},{"damage_healed":0,"gold_gain":0,"player_choice":"Fight","damage_taken":0,"max_hp_gain":0,"max_hp_loss":0,"event_name":"Mysterious Sphere","floor":36,"gold_loss":0},{"damage_healed":0,"gold_gain":0,"player_choice":"Memory 1","damage_taken":0,"max_hp_gain":0,"max_hp_loss":0,"event_name":"SensoryStone","floor":37,"gold_loss":0},{"damage_healed":18,"gold_gain":0,"player_choice":"Writhe","damage_taken":0,"max_hp_gain":0,"max_hp_loss":0,"event_name":"Winding Halls","floor":38,"gold_loss":0,"cards_obtained":["Writhe"]}],"is_beta":true,"boss_relics":[{"not_picked":["Busted Crown","Philosopher\u0027s Stone"],"picked":"Snecko Eye"},{"not_picked":["White Beast Statue","Runic Pyramid"],"picked":"Coffee Dripper"}],"items_purged_floors":[24,45],"is_endless":false,"potions_floor_spawned":[1,2,7,16,18,22,29,31,36,40,41,44,48],"ascension_level":24}