{"gold_per_floor":[114,12,27,42,57,57,57,57,57,65,80,95,147,177,177,277,277,292,307,307,307,322,322,337,337,362,392,3,18,33,33,33,133,133,148,163,178,193,29,29,59,74,99,99,99,114,114,129,129,129],"floor_reached":51,"playtime":1602,"items_purged":["Strike_B","Strike_B","Dualcast"],"score":753,"play_id":"778fa710-1e9e-4dfc-a87d-e8900bcc4f86","local_time":"20180718105843","daily_mods":["Heirloom","Uncertain Future","Binary"],"is_ascension_mode":false,"campfire_choices":[{"data":"1","floor":6,"key":"LIFT"},{"data":"2","floor":8,"key":"LIFT"},{"data":"3","floor":15,"key":"LIFT"},{"data":"Buffer","floor":23,"key":"SMITH"},{"data":"Beam Cell","floor":25,"key":"SMITH"},{"data":"Conserve Battery","floor":32,"key":"SMITH"},{"data":"FTL","floor":40,"key":"SMITH"},{"data":"Gash","floor":45,"key":"SMITH"},{"data":"Gash","floor":49,"key":"SMITH"}],"neow_cost":"","seed_source_timestamp":0,"circlet_count":0,"master_deck":["Defend_B","Defend_B","Defend_B","Defend_B","Zap","Ball Lightning","Gash+1","Gash","Gash+1","Self Repair","Conserve Battery+1","FTL+1","Beam Cell+1","Buffer+1","Sweeping Beam","Rip and Tear","Swift Strike","Leap+1","Gash","Steam Power+1","Sweeping Beam","Rebound","All For One","Leap+1","Skim+1","Auto Shields+1","Glacier+1"],"special_seed":17730,"relics":["Cracked Core","Girya","Dream Catcher","Odd Mushroom","Strawberry","Toxic Egg 2","Coffee Dripper","Bag of Marbles","Bag of Preparation","ClockworkSouvenir","Black Star","Centennial Puzzle","Oddly Smooth Stone","Orichalcum"],"potions_floor_usage":[10,13,14,16,16,24,50,50,50],"damage_taken":[{"damage":3,"enemies":"Small Slimes","floor":1,"turns":3},{"damage":0,"enemies":"2 Louse","floor":3,"turns":3},{"damage":1,"enemies":"Jaw Worm","floor":4,"turns":2},{"damage":7,"enemies":"Blue Slaver","floor":5,"turns":3},{"damage":13,"floor":10,"turns":3},{"damage":0,"enemies":"Large Slime","floor":11,"turns":4},{"damage":5,"enemies":"3 Louse","floor":12,"turns":3},{"damage":9,"enemies":"3 Sentries","floor":13,"turns":4},{"damage":4,"enemies":"3 Sentries","floor":14,"turns":6},{"damage":8,"enemies":"The Guardian","floor":16,"turns":9},{"damage":5,"enemies":"Shell Parasite","floor":18,"turns":4},{"damage":8,"enemies":"2 Thieves","floor":19,"turns":4},{"damage":18,"enemies":"Snake Plant","floor":22,"turns":3},{"damage":7,"enemies":"3 Cultists","floor":24,"turns":4},{"damage":0,"enemies":"Gremlin Leader","floor":27,"turns":6},{"damage":0,"enemies":"Snecko","floor":29,"turns":2},{"damage":0,"enemies":"Centurion and Healer","floor":30,"turns":4},{"damage":42,"enemies":"Champ","floor":33,"turns":7},{"damage":17,"enemies":"3 Darklings","floor":35,"turns":2},{"damage":0,"enemies":"Orb Walker","floor":36,"turns":2},{"damage":3,"enemies":"4 Shapes","floor":37,"turns":2},{"damage":0,"enemies":"Spire Growth","floor":38,"turns":2},{"damage":7,"enemies":"Nemesis","floor":41,"turns":5},{"damage":0,"enemies":"Transient","floor":42,"turns":5},{"damage":0,"enemies":"Sphere and 2 Shapes","floor":46,"turns":2},{"damage":0,"enemies":"4 Shapes","floor":48,"turns":3},{"damage":76,"enemies":"Time Eater","floor":50,"turns":13}],"seed_played":"-3893125077617489196","potions_obtained":[{"floor":1,"key":"Regen Potion"},{"floor":5,"key":"Poison Potion"},{"floor":11,"key":"SkillPotion"},{"floor":13,"key":"EssenceOfSteel"},{"floor":14,"key":"SpeedPotion"},{"floor":16,"key":"FearPotion"},{"floor":18,"key":"Dexterity Potion"},{"floor":19,"key":"Dexterity Potion"},{"floor":22,"key":"Regen Potion"},{"floor":33,"key":"Dexterity Potion"}],"is_trial":false,"path_per_floor":["M","$","M","M","M","R","?","R","T","?","M","M","?","E","R","B",null,"M","M","?","?","M","R","M","R","T","E","$","M","M","?","R","B",null,"M","M","M","M","$","R","E","M","T","?","R","M","?","M","R","B"],"character_chosen":"DEFECT","items_purchased":["Ball Lightning","Gash","Steam Power+1","ClockworkSouvenir","Skim+1"],"campfire_rested":0,"item_purchase_floors":[2,28,28,28,39],"current_hp_per_floor":[72,72,72,71,64,64,64,64,64,60,67,69,74,77,77,76,82,82,81,65,65,47,47,59,59,59,66,66,73,80,80,80,38,87,77,77,74,74,74,74,67,74,74,74,74,81,81,87,87,18],"gold":129,"neow_bonus":"","is_prod":false,"is_daily":true,"chose_seed":false,"campfire_upgraded":6,"win_rate":0,"timestamp":1531886323,"path_taken":["M","$","M","M","M","R","?","R","T","?","M","M","?","E","R","BOSS","M","M","?","?","M","R","M","R","T","E","$","M","M","?","R","BOSS","M","M","M","?","$","R","E","M","T","?","R","M","?","M","R","BOSS"],"build_version":"2018-07-16","purchased_purges":3,"victory":true,"max_hp_per_floor":[75,75,75,75,75,75,75,75,75,75,75,75,82,82,82,82,82,82,82,87,87,87,87,87,87,87,87,87,87,87,87,87,87,87,87,87,87,87,87,87,87,87,87,87,87,87,87,87,87,87],"card_choices":[{"not_picked":["Darkness","Recycle"],"picked":"SKIP","floor":1},{"not_picked":["Heatsinks"],"picked":"Gash","floor":3},{"not_picked":["BootSequence"],"picked":"Gash","floor":4},{"not_picked":["Steam"],"picked":"Gash","floor":5},{"not_picked":["Skim"],"picked":"Self Repair","floor":10},{"not_picked":["Double Energy","Reprogram"],"picked":"SKIP","floor":11},{"not_picked":["Redo"],"picked":"Conserve Battery","floor":12},{"not_picked":["Coolheaded"],"picked":"FTL","floor":13},{"not_picked":["Seek"],"picked":"Beam Cell","floor":14},{"not_picked":["Meteor Strike"],"picked":"Buffer","floor":16},{"not_picked":["Turbo+1","Loop"],"picked":"SKIP","floor":18},{"not_picked":["Cold Snap"],"picked":"Sweeping Beam","floor":19},{"not_picked":["Streamline+1"],"picked":"Leap+1","floor":22},{"not_picked":["Recycle+1","Darkness+1"],"picked":"SKIP","floor":24},{"not_picked":["Consume+1","Recycle+1"],"picked":"SKIP","floor":27},{"not_picked":["Redo+1","Static Discharge"],"picked":"SKIP","floor":29},{"not_picked":["Blizzard"],"picked":"Sweeping Beam","floor":30},{"not_picked":["Machine Learning"],"picked":"All For One","floor":33},{"not_picked":["Ball Lightning","Darkness+1"],"picked":"SKIP","floor":35},{"not_picked":["Steam+1"],"picked":"Leap+1","floor":36},{"not_picked":["Cold Snap+1","Rebound"],"picked":"SKIP","floor":37},{"not_picked":["Cold Snap","Sweeping Beam"],"picked":"SKIP","floor":38},{"not_picked":["Genetic Algorithm+1"],"picked":"Auto Shields+1","floor":41},{"not_picked":["Conserve Battery+1"],"picked":"Glacier+1","floor":42},{"not_picked":["Compile Driver","Steam Power+1"],"picked":"SKIP","floor":46},{"not_picked":["Coolheaded+1","Streamline+1"],"picked":"SKIP","floor":48}],"player_experience":229682,"relics_obtained":[{"floor":9,"key":"Dream Catcher"},{"floor":10,"key":"Odd Mushroom"},{"floor":13,"key":"Strawberry"},{"floor":14,"key":"Toxic Egg 2"},{"floor":26,"key":"Bag of Marbles"},{"floor":27,"key":"Bag of Preparation"},{"floor":41,"key":"Centennial Puzzle"},{"floor":41,"key":"Oddly Smooth Stone"},{"floor":43,"key":"Orichalcum"}],"event_choices":[{"event_name":"Living Wall","player_choice":"Forget","floor":7,"damage_taken":0},{"event_name":"Mushrooms","player_choice":"Fought Mushrooms","floor":10,"damage_taken":0},{"event_name":"Dead Adventurer","player_choice":"Searched \u00271\u0027 times","floor":13,"damage_taken":0},{"event_name":"Forgotten Altar","player_choice":"Shed Blood","floor":20,"damage_taken":0},{"event_name":"Match and Keep!","player_choice":"2 cards matched","floor":21,"damage_taken":0},{"event_name":"Transmorgrifier","player_choice":"Transform","floor":31,"damage_taken":0},{"event_name":"SensoryStone","player_choice":"Memory 1","floor":44,"damage_taken":0},{"event_name":"The Woman in Blue","player_choice":"Bought 0 Potions","floor":47,"damage_taken":0}],"boss_relics":[{"not_picked":["Runic Pyramid","Nuclear Battery"],"picked":"Coffee Dripper"},{"not_picked":["Velvet Choker","Inserter"],"picked":"Black Star"}],"items_purged_floors":[2,28,39],"is_endless":false,"potions_floor_spawned":[1,5,11,13,14,16,18,19,22,33,35,38,41,48],"ascension_level":0}