{"gold_per_floor":[114,39,65,77,27,27,41,41,41,56,75,88,121,136,136,136],"floor_reached":16,"playtime":677,"items_purged":["Doubt"],"score":120,"play_id":"b20f73d1-c35a-459b-83eb-782c04a64d01","local_time":"20190927063925","is_ascension_mode":true,"campfire_choices":[{"data":"Rupture","floor":6,"key":"SMITH"},{"floor":8,"key":"REST"},{"floor":15,"key":"REST"}],"neow_cost":"NONE","seed_source_timestamp":1266419928574300,"circlet_count":0,"master_deck":["Strike_R","Strike_R","Strike_R","Strike_R","Strike_R","Defend_R","Defend_R+1","Defend_R","Defend_R","Bash","Injury","Rupture+1","Iron Wave","Pommel Strike","Flex+1","Body Slam","Reckless Charge","Whirlwind","Clash"],"relics":["Calling Bell","Ancient Tea Set","Question Card","Calipers","Art of War","Bag of Marbles","War Paint"],"potions_floor_usage":[11,13,16,16],"damage_taken":[{"damage":18,"enemies":"Cultist","floor":1,"turns":6},{"damage":0,"enemies":"Jaw Worm","floor":4,"turns":3},{"damage":5,"enemies":"2 Louse","floor":7,"turns":2},{"damage":11,"enemies":"Looter","floor":10,"turns":4},{"damage":4,"enemies":"Red Slaver","floor":11,"turns":4},{"damage":1,"enemies":"Exordium Wildlife","floor":12,"turns":4},{"damage":40,"enemies":"3 Sentries","floor":13,"turns":10},{"damage":8,"enemies":"Blue Slaver","floor":14,"turns":3},{"damage":40,"enemies":"Hexaghost","floor":16,"turns":9}],"seed_played":"5421333991050230726","potions_obtained":[{"floor":1,"key":"SpeedPotion"},{"floor":7,"key":"SneckoOil"},{"floor":12,"key":"SpeedPotion"},{"floor":14,"key":"Weak Potion"}],"is_trial":false,"path_per_floor":["M","$","T","M","?","R","M","R","T","M","M","M","E","M","R","B"],"character_chosen":"IRONCLAD","items_purchased":[],"campfire_rested":2,"item_purchase_floors":[],"current_hp_per_floor":[62,62,62,62,62,62,57,80,80,69,65,64,24,16,40,0],"gold":136,"neow_bonus":"BOSS_RELIC","is_prod":false,"is_daily":false,"chose_seed":false,"campfire_upgraded":1,"win_rate":0,"timestamp":1569580765,"path_taken":["M","$","?","?","?","R","M","R","T","M","M","M","E","M","R","BOSS"],"build_version":"2019-07-17","purchased_purges":1,"victory":false,"max_hp_per_floor":[80,80,80,80,80,80,80,80,80,80,80,80,80,80,80,80],"card_choices":[{"not_picked":["Shrug It Off","Cleave","Warcry"],"picked":"Rupture","floor":1},{"not_picked":["Pommel Strike","Intimidate","Feel No Pain"],"picked":"Iron Wave","floor":4},{"not_picked":["Warcry","Impervious","Clash"],"picked":"Pommel Strike","floor":7},{"not_picked":["Sword Boomerang","Heavy Blade","Intimidate"],"picked":"Flex","floor":10},{"not_picked":["Disarm","Headbutt","Wild Strike"],"picked":"Body Slam","floor":11},{"not_picked":["True Grit","Flex","Clothesline"],"picked":"Reckless Charge","floor":12},{"not_picked":["Entrench","Carnage","Rampage"],"picked":"Whirlwind","floor":13},{"not_picked":["Twin Strike","Flex","Pummel"],"picked":"Clash","floor":14}],"player_experience":111138,"relics_obtained":[{"floor":0,"key":"Ancient Tea Set"},{"floor":0,"key":"Question Card"},{"floor":0,"key":"Calipers"},{"floor":3,"key":"Art of War"},{"floor":9,"key":"Bag of Marbles"},{"floor":13,"key":"War Paint"}],"event_choices":[{"cards_removed":["Writhe"],"damage_healed":0,"gold_gain":0,"player_choice":"Card Removal","damage_taken":0,"max_hp_gain":0,"max_hp_loss":0,"event_name":"The Cleric","floor":5,"gold_loss":50}],"is_beta":false,"boss_relics":[],"items_purged_floors":[2],"is_endless":false,"potions_floor_spawned":[1,7,12,14],"killed_by":"Hexaghost","ascension_level":3}