{"gold_per_floor":[109,384,395,412,436,436,461,541,541,541,71,71,98,116,116,221,221,236,252,16,16,30,60,60,0,0,0,30,30,59,78,78,183,183,198,0,10,10,10,10,10,39,39,39,64,64,75,175,175,175,175,175,13,45,45],"floor_reached":56,"playtime":2617,"items_purged":["Regret"],"score":1595,"play_id":"1fe26809-f428-4bdb-a0c5-eb5f5e3d42d8","local_time":"20190927090036","is_ascension_mode":true,"campfire_choices":[{"floor":6,"key":"REST"},{"floor":12,"key":"REST"},{"floor":15,"key":"RECALL"},{"data":"Bludgeon","floor":24,"key":"SMITH"},{"data":"Perfected Strike","floor":29,"key":"SMITH"},{"data":"Impervious","floor":32,"key":"SMITH"},{"data":"Immolate","floor":40,"key":"SMITH"},{"data":"Bash","floor":46,"key":"SMITH"},{"floor":49,"key":"REST"},{"data":"Fiend Fire","floor":52,"key":"SMITH"}],"neow_cost":"NONE","seed_source_timestamp":1272929750286400,"circlet_count":0,"master_deck":["Strike_R","Strike_R","Strike_R","Strike_R","Strike_R","Defend_R","Defend_R","Defend_R","Bash+1","Blood for Blood","Perfected Strike+1","Havoc","Barricade","Heavy Blade","Impervious+1","Body Slam+1","Shrug It Off+1","Bludgeon+1","Evolve","Cleave+1","Flame Barrier+1","Immolate+1","Perfected Strike+1","Cleave+1","Madness","Madness","Clothesline+1","Fiend Fire+1"],"relics":["Snecko Eye","Lantern","Juzu Bracelet","Ornamental Fan","Self Forming Clay","Strawberry","PreservedInsect","Runic Cube","Mango","Potion Belt","Bag of Marbles","The Courier","White Beast Statue","Red Mask","Shuriken","Blue Candle","Bronze Scales","FossilizedHelix","Pen Nib","Mummified Hand"],"potions_floor_usage":[7,14,33,35,55,55,55,55,55,55,55,55,55,55],"damage_taken":[{"damage":1,"enemies":"Cultist","floor":1,"turns":3},{"damage":11,"enemies":"Jaw Worm","floor":3,"turns":2},{"damage":15,"enemies":"Small Slimes","floor":4,"turns":3},{"damage":29,"enemies":"Lagavulin","floor":7,"turns":6},{"damage":14,"enemies":"Gremlin Nob","floor":13,"turns":3},{"damage":9,"enemies":"Looter","floor":14,"turns":3},{"damage":42,"enemies":"The Guardian","floor":16,"turns":7},{"damage":0,"enemies":"3 Byrds","floor":18,"turns":5},{"damage":2,"enemies":"Spheric Guardian","floor":19,"turns":3},{"damage":3,"enemies":"Shelled Parasite and Fungi","floor":22,"turns":3},{"damage":9,"enemies":"Book of Stabbing","floor":23,"turns":3},{"damage":3,"enemies":"Slavers","floor":28,"turns":4},{"damage":0,"enemies":"Book of Stabbing","floor":30,"turns":3},{"damage":20,"enemies":"Snake Plant","floor":31,"turns":4},{"damage":8,"enemies":"Collector","floor":33,"turns":7},{"damage":0,"enemies":"3 Shapes","floor":35,"turns":3},{"damage":13,"enemies":"3 Darklings","floor":37,"turns":4},{"damage":0,"enemies":"Reptomancer","floor":42,"turns":2},{"damage":0,"enemies":"Nemesis","floor":45,"turns":3},{"damage":22,"enemies":"4 Shapes","floor":47,"turns":4},{"damage":0,"enemies":"Mind Bloom Boss Battle","floor":48,"turns":4},{"damage":31,"enemies":"Time Eater","floor":50,"turns":9},{"damage":40,"enemies":"Shield and Spear","floor":54,"turns":4},{"damage":51,"enemies":"The Heart","floor":55,"turns":6}],"seed_played":"-7846700903406881170","potions_obtained":[{"floor":4,"key":"Weak Potion"},{"floor":7,"key":"Ancient Potion"},{"floor":14,"key":"Fruit Juice"},{"floor":30,"key":"Strength Potion"},{"floor":31,"key":"Ancient Potion"},{"floor":33,"key":"Explosive Potion"},{"floor":35,"key":"Strength Potion"},{"floor":37,"key":"EntropicBrew"},{"floor":45,"key":"Dexterity Potion"},{"floor":47,"key":"SpeedPotion"},{"floor":48,"key":"Weak Potion"}],"is_trial":false,"path_per_floor":["M","?","M","M","T","R","E","T","T","?","$","R","E","M","R","B",null,"M","M","$","?","M","E","R","?","T","$","E","R","E","M","R","B",null,"M","?","M","?","?","R","?","E","T","?","E","R","M","?","R","B",null,"R","$","E","B",null],"character_chosen":"IRONCLAD","items_purchased":["Self Forming Clay","Strawberry","Bludgeon","BloodPotion","Pen Nib","PowerPotion"],"campfire_rested":3,"item_purchase_floors":[11,11,20,20,53,53],"current_hp_per_floor":[79,79,68,53,53,77,48,48,48,53,60,87,73,69,69,27,97,97,95,95,95,92,97,97,97,97,97,94,94,94,74,74,66,111,111,111,98,98,98,98,111,111,111,97,97,97,75,75,108,77,111,111,111,71,62],"gold":45,"neow_bonus":"BOSS_RELIC","is_prod":false,"is_daily":false,"chose_seed":false,"campfire_upgraded":6,"win_rate":0,"timestamp":1569589236,"path_taken":["M","?","M","?","?","R","E","?","T","?","$","R","E","M","R","BOSS","M","M","$","?","M","E","R","?","T","$","E","R","E","M","R","BOSS","M","?","M","?","?","R","?","E","T","?","E","R","M","?","R","BOSS","R","$","E","BOSS"],"build_version":"2019-07-17","purchased_purges":1,"victory":true,"max_hp_per_floor":[80,80,80,80,80,80,80,80,80,85,92,92,92,97,97,97,97,97,97,97,97,97,111,111,111,111,111,111,111,111,111,111,111,111,111,111,111,111,111,111,111,111,111,111,111,111,111,111,111,111,111,111,111,111,111],"card_choices":[{"not_picked":["Clothesline","Bloodletting"],"picked":"Blood for Blood","floor":1},{"not_picked":["Havoc","Clash"],"picked":"Perfected Strike","floor":3},{"not_picked":["Inflame","True Grit"],"picked":"Havoc","floor":4},{"not_picked":["Flex","Havoc"],"picked":"Barricade","floor":7},{"not_picked":["Wild Strike","Dropkick","Infernal Blade"],"picked":"SKIP","floor":13},{"not_picked":["Reckless Charge","Sword Boomerang"],"picked":"Heavy Blade","floor":14},{"not_picked":["Fiend Fire","Exhume"],"picked":"Impervious","floor":16},{"not_picked":["Twin Strike","Havoc+1"],"picked":"Body Slam+1","floor":18},{"not_picked":["Wild Strike","Twin Strike"],"picked":"Shrug It Off+1","floor":19},{"not_picked":["Double Tap","Headbutt"],"picked":"Evolve","floor":22},{"not_picked":["Seeing Red+1","Infernal Blade"],"picked":"Cleave+1","floor":23},{"not_picked":["Shrug It Off+1","Clothesline","True Grit"],"picked":"SKIP","floor":28},{"not_picked":["Feel No Pain+1","Headbutt","Anger+1"],"picked":"SKIP","floor":30},{"not_picked":["Bloodletting","Shrug It Off"],"picked":"Flame Barrier+1","floor":31},{"not_picked":["Barricade","Double Tap"],"picked":"Immolate","floor":33},{"not_picked":["Combust","Dropkick+1"],"picked":"Perfected Strike+1","floor":35},{"not_picked":["Rupture+1","Twin Strike+1"],"picked":"Cleave+1","floor":37},{"not_picked":["Iron Wave","Heavy Blade","Armaments+1"],"picked":"SKIP","floor":42},{"not_picked":["Warcry","Evolve+1"],"picked":"Clothesline+1","floor":45},{"not_picked":["Anger","Clash","Heavy Blade"],"picked":"SKIP","floor":47},{"not_picked":["Rupture","Clothesline"],"picked":"Fiend Fire","floor":48},{"not_picked":["Warcry+1","Infernal Blade","Pommel Strike"],"picked":"SKIP","floor":54}],"player_experience":117594,"relics_obtained":[{"floor":5,"key":"Lantern"},{"floor":7,"key":"Juzu Bracelet"},{"floor":9,"key":"Ornamental Fan"},{"floor":13,"key":"PreservedInsect"},{"floor":23,"key":"Mango"},{"floor":26,"key":"Potion Belt"},{"floor":28,"key":"Bag of Marbles"},{"floor":30,"key":"The Courier"},{"floor":42,"key":"Shuriken"},{"floor":43,"key":"Blue Candle"},{"floor":45,"key":"Bronze Scales"},{"floor":48,"key":"FossilizedHelix"},{"floor":54,"key":"Mummified Hand"}],"event_choices":[{"damage_healed":0,"gold_gain":275,"player_choice":"Desecrate","damage_taken":0,"max_hp_gain":0,"max_hp_loss":0,"event_name":"Golden Shrine","floor":2,"gold_loss":0,"cards_obtained":["Regret"]},{"damage_healed":0,"gold_gain":0,"player_choice":"Donut","damage_taken":0,"max_hp_gain":5,"max_hp_loss":0,"event_name":"Big Fish","floor":10,"gold_loss":0},{"damage_healed":0,"gold_gain":0,"player_choice":"Ignored","damage_taken":0,"max_hp_gain":0,"max_hp_loss":0,"event_name":"Ghosts","floor":21,"gold_loss":0},{"damage_healed":0,"gold_gain":0,"player_choice":"Paid Fearfully","damage_taken":0,"max_hp_gain":0,"max_hp_loss":0,"event_name":"Masked Bandits","floor":25,"gold_loss":60},{"damage_healed":0,"gold_gain":0,"player_choice":"Paid","damage_taken":0,"relics_obtained":["Red Mask"],"max_hp_gain":0,"max_hp_loss":0,"event_name":"Tomb of Lord Red Mask","floor":36,"gold_loss":198},{"damage_healed":0,"gold_gain":0,"player_choice":"Memory 1","damage_taken":0,"max_hp_gain":0,"max_hp_loss":0,"event_name":"SensoryStone","floor":38,"gold_loss":0},{"cards_removed":["Defend_R"],"damage_healed":0,"gold_gain":0,"player_choice":"Removed Skill","damage_taken":0,"max_hp_gain":0,"max_hp_loss":0,"event_name":"Falling","floor":39,"gold_loss":0},{"damage_healed":13,"gold_gain":0,"player_choice":"Full Heal","damage_taken":0,"max_hp_gain":0,"max_hp_loss":0,"event_name":"Wheel of Change","floor":41,"gold_loss":0},{"damage_healed":0,"gold_gain":0,"player_choice":"Embrace Madness","damage_taken":14,"max_hp_gain":0,"max_hp_loss":0,"event_name":"Winding Halls","floor":44,"gold_loss":0,"cards_obtained":["Madness","Madness"]},{"damage_healed":0,"gold_gain":0,"player_choice":"Fight","damage_taken":0,"max_hp_gain":0,"max_hp_loss":0,"event_name":"MindBloom","floor":48,"gold_loss":0}],"is_beta":false,"boss_relics":[{"not_picked":["Tiny House","Philosopher\u0027s Stone"],"picked":"Runic Cube"},{"not_picked":["Empty Cage","Sozu"],"picked":"White Beast Statue"}],"items_purged_floors":[11],"is_endless":false,"potions_floor_spawned":[4,7,14,30,31,33,35,37,42,45,47,48,54],"ascension_level":4}