{"gold_per_floor":[12,12,27,27,27,27,36,50,90,90,90,111,111,25,25,87,87,101,111,26,26,0,0,26,42,107,107,7,7,7,17,17,78,78,86,86,86,100,111,111,191,191,191,201,201,211,86,100,100,100,100],"floor_reached":52,"playtime":1383,"items_purged":["Strike_P","Protect+1"],"score":2446,"play_id":"e4323afa-8185-4894-b22a-08ecf221be77","local_time":"20190925182607","is_ascension_mode":true,"campfire_choices":[{"data":"Eruption","floor":6.0,"key":"SMITH"},{"data":"Vigilance","floor":10.0,"key":"SMITH"},{"data":"Protect","floor":15.0,"key":"SMITH"},{"data":"WheelKick","floor":23.0,"key":"SMITH"},{"data":"SandsOfTime","floor":27.0,"key":"SMITH"},{"data":"Wallop","floor":29.0,"key":"SMITH"},{"data":"DeusExMachina","floor":32.0,"key":"SMITH"},{"floor":40.0,"key":"RECALL"}],"neow_cost":"NO_GOLD","seed_source_timestamp":223988149827000,"circlet_count":0,"master_deck":["AscendersBane","Eruption+1","Vigilance+1","SandsOfTime+1","WheelKick+1","DeusExMachina+1","Indignation+1","Wallop+1"],"special_seed":0,"relics":["PureWater","MealTicket","Akabeko","Busted Crown","Ornamental Fan","Dodecahedron","Coffee Dripper","StoneCalendar","Anchor"],"potions_floor_usage":[51,51],"damage_taken":[{"damage":0.0,"enemies":"2 Louse","floor":1.0,"turns":2.0},{"damage":7.0,"enemies":"Small Slimes","floor":3.0,"turns":4.0},{"damage":0.0,"enemies":"Cultist","floor":7.0,"turns":3.0},{"damage":0.0,"enemies":"Blue Slaver","floor":8.0,"turns":2.0},{"damage":0.0,"enemies":"Gremlin Nob","floor":12.0,"turns":3.0},{"damage":0.0,"enemies":"The Guardian","floor":16.0,"turns":8.0},{"damage":10.0,"enemies":"2 Thieves","floor":18.0,"turns":2.0},{"damage":0.0,"enemies":"Spheric Guardian","floor":19.0,"turns":2.0},{"damage":0.0,"enemies":"Book of Stabbing","floor":24.0,"turns":2.0},{"damage":0.0,"enemies":"Snecko","floor":25.0,"turns":2.0},{"damage":0.0,"enemies":"Snake Plant","floor":31.0,"turns":1.0},{"damage":0.0,"enemies":"Collector","floor":33.0,"turns":4.0},{"damage":0.0,"enemies":"3 Shapes","floor":35.0,"turns":2.0},{"damage":0.0,"enemies":"Orb Walker","floor":38.0,"turns":1.0},{"damage":0.0,"enemies":"4 Shapes","floor":39.0,"turns":4.0},{"damage":0.0,"enemies":"Mind Bloom Boss Battle","floor":41.0,"turns":3.0},{"damage":0.0,"enemies":"Jaw Worm Horde","floor":44.0,"turns":2.0},{"damage":0,"enemies":"Transient","floor":46,"turns":6},{"damage":0,"enemies":"3 Darklings","floor":48,"turns":2},{"damage":0,"enemies":"Awakened One","floor":50,"turns":5},{"damage":3,"enemies":"Donu and Deca","floor":51,"turns":6}],"seed_played":"7830866767080757433","potions_obtained":[{"floor":3.0,"key":"SpeedPotion"},{"floor":8.0,"key":"Strength Potion"},{"floor":18.0,"key":"Fire Potion"},{"floor":24.0,"key":"EssenceOfSteel"}],"is_trial":false,"path_per_floor":["M","?","M","?","?","R","M","M","T","R","?","E","?","$","R","B",null,"M","M","$","?","?","R","E","M","T","R","$","R","?","M","R","B",null,"M","?","$","M","M","R","?","R","T","M","?","M","$","M","R","B","B",null],"character_chosen":"WATCHER","items_purchased":["WheelKick","Wallop"],"campfire_rested":0,"item_purchase_floors":[14,20],"current_hp_per_floor":[55,55,48,41,45,45,45,45,45,45,45,45,45,57,57,57,63,53,53,65,65,65,65,65,65,65,65,66,66,66,66,66,66,66,66,66,66,66,66,66,66,66,66,66,66,66,66,66,66,66,63],"gold":100,"neow_bonus":"REMOVE_TWO","is_prod":false,"is_daily":false,"chose_seed":false,"campfire_upgraded":7,"win_rate":0,"timestamp":1569410767,"path_taken":["M","?","M","?","?","R","M","M","T","R","?","E","?","$","R","BOSS","M","M","$","?","?","R","E","M","T","R","$","R","?","M","R","BOSS","M","?","$","?","M","R","?","R","T","M","?","M","$","M","R","BOSS","BOSS"],"build_version":"2019-09-24","purchased_purges":2,"victory":true,"max_hp_per_floor":[61,61,61,61,66,66,66,66,66,66,66,66,66,66,66,66,66,66,66,66,66,66,66,66,66,66,66,66,66,66,66,66,66,66,66,66,66,66,66,66,66,66,66,66,66,66,66,66,66,66,66],"card_choices":[{"not_picked":["FollowUp","FlowState","Prostrate"],"picked":"SKIP","floor":1.0},{"not_picked":["FlyingSleeves","FlurryOfBlows","Devotion"],"picked":"SKIP","floor":3.0},{"not_picked":["Crescendo","SashWhip"],"picked":"SandsOfTime","floor":7.0},{"not_picked":["ClearTheMind","Devotion","ThirdEye"],"picked":"SKIP","floor":8.0},{"not_picked":["CrushJoints","Swivel"],"picked":"Protect","floor":12.0},{"not_picked":["Wish","Nirvana"],"picked":"DeusExMachina","floor":16.0},{"not_picked":[],"picked":"Indignation+1","floor":18.0},{"not_picked":["BowlingBash"],"picked":"SKIP","floor":19.0},{"not_picked":["WreathOfFlame+1"],"picked":"SKIP","floor":24.0},{"not_picked":["WindmillStrike"],"picked":"SKIP","floor":25.0},{"not_picked":["WreathOfFlame"],"picked":"SKIP","floor":31.0},{"not_picked":["Crescendo"],"picked":"SKIP","floor":35.0},{"not_picked":["CleanseEvil"],"picked":"SKIP","floor":38.0},{"not_picked":["PathToVictory"],"picked":"SKIP","floor":39.0},{"not_picked":["Sanctity"],"picked":"SKIP","floor":44.0},{"not_picked":["BowlingBash"],"picked":"SKIP","floor":46},{"not_picked":["EmptyBody+1"],"picked":"SKIP","floor":48}],"player_experience":1153397,"relics_obtained":[{"floor":9.0,"key":"MealTicket"},{"floor":12.0,"key":"Akabeko"},{"floor":24.0,"key":"Ornamental Fan"},{"floor":26.0,"key":"Dodecahedron"},{"floor":41.0,"key":"StoneCalendar"},{"floor":43.0,"key":"Anchor"}],"event_choices":[{"cards_removed":["Defend_P"],"damage_healed":0.0,"max_hp_gain":0.0,"max_hp_loss":0.0,"gold_gain":0.0,"event_name":"Living Wall","player_choice":"Forget","floor":2.0,"gold_loss":0.0,"damage_taken":0.0},{"cards_removed":["Strike_P"],"damage_healed":0.0,"max_hp_gain":0.0,"max_hp_loss":0.0,"gold_gain":0.0,"event_name":"Golden Wing","player_choice":"Card Removal","floor":4.0,"gold_loss":0.0,"damage_taken":7.0},{"damage_healed":0.0,"max_hp_gain":5.0,"max_hp_loss":0.0,"gold_gain":0.0,"event_name":"Big Fish","player_choice":"Donut","floor":5.0,"gold_loss":0.0,"damage_taken":0.0},{"damage_healed":0.0,"max_hp_gain":0.0,"max_hp_loss":0.0,"gold_gain":0.0,"event_name":"Liars Game","player_choice":"Ignored","floor":11.0,"gold_loss":0.0,"damage_taken":0.0},{"cards_removed":["Defend_P"],"damage_healed":0.0,"max_hp_gain":0.0,"max_hp_loss":0.0,"gold_gain":0.0,"event_name":"Bonfire Elementals","player_choice":"Offered Basic","floor":13.0,"gold_loss":0.0,"damage_taken":0.0},{"cards_removed":["Strike_P"],"damage_healed":0.0,"max_hp_gain":0.0,"max_hp_loss":0.0,"gold_gain":0.0,"event_name":"Back to Basics","player_choice":"Elegance","floor":21.0,"gold_loss":0.0,"damage_taken":0.0},{"damage_healed":0.0,"max_hp_gain":0.0,"max_hp_loss":0.0,"gold_gain":0.0,"event_name":"Masked Bandits","player_choice":"Paid Fearfully","floor":22.0,"gold_loss":26.0,"damage_taken":0.0},{"damage_healed":0.0,"max_hp_gain":0.0,"max_hp_loss":0.0,"gold_gain":0.0,"event_name":"Vampires","player_choice":"Ignored","floor":30.0,"gold_loss":0.0,"damage_taken":0.0},{"cards_removed":["Defend_P"],"damage_healed":0.0,"max_hp_gain":0.0,"max_hp_loss":0.0,"gold_gain":0.0,"event_name":"Purifier","player_choice":"Purged","floor":36.0,"gold_loss":0.0,"damage_taken":0.0},{"damage_healed":0.0,"max_hp_gain":0.0,"max_hp_loss":0.0,"gold_gain":0.0,"event_name":"MindBloom","player_choice":"Fight","floor":41.0,"gold_loss":0.0,"damage_taken":0.0},{"damage_healed":0,"gold_gain":0,"player_choice":"Ignored","damage_taken":0,"max_hp_gain":0,"max_hp_loss":0,"event_name":"Mysterious Sphere","floor":45,"gold_loss":0}],"is_beta":true,"boss_relics":[{"not_picked":["SacredBark","Philosopher\u0027s Stone"],"picked":"Busted Crown"},{"not_picked":["Pandora\u0027s Box","Velvet Choker"],"picked":"Coffee Dripper"}],"items_purged_floors":[28,47],"is_endless":false,"potions_floor_spawned":[3,8,12,18,24,39,41,48],"ascension_level":23}