{"gold_per_floor":[117,131,147,222,222,222,257,272,352,352,364,380,398,413,413,485,485,496,179,179,197,215,215,215,265,289,289,299,299,37,37],"floor_reached":31,"playtime":1325,"items_purged":["Strike_B","Doubt"],"score":478,"play_id":"d1e3703c-5ca8-4824-a105-f73e3c531063","local_time":"20190512205154","is_ascension_mode":true,"campfire_choices":[{"floor":6.0,"key":"REST"},{"floor":10,"key":"REST"},{"data":"Heatsinks","floor":15,"key":"SMITH"},{"data":"Creative AI","floor":23,"key":"SMITH"},{"data":"Biased Cognition","floor":27,"key":"SMITH"},{"floor":29,"key":"REST"}],"neow_cost":"TEN_PERCENT_HP_LOSS","seed_source_timestamp":122199875026392,"circlet_count":0,"master_deck":["AscendersBane","Strike_B+1","Defend_B+1","Defend_B+1","Defend_B+1","Defend_B+1","Zap","Dualcast","Creative AI+1","Heatsinks+1","Barrage+1","FTL","Undo","Coolheaded","Go for the Eyes","Leap","Sunder","Compile Driver","Coolheaded","Biased Cognition+1","Compile Driver","Amplify","Heatsinks","Doom and Gloom","Conserve Battery","Self Repair"],"special_seed":0,"relics":["Cracked Core","Ice Cream","Whetstone","Mercury Hourglass","Cursed Key","DataDisk"],"potions_floor_usage":[8,31,31],"damage_taken":[{"damage":2.0,"enemies":"Small Slimes","floor":1.0,"turns":5.0},{"damage":12.0,"enemies":"Jaw Worm","floor":2.0,"turns":3.0},{"damage":13.0,"enemies":"Cultist","floor":3.0,"turns":5.0},{"damage":25.0,"enemies":"3 Sentries","floor":7.0,"turns":4.0},{"damage":17,"enemies":"Exordium Thugs","floor":8,"turns":5},{"damage":0,"enemies":"Large Slime","floor":11,"turns":4},{"damage":5,"enemies":"3 Louse","floor":12,"turns":3},{"damage":1,"enemies":"Looter","floor":13,"turns":3},{"damage":0,"enemies":"Lots of Slimes","floor":14,"turns":3},{"damage":14,"enemies":"Hexaghost","floor":16,"turns":12},{"damage":0,"enemies":"Chosen","floor":18,"turns":5},{"damage":0,"enemies":"Spheric Guardian","floor":21,"turns":4},{"damage":15,"enemies":"Chosen and Byrds","floor":22,"turns":7},{"damage":16,"enemies":"Snake Plant","floor":28,"turns":4},{"damage":43,"enemies":"Slavers","floor":31,"turns":1}],"seed_played":"-6200457524684782025","potions_obtained":[{"floor":7.0,"key":"SteroidPotion"},{"floor":8,"key":"LiquidBronze"},{"floor":11,"key":"PowerPotion"},{"floor":22,"key":"Energy Potion"},{"floor":28,"key":"PowerPotion"}],"is_trial":false,"path_per_floor":["M","M","M","?","?","R","E","M","T","R","M","M","M","M","R","B",null,"M","$","?","M","M","R","?","?","T","R","M","R","$","E"],"character_chosen":"DEFECT","items_purchased":["Amplify","Heatsinks","DataDisk"],"campfire_rested":3,"item_purchase_floors":[19,19,30],"current_hp_per_floor":[62,50,37,26,26,45,20,3,3,22,22,17,16,16,16,2,49,49,49,49,49,34,34,34,34,34,34,18,37,37,0],"gold":37,"neow_bonus":"TRANSFORM_TWO_CARDS","is_prod":false,"is_daily":false,"chose_seed":false,"campfire_upgraded":3,"win_rate":0,"timestamp":1557708714,"path_taken":["M","M","M","?","?","R","E","M","T","R","?","M","M","M","R","BOSS","M","$","?","M","M","R","?","?","T","R","M","R","$","E"],"build_version":"2019-01-23","purchased_purges":2,"victory":false,"max_hp_per_floor":[64,64,64,64,64,64,64,64,64,64,64,64,64,64,64,64,64,64,64,64,64,64,64,64,64,64,64,64,64,64,64],"card_choices":[{"not_picked":["Redo","Streamline"],"picked":"Barrage","floor":1.0},{"not_picked":["Compile Driver","Reprogram"],"picked":"FTL","floor":2.0},{"not_picked":["Tempest","Leap"],"picked":"Undo","floor":3.0},{"not_picked":["Ball Lightning","Go for the Eyes"],"picked":"Coolheaded","floor":7.0},{"not_picked":["Gash","Stack"],"picked":"Go for the Eyes","floor":8},{"not_picked":["Reprogram","Beam Cell"],"picked":"Leap","floor":11},{"not_picked":["Blizzard","White Noise"],"picked":"Sunder","floor":12},{"not_picked":["Reboot","Gash"],"picked":"Compile Driver","floor":13},{"not_picked":["Steam","Barrage"],"picked":"Coolheaded","floor":14},{"not_picked":["Electrodynamics","Machine Learning"],"picked":"Biased Cognition","floor":16},{"not_picked":["Sweeping Beam","Lockon"],"picked":"Compile Driver","floor":18},{"not_picked":["Compile Driver","Conserve Battery"],"picked":"Doom and Gloom","floor":21},{"not_picked":["Turbo","Barrage"],"picked":"Conserve Battery","floor":22},{"not_picked":["Go for the Eyes","Reinforced Body"],"picked":"Self Repair","floor":28}],"player_experience":831389,"relics_obtained":[{"floor":5.0,"key":"Ice Cream"},{"floor":7.0,"key":"Whetstone"},{"floor":9,"key":"Mercury Hourglass"}],"event_choices":[{"damage_healed":0.0,"max_hp_gain":0.0,"max_hp_loss":0.0,"gold_gain":75.0,"event_name":"World of Goop","player_choice":"Gather Gold","floor":4.0,"gold_loss":0.0,"damage_taken":11.0},{"damage_healed":0.0,"max_hp_gain":0.0,"max_hp_loss":0.0,"gold_gain":0.0,"event_name":"Wheel of Change","player_choice":"Relic","floor":5.0,"gold_loss":0.0,"damage_taken":0.0},{"damage_healed":0,"gold_gain":0,"player_choice":"Simplicity","damage_taken":0,"max_hp_gain":0,"max_hp_loss":0,"event_name":"Back to Basics","floor":20,"gold_loss":0,"cards_upgraded":["Defend_B","Defend_B","Defend_B","Defend_B"]},{"damage_healed":0,"gold_gain":0,"player_choice":"Ignored","damage_taken":0,"max_hp_gain":0,"max_hp_loss":0,"event_name":"The Mausoleum","floor":24,"gold_loss":0},{"damage_healed":0,"gold_gain":50,"player_choice":"Stole From Cult","damage_taken":0,"max_hp_gain":0,"max_hp_loss":0,"event_name":"Nest","floor":25,"gold_loss":0}],"is_beta":false,"boss_relics":[{"not_picked":["Inserter","Astrolabe"],"picked":"Cursed Key"}],"items_purged_floors":[19,30],"is_endless":false,"potions_floor_spawned":[7,8,11,16,22,28],"killed_by":"Slavers","ascension_level":20}