{"gold_per_floor":[113,124,45,56,5,39,50,69,69,102,102,122,47,147,147,245,245,260,280,280,280,72,107,125,125],"floor_reached":25,"playtime":4468,"items_purged":["Defend_B","Defend_B"],"score":305,"play_id":"561c98ad-08bb-482b-8607-2d18ef50bbf4","local_time":"20180902113622","is_ascension_mode":true,"campfire_choices":[{"floor":11,"key":"REST"},{"data":"Zap","floor":15,"key":"SMITH"}],"neow_cost":"","seed_source_timestamp":1554540288818637,"circlet_count":0,"master_deck":["Strike_B","Strike_B","Strike_B","Strike_B","Defend_B","Defend_B","Zap+1","Dualcast","Cold Snap","Creative AI","Conserve Battery","Sunder","Ball Lightning","Loop","All For One","Loop+1","Conserve Battery","Ghostly","Ghostly","Ghostly","Ghostly","Ghostly","Glacier","Capacitor","Genetic Algorithm","Doom and Gloom+1"],"relics":["Cracked Core","Bottled Flame","Anchor","Art of War","Coffee Dripper","CultistMask","Molten Egg 2"],"potions_floor_usage":[6,6,10,16,23],"damage_taken":[{"damage":1,"enemies":"Cultist","floor":1,"turns":3},{"damage":4,"enemies":"Jaw Worm","floor":2,"turns":3},{"damage":0,"enemies":"Small Slimes","floor":4,"turns":3},{"damage":21,"enemies":"Lagavulin","floor":6,"turns":11},{"damage":6,"enemies":"Looter","floor":7,"turns":3},{"damage":4,"enemies":"Lots of Slimes","floor":8,"turns":3},{"damage":20,"enemies":"3 Sentries","floor":10,"turns":4},{"damage":1,"enemies":"Blue Slaver","floor":12,"turns":3},{"damage":31,"enemies":"The Guardian","floor":16,"turns":12},{"damage":11,"enemies":"2 Thieves","floor":18,"turns":4},{"damage":24,"enemies":"Spheric Guardian","floor":19,"turns":4},{"damage":18,"enemies":"Book of Stabbing","floor":23,"turns":7},{"damage":0,"enemies":"Cultist and Chosen","floor":24,"turns":8},{"damage":25,"enemies":"Gremlin Leader","floor":25,"turns":7}],"seed_played":"4461379669097899258","potions_obtained":[{"floor":1,"key":"Swift Potion"},{"floor":2,"key":"Swift Potion"},{"floor":4,"key":"Swift Potion"},{"floor":8,"key":"PowerPotion"},{"floor":12,"key":"Explosive Potion"},{"floor":19,"key":"FearPotion"}],"is_trial":false,"path_per_floor":["M","M","$","M","$","E","M","M","T","E","R","M","$","?","R","B",null,"M","M","?","?","$","E","M"],"character_chosen":"DEFECT","items_purchased":["Creative AI","Conserve Battery","Glacier","Capacitor"],"campfire_rested":1,"item_purchase_floors":[3,5,22,22],"current_hp_per_floor":[74,70,70,70,70,49,43,39,39,19,41,40,40,40,40,9,75,64,40,40,37,37,19,19,0],"gold":125,"neow_bonus":"","is_prod":false,"is_daily":false,"chose_seed":false,"campfire_upgraded":1,"win_rate":0,"timestamp":1535906182,"path_taken":["M","M","$","?","$","E","M","M","T","E","R","?","$","?","R","BOSS","M","M","?","?","$","E","M","E"],"build_version":"2018-08-30","purchased_purges":2,"victory":false,"max_hp_per_floor":[75,75,75,75,75,75,75,75,75,75,75,75,75,75,75,75,75,75,75,75,37,37,37,37,37],"card_choices":[{"not_picked":["Double Energy","Lockon","Hello World"],"picked":"SKIP","floor":1},{"not_picked":["Barrage","Leap"],"picked":"Cold Snap","floor":2},{"not_picked":["Barrage","Steam Power","Heatsinks"],"picked":"SKIP","floor":4},{"not_picked":["Genetic Algorithm","Barrage"],"picked":"Sunder","floor":6},{"not_picked":["Redo","Rainbow","Fusion"],"picked":"SKIP","floor":7},{"not_picked":["Sunder","Rebound","Leap"],"picked":"SKIP","floor":8},{"not_picked":["Gash","Chaos"],"picked":"Ball Lightning","floor":10},{"not_picked":["Force Field","Steam"],"picked":"Loop","floor":12},{"not_picked":["Hyperbeam","Creative AI"],"picked":"All For One","floor":16},{"not_picked":["Recycle+1","Hologram"],"picked":"Loop+1","floor":18},{"not_picked":["Tempest","Heatsinks"],"picked":"Conserve Battery","floor":19},{"not_picked":["Beam Cell","Leap"],"picked":"Genetic Algorithm","floor":23},{"not_picked":["Fusion","Conserve Battery"],"picked":"Doom and Gloom+1","floor":24}],"player_experience":376810,"relics_obtained":[{"floor":6,"key":"Bottled Flame"},{"floor":9,"key":"Anchor"},{"floor":10,"key":"Art of War"},{"floor":23,"key":"Molten Egg 2"}],"event_choices":[{"event_name":"Golden Shrine","player_choice":"Pray","floor":14,"damage_taken":0},{"event_name":"FaceTrader","player_choice":"Trade","floor":20,"damage_taken":0},{"event_name":"Ghosts","player_choice":"Became a Ghost","floor":21,"damage_taken":0}],"is_beta":false,"boss_relics":[{"not_picked":["Lizard Tail","Orrery"],"picked":"Coffee Dripper"}],"items_purged_floors":[13,22],"is_endless":false,"potions_floor_spawned":[1,2,4,8,12,19],"killed_by":"Gremlin Leader","ascension_level":4}