{"gold_per_floor":[18,38,51,61,71,71,71,95,95,95,95,95,139,152,152,248,248,261,285,285,62,86,457,457,497,497,111,135,135,158,201,201,201],"floor_reached":33,"playtime":1636,"items_purged":["Strike_G"],"score":668,"play_id":"5d47cc3a-3c0a-4c4a-8ef0-7f6c23986e4d","local_time":"20190604173022","is_ascension_mode":true,"campfire_choices":[{"data":"Glass Knife","floor":6.0,"key":"SMITH"},{"data":"Deadly Poison","floor":10.0,"key":"SMITH"},{"floor":12.0,"key":"REST"},{"data":"Corpse Explosion","floor":15.0,"key":"SMITH"},{"floor":24.0,"key":"REST"},{"floor":29.0,"key":"REST"},{"data":"Catalyst","floor":32.0,"key":"SMITH"}],"neow_cost":"NO_GOLD","seed_source_timestamp":1106413878989937,"circlet_count":0,"master_deck":["AscendersBane","Defend_G","Defend_G","Defend_G","Defend_G","Defend_G","Strike_G","Strike_G","Strike_G","Survivor","Neutralize","Glass Knife+1","Quick Slash","PiercingWail","Deadly Poison+1","Dodge and Roll+1","PiercingWail","Corpse Explosion+1","Catalyst+1","PiercingWail","Adrenaline","Escape Plan+1","Wraith Form v2","Cloak And Dagger","Night Terror+1","Noxious Fumes","Crippling Poison","Backflip","Well Laid Plans"],"special_seed":0,"relics":["Ring of the Snake","Golden Idol","Question Card","Strawberry","Black Star","Paper Crane","TwistedFunnel","Tiny Chest","Old Coin","Ornamental Fan","Gremlin Horn","Happy Flower","War Paint","Bottled Lightning","Ninja Scroll"],"potions_floor_usage":[],"damage_taken":[{"damage":0.0,"enemies":"Jaw Worm","floor":1.0,"turns":4.0},{"damage":1.0,"enemies":"Small Slimes","floor":2.0,"turns":3.0},{"damage":0.0,"enemies":"Cultist","floor":3.0,"turns":3.0},{"damage":6.0,"enemies":"Red Slaver","floor":4.0,"turns":3.0},{"damage":21.0,"enemies":"Exordium Thugs","floor":5.0,"turns":6.0},{"damage":5.0,"enemies":"Large Slime","floor":8.0,"turns":7.0},{"damage":31.0,"enemies":"Lagavulin","floor":13.0,"turns":4.0},{"damage":0.0,"enemies":"2 Fungi Beasts","floor":14.0,"turns":4.0},{"damage":32.0,"enemies":"Slime Boss","floor":16.0,"turns":10.0},{"damage":2.0,"enemies":"Spheric Guardian","floor":18.0,"turns":5.0},{"damage":1.0,"enemies":"2 Thieves","floor":19.0,"turns":4.0},{"damage":3.0,"enemies":"Snecko","floor":22.0,"turns":4.0},{"damage":34.0,"enemies":"Slavers","floor":23.0,"turns":3.0},{"damage":6.0,"enemies":"Gremlin Leader","floor":25.0,"turns":10.0},{"damage":8.0,"enemies":"Cultist and Chosen","floor":28.0,"turns":5.0},{"damage":6.0,"enemies":"Snake Plant","floor":30.0,"turns":4.0},{"damage":19.0,"enemies":"Book of Stabbing","floor":31.0,"turns":7.0},{"damage":58,"enemies":"Automaton","floor":33,"turns":6}],"seed_played":"-7228771137799221131","potions_obtained":[{"floor":1.0,"key":"Swift Potion"},{"floor":2.0,"key":"FearPotion"},{"floor":8.0,"key":"Regen Potion"},{"floor":13.0,"key":"AttackPotion"},{"floor":18.0,"key":"Swift Potion"},{"floor":25.0,"key":"Weak Potion"}],"is_trial":false,"path_per_floor":["M","M","M","M","M","R","?","M","T","R","?","R","E","M","R","B",null,"M","M","T","$","M","E","R","E","T","$","M","R","M","E","R","B"],"character_chosen":"THE_SILENT","items_purchased":["TwistedFunnel","War Paint","Noxious Fumes","PowerPotion"],"campfire_rested":3,"item_purchase_floors":[21,27,27,27],"current_hp_per_floor":[59,58,58,52,31,31,31,26,26,26,26,44,34,34,34,2,51,49,48,48,48,45,11,31,25,25,25,17,37,31,12,12,0],"gold":201,"neow_bonus":"THREE_RARE_CARDS","is_prod":false,"is_daily":false,"chose_seed":false,"campfire_upgraded":4,"win_rate":0,"timestamp":1559683822,"path_taken":["M","M","M","M","M","R","?","M","T","R","?","R","E","M","R","BOSS","M","M","?","$","?","E","R","E","T","?","M","R","M","E","R","BOSS"],"build_version":"2019-01-23","purchased_purges":1,"victory":false,"max_hp_per_floor":[66,66,66,66,66,66,60,60,60,60,60,60,67,67,67,67,67,67,67,67,67,67,67,67,67,67,67,67,67,67,67,67,67],"card_choices":[{"not_picked":["Grand Finale","Die Die Die"],"picked":"Glass Knife","floor":0.0},{"not_picked":["Eviscerate","Bane"],"picked":"Quick Slash","floor":1.0},{"not_picked":["Prepared","Cloak And Dagger"],"picked":"PiercingWail","floor":2.0},{"not_picked":["Slice","Heel Hook"],"picked":"Deadly Poison","floor":3.0},{"not_picked":["Terror","Bouncing Flask"],"picked":"Dodge and Roll","floor":4.0},{"not_picked":["Acrobatics","Prepared","Blade Dance"],"picked":"SKIP","floor":5.0},{"not_picked":["Calculated Gamble","Dagger Throw"],"picked":"PiercingWail","floor":8.0},{"not_picked":["Backstab","Outmaneuver","Tools of the Trade"],"picked":"Catalyst","floor":13.0},{"not_picked":["Dagger Throw","Sucker Punch","Outmaneuver"],"picked":"PiercingWail","floor":14.0},{"not_picked":["Die Die Die","A Thousand Cuts","Grand Finale"],"picked":"Adrenaline","floor":16.0},{"not_picked":["Flying Knee","Sucker Punch","Dagger Spray","Eviscerate"],"picked":"SKIP","floor":18.0},{"not_picked":["Bouncing Flask","Finisher","Dagger Spray"],"picked":"Escape Plan+1","floor":19.0},{"not_picked":["PiercingWail","Blur","Dodge and Roll"],"picked":"Wraith Form v2","floor":22.0},{"not_picked":["Underhanded Strike","Slice+1","Reflex"],"picked":"Cloak And Dagger","floor":23.0},{"not_picked":["Calculated Gamble","All Out Attack","Reflex"],"picked":"Night Terror","floor":25.0},{"not_picked":["Prepared","Poisoned Stab","Concentrate"],"picked":"Crippling Poison","floor":28.0},{"not_picked":["Dagger Throw","Flying Knee","Dagger Spray"],"picked":"Backflip","floor":30.0},{"not_picked":["All Out Attack","Caltrops","Storm of Steel"],"picked":"Well Laid Plans","floor":31.0}],"player_experience":895513,"relics_obtained":[{"floor":9.0,"key":"Question Card"},{"floor":13.0,"key":"Strawberry"},{"floor":20.0,"key":"Paper Crane"},{"floor":23.0,"key":"Tiny Chest"},{"floor":23.0,"key":"Old Coin"},{"floor":25.0,"key":"Ornamental Fan"},{"floor":25.0,"key":"Gremlin Horn"},{"floor":26.0,"key":"Happy Flower"},{"floor":31.0,"key":"Bottled Lightning"},{"floor":31.0,"key":"Ninja Scroll"}],"event_choices":[{"damage_healed":0.0,"max_hp_gain":0.0,"max_hp_loss":6.0,"gold_gain":0.0,"event_name":"Golden Idol","player_choice":"Lose Max HP","floor":7.0,"gold_loss":0.0,"damage_taken":0.0,"relics_obtained":["Golden Idol"]},{"damage_healed":0.0,"max_hp_gain":0.0,"max_hp_loss":0.0,"gold_gain":0.0,"cards_transformed":["Strike_G"],"event_name":"Transmorgrifier","player_choice":"Transformed","floor":11.0,"gold_loss":0.0,"damage_taken":0.0,"cards_obtained":["Corpse Explosion"]}],"is_beta":false,"boss_relics":[{"not_picked":["Snecko Eye","Runic Dome"],"picked":"Black Star"}],"items_purged_floors":[27],"is_endless":false,"potions_floor_spawned":[1,2,8,13,18,25],"killed_by":"Automaton","ascension_level":20}