{"gold_per_floor":[114,114,114,114,126,126,155,170,196,229,242,258,3,3],"floor_reached":14,"playtime":675,"items_purged":["Strike_G"],"score":231,"play_id":"1649ae02-bcb9-48c6-a505-fdde84d0975e","local_time":"20190729162852","is_ascension_mode":true,"campfire_choices":[{"floor":6,"key":"REST"}],"neow_cost":"NONE","seed_source_timestamp":451340015118804,"circlet_count":0,"master_deck":["AscendersBane","Strike_G+1","Strike_G+1","Strike_G","Strike_G","Defend_G","Defend_G","Defend_G","Defend_G","Defend_G","Survivor","Neutralize","Flying Knee","Backflip","Wraith Form v2","Dagger Spray","Noxious Fumes","Dodge and Roll","Poisoned Stab","Metamorphosis"],"relics":["Ring of the Snake","NeowsBlessing","Smiling Mask","Regal Pillow","Strawberry","Ancient Tea Set"],"potions_floor_usage":[10,11,14],"damage_taken":[{"damage":0,"enemies":"2 Louse","floor":1,"turns":1},{"damage":0,"enemies":"Jaw Worm","floor":5,"turns":1},{"damage":0,"enemies":"Lagavulin","floor":7,"turns":1},{"damage":0,"enemies":"Cultist","floor":8,"turns":3},{"damage":30,"enemies":"Gremlin Nob","floor":10,"turns":4},{"damage":0,"enemies":"Gremlin Gang","floor":11,"turns":1},{"damage":8,"enemies":"3 Louse","floor":12,"turns":3},{"damage":12,"enemies":"Large Slime","floor":14,"turns":4}],"seed_played":"8578676976790553276","potions_obtained":[{"floor":4,"key":"Explosive Potion"},{"floor":4,"key":"Swift Potion"},{"floor":11,"key":"GhostInAJar"}],"is_trial":false,"path_per_floor":["M","?","?","?","M","R","E","M","T","E","M","M","$","M"],"character_chosen":"THE_SILENT","items_purchased":["Metamorphosis"],"campfire_rested":1,"item_purchase_floors":[13],"current_hp_per_floor":[59,33,13,13,13,32,32,32,39,9,9,1,1,0],"gold":3,"neow_bonus":"THREE_ENEMY_KILL","is_prod":false,"is_daily":false,"chose_seed":false,"campfire_upgraded":0,"win_rate":0,"timestamp":1564435732,"path_taken":["M","?","?","?","M","R","E","?","T","E","M","M","$","?"],"build_version":"2019-07-17","purchased_purges":1,"victory":false,"max_hp_per_floor":[66,66,66,66,66,66,66,66,73,73,73,73,73,73],"card_choices":[{"not_picked":["Slice","Underhanded Strike"],"picked":"Flying Knee","floor":1},{"not_picked":["Cloak And Dagger","Deflect"],"picked":"Backflip","floor":5},{"not_picked":["Bane","Slice"],"picked":"Wraith Form v2","floor":7},{"not_picked":["Deadly Poison","Riddle With Holes"],"picked":"Dagger Spray","floor":8},{"not_picked":["Sucker Punch","PiercingWail"],"picked":"Noxious Fumes","floor":10},{"not_picked":["Sucker Punch","Quick Slash"],"picked":"Dodge and Roll","floor":11},{"not_picked":["Blur","Backflip"],"picked":"Poisoned Stab","floor":12}],"player_experience":1651167,"relics_obtained":[{"floor":7,"key":"Regal Pillow"},{"floor":9,"key":"Strawberry"},{"floor":10,"key":"Ancient Tea Set"}],"event_choices":[{"damage_healed":0,"gold_gain":0,"player_choice":"Success","damage_taken":26,"relics_obtained":["Smiling Mask"],"max_hp_gain":0,"max_hp_loss":0,"event_name":"Scrap Ooze","floor":2,"gold_loss":0},{"damage_healed":0,"gold_gain":0,"player_choice":"Entered Light","damage_taken":20,"max_hp_gain":0,"max_hp_loss":0,"event_name":"Shining Light","floor":3,"gold_loss":0,"cards_upgraded":["Strike_G","Strike_G"]},{"damage_healed":0,"gold_gain":0,"player_choice":"Got Potions","damage_taken":0,"max_hp_gain":0,"max_hp_loss":0,"event_name":"Lab","floor":4,"gold_loss":0}],"is_beta":false,"boss_relics":[],"items_purged_floors":[13],"is_endless":false,"potions_floor_spawned":[7,8,11],"killed_by":"Large Slime","ascension_level":17}