{"gold_per_floor":[111,30,30,30,30,63,78,113,140,140,152,152,49,64,64,64],"floor_reached":16,"playtime":704,"items_purged":[],"score":130,"play_id":"664e80a1-01b1-4f02-a95b-dfbbedf286a2","local_time":"20190605201037","is_ascension_mode":true,"campfire_choices":[{"floor":15,"key":"REST"}],"neow_cost":"CURSE","seed_source_timestamp":210760974099861,"circlet_count":0,"master_deck":["Strike_R","Strike_R+1","Strike_R","Strike_R","Strike_R+1","Defend_R","Defend_R","Defend_R","Defend_R","Bash","Demon Form","True Grit","Madness+1","Pommel Strike","Decay","Shrug It Off","Feel No Pain","Armaments","Body Slam"],"relics":["Burning Blood","Whetstone","Ornamental Fan","Bronze Scales"],"potions_floor_usage":[8,14],"damage_taken":[{"damage":6,"enemies":"Cultist","floor":1,"turns":4},{"damage":39,"enemies":"Gremlin Nob","floor":6,"turns":5},{"damage":0,"enemies":"Small Slimes","floor":7,"turns":3},{"damage":17,"enemies":"Lagavulin","floor":8,"turns":6},{"damage":14,"enemies":"2 Louse","floor":11,"turns":2},{"damage":0,"enemies":"Looter","floor":14,"turns":2},{"damage":60,"enemies":"Hexaghost","floor":16,"turns":9}],"seed_played":"-9140510841555280387","potions_obtained":[{"floor":6,"key":"Dexterity Potion"},{"floor":8,"key":"AttackPotion"}],"is_trial":false,"path_per_floor":["M","$","?","?","?","E","M","E","T","?","M","?","$","M","R","B"],"character_chosen":"IRONCLAD","items_purchased":["Madness","Feel No Pain","Armaments"],"campfire_rested":1,"item_purchase_floors":[2,13,13],"current_hp_per_floor":[80,80,80,73,73,40,46,35,35,35,27,27,27,33,57,0],"gold":64,"neow_bonus":"THREE_RARE_CARDS","is_prod":false,"is_daily":false,"chose_seed":false,"campfire_upgraded":0,"win_rate":0,"timestamp":1559758237,"path_taken":["M","?","?","?","?","E","M","E","T","?","?","?","$","M","R","BOSS"],"build_version":"2019-01-23","purchased_purges":0,"victory":false,"max_hp_per_floor":[80,80,80,80,80,80,80,80,80,80,80,80,80,80,80,80],"card_choices":[{"not_picked":["Bludgeon","Berserk"],"picked":"Demon Form","floor":0},{"not_picked":["Warcry","Heavy Blade"],"picked":"True Grit","floor":1},{"not_picked":["Second Wind","Clothesline","Iron Wave"],"picked":"SKIP","floor":6},{"not_picked":["Reaper","Armaments"],"picked":"Pommel Strike","floor":7},{"not_picked":["Cleave","Clash","Ghostly Armor"],"picked":"SKIP","floor":8},{"not_picked":["Rupture","Armaments"],"picked":"Shrug It Off","floor":11},{"not_picked":["Heavy Blade","Flex"],"picked":"Body Slam","floor":14}],"player_experience":189204,"relics_obtained":[{"floor":6,"key":"Whetstone"},{"floor":8,"key":"Ornamental Fan"},{"floor":9,"key":"Bronze Scales"}],"event_choices":[{"damage_healed":0,"gold_gain":0,"player_choice":"Leave","damage_taken":0,"max_hp_gain":0,"max_hp_loss":0,"event_name":"The Cleric","floor":3,"gold_loss":0},{"cards_removed":["Normality"],"damage_healed":0,"gold_gain":0,"player_choice":"Card Removal","damage_taken":7,"max_hp_gain":0,"max_hp_loss":0,"event_name":"Golden Wing","floor":4,"gold_loss":0},{"damage_healed":0,"gold_gain":0,"player_choice":"Grow","damage_taken":0,"max_hp_gain":0,"max_hp_loss":0,"event_name":"Living Wall","floor":5,"gold_loss":0,"cards_upgraded":["Madness"]},{"damage_healed":0,"gold_gain":0,"player_choice":"Cursed","damage_taken":0,"max_hp_gain":0,"max_hp_loss":0,"event_name":"Wheel of Change","floor":10,"gold_loss":0,"cards_obtained":["Decay"]},{"damage_healed":0,"gold_gain":0,"player_choice":"Bought 0 Potions","damage_taken":0,"max_hp_gain":0,"max_hp_loss":0,"event_name":"The Woman in Blue","floor":12,"gold_loss":0}],"is_beta":false,"boss_relics":[],"items_purged_floors":[],"is_endless":false,"potions_floor_spawned":[6,8],"killed_by":"Hexaghost","ascension_level":4}