{"gold_per_floor":[119,137,137,23,23,23,33,58,58,70,112,124,155,167,179,267,279,306,318,330,342,385,397,436,448,536,548,585,522,534,560,572,584],"floor_reached":33,"playtime":2959,"items_purged":["Strike_B"],"score":457,"play_id":"a7763c6e-3295-4bf4-8aed-5bb2d60f52ed","local_time":"20181225150850","is_ascension_mode":true,"campfire_choices":[{"data":"Zap","floor":6,"key":"SMITH"},{"floor":10,"key":"REST"},{"floor":15,"key":"REST"},{"floor":23,"key":"REST"},{"data":"Defragment","floor":25,"key":"SMITH"},{"floor":27,"key":"REST"},{"floor":32,"key":"REST"}],"neow_cost":"NONE","seed_source_timestamp":491086642591268,"circlet_count":0,"master_deck":["AscendersBane","Strike_B","Strike_B","Strike_B","Defend_B+1","Defend_B","Defend_B","Defend_B","Zap+1","Dualcast+1","Impatience","BootSequence","Defragment+1","Zap+1","Buffer","Conserve Battery","Coolheaded","Melter","Seek","Steam+1","Loop","Chill+1","Cold Snap"],"relics":["Cracked Core","Pear","MawBank","Odd Mushroom","Mercury Hourglass","Sozu","Shuriken","Red Mask","Bronze Scales","Sundial","Thread and Needle"],"potions_floor_usage":[8,11,16],"damage_taken":[{"damage":7,"enemies":"Jaw Worm","floor":1,"turns":3},{"damage":4,"enemies":"Small Slimes","floor":2,"turns":3},{"damage":5,"enemies":"Cultist","floor":7,"turns":4},{"damage":44,"enemies":"Gremlin Nob","floor":8,"turns":6},{"damage":11,"enemies":"The Mushroom Lair","floor":11,"turns":5},{"damage":0,"enemies":"3 Louse","floor":13,"turns":3},{"damage":11,"enemies":"Slime Boss","floor":16,"turns":9},{"damage":1,"enemies":"Spheric Guardian","floor":18,"turns":3},{"damage":38,"enemies":"Masked Bandits","floor":22,"turns":5},{"damage":24,"enemies":"Book of Stabbing","floor":24,"turns":7},{"damage":48,"enemies":"Gremlin Leader","floor":28,"turns":8},{"damage":0,"enemies":"2 Thieves","floor":31,"turns":4},{"damage":42,"enemies":"Champ","floor":33,"turns":11}],"seed_played":"-7053558736799705482","potions_obtained":[{"floor":1,"key":"EssenceOfSteel"},{"floor":7,"key":"LiquidBronze"},{"floor":11,"key":"Energy Potion"},{"floor":13,"key":"Dexterity Potion"}],"is_trial":false,"path_per_floor":["M","M","?","$","?","R","M","E","T","R","?","?","M","?","R","B",null,"M","?","?","$","?","R","E","R","T","R","E","?","$","M","R","B"],"character_chosen":"DEFECT","items_purchased":["Defragment"],"campfire_rested":5,"item_purchase_floors":[4],"current_hp_per_floor":[61,57,57,57,57,57,52,18,18,43,32,32,32,15,40,29,71,70,70,70,70,32,57,33,33,33,58,10,10,10,10,35,0],"gold":584,"neow_bonus":"RANDOM_COLORLESS","is_prod":false,"is_daily":false,"chose_seed":false,"campfire_upgraded":2,"win_rate":0,"timestamp":1545772130,"path_taken":["M","M","?","$","?","R","?","E","T","R","?","?","?","?","R","BOSS","M","?","?","$","?","R","E","R","T","R","E","?","?","?","R","BOSS"],"build_version":"2018-12-20","purchased_purges":1,"victory":false,"max_hp_per_floor":[75,75,75,75,75,75,75,85,85,85,85,85,85,85,85,85,85,85,85,85,85,85,85,85,85,85,85,85,85,85,85,85,85],"card_choices":[{"not_picked":["Stack","Streamline","Rebound"],"picked":"SKIP","floor":1},{"not_picked":["Compile Driver","Stack"],"picked":"BootSequence","floor":2},{"not_picked":["Beam Cell","Redo"],"picked":"Conserve Battery","floor":7},{"not_picked":["Heatsinks","Static Discharge","Stack"],"picked":"SKIP","floor":8},{"not_picked":["Rebound","Reprogram"],"picked":"Coolheaded","floor":11},{"not_picked":["Ball Lightning","Conserve Battery"],"picked":"Melter","floor":13},{"not_picked":["Machine Learning","Multi-Cast"],"picked":"Seek","floor":16},{"not_picked":["Beam Cell","Undo"],"picked":"Steam+1","floor":18},{"not_picked":["Rebound","Streamline"],"picked":"Loop","floor":22},{"not_picked":["Cold Snap","Streamline"],"picked":"Chill+1","floor":24},{"not_picked":["Steam","Compile Driver"],"picked":"Cold Snap","floor":28},{"not_picked":["Fission","Loop","Leap"],"picked":"SKIP","floor":31}],"player_experience":955315,"relics_obtained":[{"floor":8,"key":"Pear"},{"floor":9,"key":"MawBank"},{"floor":11,"key":"Odd Mushroom"},{"floor":22,"key":"Red Mask"},{"floor":24,"key":"Bronze Scales"},{"floor":26,"key":"Sundial"},{"floor":28,"key":"Thread and Needle"}],"event_choices":[{"damage_healed":0,"gold_gain":0,"player_choice":"Grow","damage_taken":0,"max_hp_gain":0,"max_hp_loss":0,"event_name":"Living Wall","floor":3,"gold_loss":0,"cards_upgraded":["Zap"]},{"damage_healed":0,"gold_gain":0,"player_choice":"2 cards matched","damage_taken":0,"max_hp_gain":0,"max_hp_loss":0,"event_name":"Match and Keep!","floor":5,"gold_loss":0,"cards_obtained":["Zap","Buffer"]},{"damage_healed":0,"gold_gain":0,"player_choice":"Fought Mushrooms","damage_taken":0,"max_hp_gain":0,"max_hp_loss":0,"event_name":"Mushrooms","floor":11,"gold_loss":0},{"damage_healed":0,"gold_gain":0,"player_choice":"Gave Potion","damage_taken":0,"relics_obtained":["Mercury Hourglass"],"max_hp_gain":0,"max_hp_loss":0,"event_name":"WeMeetAgain","floor":12,"gold_loss":0},{"damage_healed":0,"gold_gain":0,"player_choice":"Entered Light","damage_taken":17,"max_hp_gain":0,"max_hp_loss":0,"event_name":"Shining Light","floor":14,"gold_loss":0,"cards_upgraded":["Defend_B","Dualcast"]},{"damage_healed":0,"gold_gain":0,"player_choice":"Opened","damage_taken":0,"relics_obtained":["Shuriken"],"max_hp_gain":0,"max_hp_loss":0,"event_name":"The Mausoleum","floor":19,"gold_loss":0,"cards_obtained":["Writhe"]},{"damage_healed":0,"gold_gain":0,"player_choice":"Ignored","damage_taken":0,"max_hp_gain":0,"max_hp_loss":0,"event_name":"Ghosts","floor":20,"gold_loss":0},{"damage_healed":0,"gold_gain":0,"player_choice":"Fought Bandits","damage_taken":0,"max_hp_gain":0,"max_hp_loss":0,"event_name":"Masked Bandits","floor":22,"gold_loss":0},{"cards_removed":["Writhe"],"damage_healed":0,"gold_gain":0,"player_choice":"Gave Gold","damage_taken":0,"max_hp_gain":0,"max_hp_loss":0,"event_name":"Beggar","floor":29,"gold_loss":75}],"is_beta":false,"boss_relics":[{"not_picked":["Astrolabe","Empty Cage"],"picked":"Sozu"}],"items_purged_floors":[4],"is_endless":false,"potions_floor_spawned":[1,7,11,13,22,24],"killed_by":"Champ","ascension_level":13}