{"gold_per_floor":[114,114,114,129,144,144,144,174,174,204,219,234,259,289,289,389,389,404,419,434,434,449,479,494,509,509,539,554,554,653,683,683,783,783,798,813,813,315,330,360,375,125,125,125,140,170,185,185,185,185],"floor_reached":51,"playtime":2521,"items_purged":[],"score":1266,"play_id":"199031d7-7b31-4cf5-81b4-7ccbc8efc085","local_time":"20180726142702","daily_mods":["Brewmaster","Cursed Run","Binary"],"is_ascension_mode":false,"campfire_choices":[{"data":"Ball Lightning","floor":6,"key":"SMITH"},{"data":"Buffer","floor":15,"key":"SMITH"},{"data":"Beam Cell","floor":29,"key":"SMITH"},{"data":"Machine Learning","floor":32,"key":"SMITH"},{"data":"Glacier","floor":49,"key":"SMITH"}],"neow_cost":"","seed_source_timestamp":0,"circlet_count":0,"master_deck":["Strike_B","Defend_B","Defend_B","Defend_B","Defend_B","Zap+1","Dualcast","Venomology","Venomology","Venomology","Venomology","Venomology+1","Defragment+1","Ball Lightning+1","Doubt","Sunder","Buffer+1","Cold Snap","Clumsy","Skim","Parasite","All For One","Rebound","Conserve Battery","Streamline","Beam Cell+1","Leap+1","FTL+1","Beam Cell+1","Doubt","Auto Shields","Hologram+1","Rebound","Machine Learning+1","Doubt","Buffer","Aggregate","Doom and Gloom","Chaos","Leap","White Noise+1","Leap","Chaos+1","Sweeping Beam+1","Stack+1","Swift Strike","Deep Breath","Chrysalis","Beam Cell","Hologram","Chill","Sweeping Beam","Glacier+1","Cold Snap","Reprogram+1","Shame","BootSequence","Defragment+1","Recycle","Cold Snap+1","Compile Driver+1","Writhe","Doubt"],"special_seed":17738,"relics":["Cursed Key","Darkstone Periapt","Du-Vu Doll","White Beast Statue","Kunai","Bag of Marbles","Gremlin Horn","Bronze Scales","Strawberry","Inserter","Art of War","Prayer Wheel","Blood Vial","Orichalcum","Orrery","Pen Nib","Toy Ornithopter","Pear","Bottled Lightning","Shuriken","Matryoshka"],"potions_floor_usage":[1,1,4,4,5,5,5,5,5,8,8,8,8,8,10,10,10,10,10,10,10,10,11,11,12,12,12,14,14,14,14,16,16,16,16,16,16,18,18,18,18,19,19,19,20,20,20,20,20,22,22,22,23,23,23,23,23,24,24,25,25,25,27,27,27,28,31,31,31,31,31,31,33,33,33,33,33,35,35,35,36,36,36,36,39,39,39,39,40,40,41,41,41,45,45,46,46,47,47,50,50,50,50,50,50,50],"damage_taken":[{"damage":5,"enemies":"2 Louse","floor":1,"turns":4},{"damage":0,"enemies":"Jaw Worm","floor":4,"turns":2},{"damage":0,"enemies":"Cultist","floor":5,"turns":3},{"damage":0,"enemies":"Gremlin Nob","floor":8,"turns":2},{"damage":0,"enemies":"3 Sentries","floor":10,"turns":6},{"damage":7,"enemies":"2 Fungi Beasts","floor":11,"turns":4},{"damage":0,"enemies":"Exordium Thugs","floor":12,"turns":2},{"damage":0,"enemies":"Gremlin Nob","floor":14,"turns":3},{"damage":0,"enemies":"Slime Boss","floor":16,"turns":7},{"damage":2,"enemies":"Chosen","floor":18,"turns":4},{"damage":0,"enemies":"Spheric Guardian","floor":19,"turns":3},{"damage":0,"enemies":"3 Cultists","floor":20,"turns":4},{"damage":8,"enemies":"Centurion and Healer","floor":22,"turns":5},{"damage":0,"enemies":"Slavers","floor":23,"turns":2},{"damage":0,"enemies":"Sentry and Sphere","floor":24,"turns":4},{"damage":0,"enemies":"Chosen and Byrds","floor":25,"turns":2},{"damage":0,"enemies":"Book of Stabbing","floor":27,"turns":3},{"damage":0,"enemies":"Snake Plant","floor":28,"turns":2},{"damage":0,"enemies":"Gremlin Leader","floor":31,"turns":4},{"damage":20,"enemies":"Collector","floor":33,"turns":8},{"damage":3,"enemies":"Orb Walker","floor":35,"turns":4},{"damage":19,"enemies":"3 Darklings","floor":36,"turns":4},{"damage":12,"enemies":"Sphere and 2 Shapes","floor":39,"turns":5},{"damage":4,"enemies":"Nemesis","floor":40,"turns":7},{"damage":34,"enemies":"Spire Growth","floor":41,"turns":5},{"damage":0,"enemies":"4 Shapes","floor":45,"turns":8},{"damage":0,"enemies":"Giant Head","floor":46,"turns":5},{"damage":2,"enemies":"Transient","floor":47,"turns":5},{"damage":11,"enemies":"Time Eater","floor":50,"turns":10}],"seed_played":"5881488433517778230","potions_obtained":[{"floor":1,"key":"Ancient Potion"},{"floor":8,"key":"Strength Potion"},{"floor":10,"key":"Block Potion"},{"floor":11,"key":"Dexterity Potion"},{"floor":12,"key":"FocusPotion"},{"floor":14,"key":"Explosive Potion"},{"floor":16,"key":"SpeedPotion"},{"floor":18,"key":"Energy Potion"},{"floor":19,"key":"Ancient Potion"},{"floor":20,"key":"AttackPotion"},{"floor":22,"key":"GamblersBrew"},{"floor":23,"key":"Swift Potion"},{"floor":24,"key":"Strength Potion"},{"floor":25,"key":"SteroidPotion"},{"floor":27,"key":"AttackPotion"},{"floor":28,"key":"Strength Potion"},{"floor":31,"key":"SkillPotion"},{"floor":33,"key":"FearPotion"},{"floor":36,"key":"Ancient Potion"},{"floor":39,"key":"Dexterity Potion"},{"floor":40,"key":"SteroidPotion"},{"floor":45,"key":"SpeedPotion"},{"floor":46,"key":"FocusPotion"},{"floor":47,"key":"SpeedPotion"}],"is_trial":false,"path_per_floor":["M","?","?","M","M","R","?","E","T","E","M","M","T","E","R","B",null,"M","M","M","?","M","E","M","M","T","E","M","R","?","E","R","B",null,"M","M","?","$","M","E","M","$","T","?","M","E","M","?","R","B"],"character_chosen":"DEFECT","items_purchased":["Beam Cell","Hologram","Chill","Pen Nib","Toy Ornithopter","Bottled Lightning"],"campfire_rested":0,"item_purchase_floors":[38,38,38,38,38,42],"current_hp_per_floor":[75,60,60,60,60,60,60,67,73,73,66,66,72,79,79,85,100,98,98,98,98,90,90,90,90,96,96,98,98,98,100,100,88,112,109,92,82,82,84,98,75,75,81,81,89,97,103,134,134,132],"gold":185,"neow_bonus":"","is_prod":false,"is_daily":true,"chose_seed":false,"campfire_upgraded":5,"win_rate":0,"timestamp":1532590022,"path_taken":["M","?","?","M","?","R","?","E","T","E","?","?","?","E","R","BOSS","M","M","M","?","M","E","?","M","T","E","M","R","?","E","R","BOSS","M","M","?","?","M","E","M","$","T","?","M","E","M","?","R","BOSS"],"build_version":"2018-07-24","purchased_purges":0,"victory":true,"max_hp_per_floor":[75,75,75,75,75,75,75,75,81,81,81,81,87,94,94,100,100,100,100,100,100,100,100,100,100,106,106,106,106,106,106,106,112,112,112,112,112,112,112,122,122,122,128,128,128,128,128,134,134,140],"card_choices":[{"not_picked":["Steam"],"picked":"Defragment","floor":1},{"not_picked":["Hologram","Turbo"],"picked":"SKIP","floor":4},{"not_picked":["Capacitor"],"picked":"Ball Lightning","floor":5},{"not_picked":["Gash","Scrape"],"picked":"SKIP","floor":8},{"not_picked":["Hologram"],"picked":"Sunder","floor":10},{"not_picked":["Ball Lightning"],"picked":"Buffer","floor":11},{"not_picked":["Rebound"],"picked":"Cold Snap","floor":12},{"not_picked":["Sweeping Beam"],"picked":"Skim","floor":14},{"not_picked":["Rainbow"],"picked":"All For One","floor":16},{"not_picked":["Compile Driver"],"picked":"Rebound","floor":18},{"not_picked":["Cold Snap"],"picked":"Conserve Battery","floor":19},{"not_picked":["Turbo"],"picked":"Streamline","floor":20},{"not_picked":["Stack"],"picked":"Beam Cell+1","floor":22},{"not_picked":["Rainbow"],"picked":"Leap+1","floor":23},{"not_picked":["Coolheaded"],"picked":"FTL+1","floor":24},{"not_picked":["Steam"],"picked":"Beam Cell","floor":25},{"not_picked":["FTL"],"picked":"Auto Shields","floor":27},{"not_picked":["Consume"],"picked":"Hologram+1","floor":28},{"not_picked":["Turbo+1"],"picked":"Rebound","floor":28},{"not_picked":["Biased Cognition"],"picked":"Machine Learning","floor":31},{"not_picked":["Multi-Cast"],"picked":"Buffer","floor":33},{"not_picked":["Rebound"],"picked":"Aggregate","floor":34},{"not_picked":["Loop"],"picked":"Doom and Gloom","floor":34},{"not_picked":["Capacitor"],"picked":"Chaos","floor":34},{"not_picked":["Steam+1"],"picked":"Leap","floor":34},{"not_picked":["Compile Driver"],"picked":"White Noise+1","floor":34},{"not_picked":["Recycle+1"],"picked":"Leap","floor":35},{"not_picked":["Tempest"],"picked":"Chaos+1","floor":35},{"not_picked":["Turbo+1"],"picked":"Sweeping Beam+1","floor":36},{"not_picked":["Compile Driver"],"picked":"Stack+1","floor":36},{"not_picked":["Transmutation"],"picked":"Swift Strike","floor":37},{"not_picked":["The Bomb"],"picked":"Deep Breath","floor":37},{"not_picked":["PanicButton"],"picked":"Chrysalis","floor":37},{"not_picked":["Coolheaded+1"],"picked":"Sweeping Beam","floor":39},{"not_picked":["Fusion","Turbo"],"picked":"SKIP","floor":39},{"not_picked":["Defragment"],"picked":"Glacier","floor":40},{"not_picked":["Sweeping Beam+1"],"picked":"Cold Snap","floor":41},{"not_picked":["Conserve Battery"],"picked":"Reprogram+1","floor":41},{"not_picked":["Glacier+1"],"picked":"BootSequence","floor":45},{"not_picked":["Barrage+1"],"picked":"Defragment+1","floor":45},{"not_picked":["Redo"],"picked":"Recycle","floor":46},{"not_picked":["Go for the Eyes"],"picked":"Cold Snap+1","floor":47},{"not_picked":["Rebound+1"],"picked":"Compile Driver+1","floor":47}],"player_experience":248733,"relics_obtained":[{"floor":8,"key":"Kunai"},{"floor":9,"key":"Bag of Marbles"},{"floor":10,"key":"Gremlin Horn"},{"floor":13,"key":"Bronze Scales"},{"floor":14,"key":"Strawberry"},{"floor":23,"key":"Art of War"},{"floor":26,"key":"Prayer Wheel"},{"floor":27,"key":"Blood Vial"},{"floor":31,"key":"Orichalcum"},{"floor":40,"key":"Pear"},{"floor":43,"key":"Shuriken"},{"floor":46,"key":"Matryoshka"}],"event_choices":[{"event_name":"Shining Light","player_choice":"Entered Light","floor":2,"damage_taken":0},{"event_name":"Upgrade Shrine","player_choice":"Upgraded","floor":3,"damage_taken":0},{"event_name":"Purifier","player_choice":"One Purge","floor":7,"damage_taken":0},{"event_name":"Bonfire Elementals","player_choice":"BASIC","floor":21,"damage_taken":0},{"event_name":"Nest","player_choice":"Stole From Cult","floor":30,"damage_taken":0},{"event_name":"SensoryStone","player_choice":"Memory 3","floor":37,"damage_taken":0},{"event_name":"Purifier","player_choice":"One Purge","floor":44,"damage_taken":0},{"event_name":"Winding Halls","player_choice":"Writhe","floor":48,"damage_taken":0}],"is_beta":true,"boss_relics":[{"not_picked":["Sozu","Philosopher\u0027s Stone"],"picked":"Inserter"},{"not_picked":["Astrolabe","Black Star"],"picked":"Orrery"}],"items_purged_floors":[],"is_endless":false,"potions_floor_spawned":[1,4,5,8,10,11,12,14,16,18,19,20,22,23,24,25,27,28,31,33,35,36,39,40,41,45,46,47],"ascension_level":0}