{"gold_per_floor":[109,127,147,147,158,158,192,204,204,17,44,57,57,71,71,149,149,161,172,172,97,22,22,36,36,36,62,62,93,143,53,53,130,130,149,204,223,242,342,369,380,380,406,406,417,428,440,468,468,468,468,468,468,10,41,41],"floor_reached":56,"playtime":4684,"items_purged":["Pain","Strike_G+1"],"score":2118,"play_id":"071b6b96-64ae-49f8-95aa-e29bd6025d67","local_time":"20190725234358","is_ascension_mode":true,"campfire_choices":[{"data":"Neutralize","floor":6.0,"key":"SMITH"},{"floor":13.0,"key":"REST"},{"data":"Noxious Fumes","floor":15.0,"key":"SMITH"},{"floor":23.0,"key":"REST"},{"floor":32.0,"key":"REST"},{"floor":42.0,"key":"REST"},{"floor":44,"key":"REST"},{"floor":49,"key":"RECALL"},{"floor":53,"key":"REST"}],"neow_cost":"NONE","seed_source_timestamp":432726579141479,"circlet_count":0,"master_deck":["AscendersBane","Strike_G+1","Defend_G+1","Defend_G+1","Defend_G+1","Defend_G+1","Defend_G+1","Survivor","Neutralize+1","Poisoned Stab","Flying Knee","Backstab","Calculated Gamble","PiercingWail","Well Laid Plans","Blade Dance","Adrenaline","Deflect","Noxious Fumes+1","After Image","Infinite Blades","Footwork","Catalyst","Finisher+1","Footwork","Blade Dance","Endless Agony+1","Backflip","Flash of Steel+1","Malaise","Acrobatics+1","PiercingWail","Acrobatics","Leg Sweep+1","Venomology","Cloak And Dagger","Sucker Punch+1","Acrobatics+1","Footwork+1","Phantasmal Killer","Bouncing Flask","Leg Sweep+1"],"special_seed":0,"relics":["WristBlade","WarpedTongs","Boot","Molten Egg 2","Sundial","Fusion Hammer","Dead Branch","Pear","Enchiridion","Mango","HoveringKite","Du-Vu Doll","Torii","Gremlin Horn","Blood Vial","Ornamental Fan","Art of War"],"potions_floor_usage":[45,51,55,56,56],"damage_taken":[{"damage":3.0,"enemies":"Small Slimes","floor":1.0,"turns":6.0},{"damage":0.0,"enemies":"Cultist","floor":2.0,"turns":3.0},{"damage":12.0,"enemies":"Jaw Worm","floor":3.0,"turns":4.0},{"damage":4.0,"enemies":"Blue Slaver","floor":5.0,"turns":3.0},{"damage":14.0,"enemies":"Lagavulin","floor":7.0,"turns":6.0},{"damage":6.0,"enemies":"3 Louse","floor":8.0,"turns":4.0},{"damage":10.0,"enemies":"3 Sentries","floor":11.0,"turns":7.0},{"damage":0.0,"enemies":"Large Slime","floor":12.0,"turns":5.0},{"damage":1.0,"enemies":"Blue Slaver","floor":14.0,"turns":2.0},{"damage":2.0,"enemies":"The Guardian","floor":16.0,"turns":10.0},{"damage":4.0,"enemies":"Chosen","floor":18.0,"turns":6.0},{"damage":17.0,"enemies":"2 Thieves","floor":19.0,"turns":4.0},{"damage":15.0,"enemies":"Shelled Parasite and Fungi","floor":24.0,"turns":5.0},{"damage":8.0,"enemies":"Slavers","floor":27.0,"turns":6.0},{"damage":14.0,"enemies":"Gremlin Leader","floor":29.0,"turns":6.0},{"damage":0.0,"enemies":"Automaton","floor":33.0,"turns":6.0},{"damage":0.0,"enemies":"Orb Walker","floor":35.0,"turns":3.0},{"damage":33.0,"enemies":"2 Orb Walkers","floor":36.0,"turns":3.0},{"damage":0.0,"enemies":"3 Darklings","floor":37.0,"turns":5.0},{"damage":0.0,"enemies":"Spire Growth","floor":38.0,"turns":3.0},{"damage":0.0,"enemies":"Mind Bloom Boss Battle","floor":39.0,"turns":2.0},{"damage":32.0,"enemies":"Reptomancer","floor":40.0,"turns":5.0},{"damage":0.0,"enemies":"Jaw Worm Horde","floor":41.0,"turns":3.0},{"damage":0,"enemies":"4 Shapes","floor":45,"turns":4},{"damage":1,"enemies":"Sphere and 2 Shapes","floor":46,"turns":4},{"damage":1,"enemies":"Writhing Mass","floor":47,"turns":6},{"damage":1,"enemies":"Nemesis","floor":48,"turns":7},{"damage":18,"enemies":"Awakened One","floor":50,"turns":14},{"damage":37,"enemies":"Time Eater","floor":51,"turns":13},{"damage":35,"enemies":"Shield and Spear","floor":55,"turns":10},{"damage":66,"enemies":"The Heart","floor":56,"turns":2}],"seed_played":"-8681961804780090127","potions_obtained":[{"floor":2.0,"key":"Poison Potion"},{"floor":5.0,"key":"LiquidBronze"},{"floor":8.0,"key":"SkillPotion"},{"floor":14.0,"key":"Strength Potion"},{"floor":27.0,"key":"Block Potion"},{"floor":37.0,"key":"Swift Potion"},{"floor":38.0,"key":"SpeedPotion"}],"is_trial":false,"path_per_floor":["M","M","M","?","M","R","E","M","T","$","E","M","R","M","R","B",null,"M","M","?","?","$","R","M","?","T","E","?","E","?","$","R","B",null,"M","?","M","M","?","E","M","R","T","R","M","M","M","E","R","B","B",null,"R","$","E","B"],"character_chosen":"THE_SILENT","items_purchased":["Well Laid Plans","Blade Dance","Footwork","Flash of Steel+1","Ornamental Fan","Bouncing Flask"],"campfire_rested":6,"item_purchase_floors":[10,10,22,31,54,54],"current_hp_per_floor":[56,56,44,44,40,40,26,20,20,20,10,10,29,28,28,26,56,52,35,35,35,35,54,39,39,39,41,20,20,20,20,47,47,79,79,46,46,46,46,14,14,41,41,68,68,67,66,65,65,49,14,71,90,90,55,0],"gold":41,"neow_bonus":"BOSS_RELIC","is_prod":false,"is_daily":false,"chose_seed":false,"campfire_upgraded":2,"win_rate":0,"timestamp":1564112638,"path_taken":["M","M","M","?","M","R","E","?","T","$","E","M","R","M","R","BOSS","M","M","?","?","$","R","M","?","T","E","?","E","?","$","R","BOSS","M","?","M","M","?","E","M","R","T","R","M","M","M","E","R","BOSS","BOSS","R","$","E","BOSS"],"build_version":"2019-07-17","purchased_purges":2,"victory":false,"max_hp_per_floor":[66,66,66,66,66,66,66,66,66,66,66,66,66,66,66,66,66,66,66,66,66,66,66,66,66,66,76,76,90,90,90,90,90,90,90,90,90,90,90,90,90,90,90,90,90,90,90,90,90,90,90,90,90,90,90,90],"card_choices":[{"not_picked":["Outmaneuver","Dodge and Roll"],"picked":"Poisoned Stab","floor":1.0},{"not_picked":["Dagger Spray","Backflip"],"picked":"Flying Knee","floor":2.0},{"not_picked":["Reflex","Riddle With Holes"],"picked":"Backstab","floor":3.0},{"not_picked":["Tactician","Flying Knee","Outmaneuver"],"picked":"SKIP","floor":5.0},{"not_picked":["Riddle With Holes","Reflex"],"picked":"Calculated Gamble","floor":7.0},{"not_picked":["Catalyst","Bane"],"picked":"PiercingWail","floor":8.0},{"not_picked":["Backflip","Caltrops"],"picked":"Adrenaline","floor":11.0},{"not_picked":["Tactician","Outmaneuver"],"picked":"Deflect","floor":12.0},{"not_picked":["Reflex","Blade Dance"],"picked":"Noxious Fumes","floor":14.0},{"not_picked":["Night Terror","Storm of Steel"],"picked":"After Image","floor":16.0},{"not_picked":["Poisoned Stab+1","Dodge and Roll"],"picked":"Infinite Blades","floor":18.0},{"not_picked":["Underhanded Strike+1","Skewer+1"],"picked":"Footwork","floor":19.0},{"not_picked":["Slice+1","Acrobatics"],"picked":"Blade Dance","floor":24.0},{"not_picked":["Flying Knee+1","All Out Attack+1"],"picked":"Endless Agony+1","floor":27.0},{"not_picked":["Prepared","Dodge and Roll"],"picked":"Backflip","floor":29.0},{"not_picked":["Grand Finale+1","Venomology"],"picked":"Malaise","floor":33.0},{"not_picked":["Dagger Throw+1","Caltrops"],"picked":"Acrobatics+1","floor":35.0},{"not_picked":["Blur","Outmaneuver+1"],"picked":"PiercingWail","floor":37.0},{"not_picked":["Quick Slash+1","Outmaneuver"],"picked":"Acrobatics","floor":38.0},{"not_picked":["Slice+1","Bouncing Flask"],"picked":"Leg Sweep+1","floor":39.0},{"not_picked":["Prepared+1","Distraction"],"picked":"Venomology","floor":40.0},{"not_picked":["PiercingWail","Blade Dance"],"picked":"Cloak And Dagger","floor":41.0},{"not_picked":["Deflect","Outmaneuver"],"picked":"Sucker Punch+1","floor":45},{"not_picked":["Underhanded Strike+1","Calculated Gamble"],"picked":"Acrobatics+1","floor":46},{"not_picked":["Dagger Spray+1","Quick Slash+1"],"picked":"Footwork+1","floor":47},{"not_picked":["Masterful Stab+1","Prepared+1"],"picked":"Phantasmal Killer","floor":48},{"not_picked":["Poisoned Stab+1","Dagger Throw+1"],"picked":"Leg Sweep+1","floor":55}],"player_experience":991068,"relics_obtained":[{"floor":7.0,"key":"Boot"},{"floor":9.0,"key":"Molten Egg 2"},{"floor":11.0,"key":"Sundial"},{"floor":26.0,"key":"Dead Branch"},{"floor":27.0,"key":"Pear"},{"floor":28.0,"key":"Enchiridion"},{"floor":29.0,"key":"Mango"},{"floor":36.0,"key":"Du-Vu Doll"},{"floor":39.0,"key":"Torii"},{"floor":40.0,"key":"Gremlin Horn"},{"floor":48,"key":"Blood Vial"},{"floor":55,"key":"Art of War"}],"event_choices":[{"damage_healed":0.0,"max_hp_gain":0.0,"max_hp_loss":0.0,"gold_gain":0.0,"event_name":"Accursed Blacksmith","player_choice":"Rummage","floor":4.0,"gold_loss":0.0,"damage_taken":0.0,"relics_obtained":["WarpedTongs"],"cards_obtained":["Pain"]},{"damage_healed":0.0,"max_hp_gain":0.0,"max_hp_loss":0.0,"gold_gain":0.0,"cards_transformed":["Strike_G","Strike_G"],"event_name":"Drug Dealer","player_choice":"Became Test Subject","floor":20.0,"gold_loss":0.0,"damage_taken":0.0,"cards_obtained":["Catalyst","Finisher"]},{"cards_removed":["Strike_G"],"damage_healed":0.0,"max_hp_gain":0.0,"max_hp_loss":0.0,"gold_gain":0.0,"event_name":"Beggar","player_choice":"Gave Gold","floor":21.0,"gold_loss":75.0,"damage_taken":0.0},{"damage_healed":0.0,"max_hp_gain":0.0,"max_hp_loss":0.0,"gold_gain":0.0,"event_name":"Back to Basics","player_choice":"Simplicity","floor":25.0,"gold_loss":0.0,"damage_taken":0.0,"cards_upgraded":["Strike_G","Strike_G","Defend_G","Defend_G","Defend_G","Defend_G","Defend_G"]},{"damage_healed":0.0,"max_hp_gain":0.0,"max_hp_loss":0.0,"gold_gain":0.0,"event_name":"Cursed Tome","player_choice":"Obtained Book","floor":28.0,"gold_loss":0.0,"damage_taken":21.0},{"damage_healed":0.0,"max_hp_gain":0.0,"max_hp_loss":0.0,"gold_gain":50.0,"event_name":"Nest","player_choice":"Stole From Cult","floor":30.0,"gold_loss":0.0,"damage_taken":0.0},{"damage_healed":0.0,"max_hp_gain":0.0,"max_hp_loss":0.0,"gold_gain":0.0,"event_name":"Mysterious Sphere","player_choice":"Fight","floor":36.0,"gold_loss":0.0,"damage_taken":0.0},{"damage_healed":0.0,"max_hp_gain":0.0,"max_hp_loss":0.0,"gold_gain":0.0,"event_name":"MindBloom","player_choice":"Fight","floor":39.0,"gold_loss":0.0,"damage_taken":0.0}],"is_beta":false,"boss_relics":[{"not_picked":["Ectoplasm","Sozu"],"picked":"Fusion Hammer"},{"not_picked":["Tiny House","Coffee Dripper"],"picked":"HoveringKite"}],"items_purged_floors":[10,54],"is_endless":false,"potions_floor_spawned":[2,5,8,14,16,18,27,29,35,37,38,41,46],"killed_by":"The Heart","ascension_level":20}