{"gold_per_floor":[110,110,185,196,216,216,247,265,311,56,76,76,103,125,125,125],"floor_reached":16,"playtime":750,"items_purged":[],"score":220,"play_id":"b18a99fc-3f8c-431f-bcfb-f77f04171f24","local_time":"20190925132404","is_ascension_mode":true,"campfire_choices":[{"data":"True Grit","floor":6,"key":"SMITH"},{"data":"True Grit","floor":12,"key":"SMITH"},{"data":"Disarm","floor":15,"key":"SMITH"}],"neow_cost":"NONE","seed_source_timestamp":738293698726500,"circlet_count":0,"master_deck":["AscendersBane","Strike_R","Strike_R","Strike_R","Strike_R","Strike_R","Defend_R","Defend_R","Defend_R","Defend_R","Bash","Battle Trance","True Grit+1","True Grit+1","Disarm+1","Feel No Pain","Corruption"],"relics":["Burning Blood","Happy Flower","Mummified Hand","Strawberry","Lee\u0027s Waffle","Centennial Puzzle","Odd Mushroom"],"potions_floor_usage":[7,7,16],"damage_taken":[{"damage":8,"enemies":"Small Slimes","floor":1,"turns":4},{"damage":3,"enemies":"2 Louse","floor":4,"turns":2},{"damage":0,"enemies":"Cultist","floor":5,"turns":4},{"damage":56,"enemies":"Gremlin Nob","floor":7,"turns":5},{"damage":13,"enemies":"Red Slaver","floor":8,"turns":7},{"damage":0,"enemies":"2 Fungi Beasts","floor":11,"turns":6},{"damage":22,"enemies":"3 Sentries","floor":13,"turns":17},{"damage":25,"enemies":"The Mushroom Lair","floor":14,"turns":9},{"damage":50,"enemies":"The Guardian","floor":16,"turns":22}],"seed_played":"-3347210323731050809","potions_obtained":[{"floor":4,"key":"ElixirPotion"},{"floor":5,"key":"Swift Potion"},{"floor":13,"key":"PowerPotion"}],"is_trial":false,"path_per_floor":["M","$","?","M","M","R","E","M","T","$","M","R","E","?","R","B"],"character_chosen":"IRONCLAD","items_purchased":["Feel No Pain","Lee\u0027s Waffle"],"campfire_rested":0,"item_purchase_floors":[10,10],"current_hp_per_floor":[66,66,55,58,64,64,14,7,14,89,89,89,73,54,54,4],"gold":125,"neow_bonus":"RANDOM_COMMON_RELIC","is_prod":false,"is_daily":false,"chose_seed":false,"campfire_upgraded":3,"win_rate":0,"timestamp":1569443044,"path_taken":["M","$","?","M","M","R","E","M","T","$","M","R","E","?","R","BOSS"],"build_version":"2019-09-24","purchased_purges":0,"victory":false,"max_hp_per_floor":[75,75,75,75,75,75,75,75,82,89,89,89,89,89,89,89],"card_choices":[{"not_picked":["Wild Strike","Heavy Blade"],"picked":"Battle Trance","floor":1},{"not_picked":["Heavy Blade","Armaments"],"picked":"True Grit","floor":4},{"not_picked":["Cleave","Barricade"],"picked":"True Grit","floor":5},{"not_picked":["Wild Strike","Uppercut","Iron Wave"],"picked":"SKIP","floor":7},{"not_picked":["Anger","Shrug It Off"],"picked":"Disarm","floor":8},{"not_picked":["Cleave","Body Slam","Blood for Blood"],"picked":"SKIP","floor":11},{"not_picked":["Fire Breathing","Whirlwind","Carnage"],"picked":"SKIP","floor":13},{"not_picked":["Havoc","Shockwave"],"picked":"Corruption","floor":14}],"player_experience":1033095,"relics_obtained":[{"floor":7,"key":"Mummified Hand"},{"floor":9,"key":"Strawberry"},{"floor":13,"key":"Centennial Puzzle"},{"floor":14,"key":"Odd Mushroom"}],"event_choices":[{"damage_healed":0,"gold_gain":75,"player_choice":"Gather Gold","damage_taken":11,"max_hp_gain":0,"max_hp_loss":0,"event_name":"World of Goop","floor":3,"gold_loss":0},{"damage_healed":0,"gold_gain":0,"player_choice":"Fought Mushrooms","damage_taken":0,"max_hp_gain":0,"max_hp_loss":0,"event_name":"Mushrooms","floor":14,"gold_loss":0}],"is_beta":true,"boss_relics":[],"items_purged_floors":[],"is_endless":false,"potions_floor_spawned":[4,5,13],"killed_by":"The Guardian","ascension_level":20}