{"gold_per_floor":[212,228,153,103,113,146,146,159,159,176,204,204,229,245,245,344,344,358,358,377,131,151,177,177,192,192,224,239,239,72,92,92,189,189,201,201,221,221,234,234,68,78,78,78,78,89,89,99,99,99,99,99,28,59,59],"floor_reached":56,"playtime":7151,"items_purged":["Strike_G","Defend_G","Strike_G"],"score":1222,"play_id":"fc534172-121b-4b02-b3c5-b6558554dc63","local_time":"20190605193045","is_ascension_mode":true,"campfire_choices":[{"floor":7,"key":"REST"},{"floor":15,"key":"REST"},{"data":"Leg Sweep","floor":29,"key":"SMITH"},{"floor":32,"key":"RECALL"},{"floor":40,"key":"REST"},{"data":"Crippling Poison","floor":44,"key":"SMITH"},{"floor":47,"key":"REST"},{"floor":49,"key":"REST"},{"data":"Catalyst","floor":52,"key":"SMITH"}],"neow_cost":"NONE","seed_source_timestamp":201848451349376,"circlet_count":0,"master_deck":["Defend_G","Defend_G","Strike_G","Survivor","Neutralize","Backflip","Dash","Deadly Poison","Footwork+1","Leg Sweep+1","Dodge and Roll+1","Backflip+1","Dash","Bouncing Flask+1","Burst","Crippling Poison+1","RitualDagger","Noxious Fumes","Catalyst+1","Poisoned Stab","Crippling Poison","Crippling Poison+1","Footwork+1","Apotheosis","Wraith Form v2","Deadly Poison","Noxious Fumes","Deadly Poison+1","Venomology","Well Laid Plans"],"relics":["Ring of the Snake","Bottled Lightning","Paper Crane","Odd Mushroom","Question Card","Snecko Eye","War Paint","Letter Opener","Tough Bandages","Philosopher\u0027s Stone","Orichalcum"],"potions_floor_usage":[11,18,27,27,39,39,50,54,55],"damage_taken":[{"damage":3,"enemies":"Small Slimes","floor":1,"turns":4},{"damage":0,"enemies":"2 Louse","floor":2,"turns":4},{"damage":0,"enemies":"Jaw Worm","floor":5,"turns":5},{"damage":40,"enemies":"Gremlin Nob","floor":6,"turns":5},{"damage":1,"enemies":"Large Slime","floor":8,"turns":8},{"damage":0,"enemies":"Exordium Wildlife","floor":10,"turns":3},{"damage":5,"enemies":"The Mushroom Lair","floor":11,"turns":7},{"damage":0,"enemies":"Lagavulin","floor":13,"turns":8},{"damage":0,"enemies":"Blue Slaver","floor":14,"turns":4},{"damage":26,"enemies":"Slime Boss","floor":16,"turns":19},{"damage":20,"enemies":"3 Byrds","floor":18,"turns":5},{"damage":4,"enemies":"Spheric Guardian","floor":20,"turns":4},{"damage":1,"enemies":"Snecko","floor":22,"turns":6},{"damage":1,"enemies":"Book of Stabbing","floor":23,"turns":5},{"damage":0,"enemies":"3 Cultists","floor":25,"turns":5},{"damage":11,"enemies":"Slavers","floor":27,"turns":6},{"damage":0,"enemies":"Centurion and Healer","floor":28,"turns":5},{"damage":0,"enemies":"Snake Plant","floor":31,"turns":3},{"damage":3,"enemies":"Champ","floor":33,"turns":10},{"damage":15,"enemies":"3 Darklings","floor":35,"turns":3},{"damage":0,"enemies":"3 Shapes","floor":37,"turns":2},{"damage":27,"enemies":"Transient","floor":39,"turns":5},{"damage":5,"enemies":"Sphere and 2 Shapes","floor":42,"turns":3},{"damage":11,"enemies":"Maw","floor":46,"turns":6},{"damage":0,"enemies":"Jaw Worm Horde","floor":48,"turns":4},{"damage":28,"enemies":"Awakened One","floor":50,"turns":10},{"damage":24,"enemies":"Shield and Spear","floor":54,"turns":5},{"damage":42,"enemies":"The Heart","floor":55,"turns":10}],"seed_played":"5468228217941228984","potions_obtained":[{"floor":2,"key":"LiquidBronze"},{"floor":6,"key":"Regen Potion"},{"floor":8,"key":"GhostInAJar"},{"floor":14,"key":"EssenceOfSteel"},{"floor":22,"key":"Poison Potion"},{"floor":23,"key":"Block Potion"},{"floor":28,"key":"SneckoOil"},{"floor":31,"key":"Dexterity Potion"},{"floor":42,"key":"Block Potion"}],"is_trial":false,"path_per_floor":["M","M","$","?","M","E","R","M","T","M","?","?","E","M","R","B",null,"M","?","M","$","M","E","?","M","T","E","M","R","$","M","R","B",null,"M","?","M","?","M","R","$","M","T","R","?","M","R","M","R","B",null,"R","$","E","B",null],"character_chosen":"THE_SILENT","items_purchased":["Noxious Fumes","Catalyst","Apotheosis","Noxious Fumes","Well Laid Plans"],"campfire_rested":5,"item_purchase_floors":[21,21,30,41,53],"current_hp_per_floor":[67,67,67,67,67,27,48,47,47,47,42,28,28,28,49,23,70,50,44,40,40,39,38,38,38,38,41,41,41,41,41,41,38,70,55,55,55,55,28,49,49,44,44,44,44,33,54,54,70,42,70,70,70,46,4],"gold":59,"neow_bonus":"HUNDRED_GOLD","is_prod":false,"is_daily":false,"chose_seed":false,"campfire_upgraded":3,"win_rate":0,"timestamp":1559755845,"path_taken":["M","M","$","?","M","E","R","M","T","M","?","?","E","?","R","BOSS","M","?","M","$","M","E","?","M","T","E","M","R","$","M","R","BOSS","M","?","M","?","M","R","$","?","T","R","?","M","R","M","R","BOSS","R","$","E","BOSS"],"build_version":"2019-01-23","purchased_purges":3,"victory":true,"max_hp_per_floor":[70,70,70,70,70,70,70,70,70,70,70,70,70,70,70,70,70,70,70,70,70,70,70,70,70,70,70,70,70,70,70,70,70,70,70,70,70,70,70,70,70,70,70,70,70,70,70,70,70,70,70,70,70,70,70],"card_choices":[{"not_picked":["Quick Slash","Slice"],"picked":"Backflip","floor":1},{"not_picked":["Eviscerate","PiercingWail"],"picked":"Dash","floor":2},{"not_picked":["Bane","Dodge and Roll"],"picked":"Deadly Poison","floor":5},{"not_picked":["Deflect","Night Terror"],"picked":"Footwork","floor":6},{"not_picked":["Acrobatics","Expertise"],"picked":"Leg Sweep","floor":8},{"not_picked":["Acrobatics","PiercingWail"],"picked":"Dodge and Roll","floor":10},{"not_picked":["Outmaneuver","Bane"],"picked":"Backflip","floor":11},{"not_picked":["Bullet Time","Deflect"],"picked":"Dash","floor":13},{"not_picked":["Slice","Backflip","Outmaneuver"],"picked":"Bouncing Flask","floor":14},{"not_picked":["Storm of Steel","Die Die Die","Glass Knife"],"picked":"Burst","floor":16},{"not_picked":["Acrobatics+1","Finisher","Quick Slash"],"picked":"Crippling Poison+1","floor":18},{"not_picked":["Prepared","Masterful Stab","Quick Slash+1","Terror"],"picked":"SKIP","floor":20},{"not_picked":["Blade Dance+1","Flying Knee","Outmaneuver"],"picked":"Poisoned Stab","floor":22},{"not_picked":["Heel Hook","Riddle With Holes","Underhanded Strike","Accuracy+1"],"picked":"SKIP","floor":23},{"not_picked":["Calculated Gamble+1","Flying Knee","Underhanded Strike+1"],"picked":"Crippling Poison","floor":25},{"not_picked":["Quick Slash","Terror","Heel Hook+1"],"picked":"Crippling Poison","floor":27},{"not_picked":["Quick Slash+1","Envenom","Cloak And Dagger"],"picked":"Footwork+1","floor":28},{"not_picked":["Flying Knee","Dagger Throw","Dodge and Roll+1","Backstab"],"picked":"SKIP","floor":31},{"not_picked":["Malaise","Tools of the Trade","Unload"],"picked":"Wraith Form v2","floor":33},{"not_picked":["Outmaneuver+1","Cloak And Dagger","Tactician","Backflip"],"picked":"SKIP","floor":35},{"not_picked":["Heel Hook+1","Calculated Gamble+1","Tactician+1"],"picked":"Deadly Poison","floor":37},{"not_picked":["Quick Slash","Accuracy","Slice+1","Deflect"],"picked":"SKIP","floor":39},{"not_picked":["PiercingWail+1","Leg Sweep","Slice"],"picked":"Deadly Poison+1","floor":42},{"not_picked":["PiercingWail+1","Distraction+1","Deflect+1","Predator+1"],"picked":"SKIP","floor":46},{"not_picked":["Prepared","Expertise+1","Finisher+1","Terror+1"],"picked":"SKIP","floor":48},{"not_picked":["Reflex","Expertise+1","Prepared+1","Accuracy+1"],"picked":"SKIP","floor":54}],"player_experience":182053,"relics_obtained":[{"floor":6,"key":"Bottled Lightning"},{"floor":9,"key":"Paper Crane"},{"floor":11,"key":"Odd Mushroom"},{"floor":13,"key":"Question Card"},{"floor":23,"key":"War Paint"},{"floor":26,"key":"Letter Opener"},{"floor":27,"key":"Tough Bandages"},{"floor":54,"key":"Orichalcum"}],"event_choices":[{"cards_removed":["Defend_G"],"damage_healed":0,"gold_gain":0,"player_choice":"Card Removal","damage_taken":0,"max_hp_gain":0,"max_hp_loss":0,"event_name":"The Cleric","floor":4,"gold_loss":50},{"damage_healed":0,"gold_gain":0,"player_choice":"Fought Mushrooms","damage_taken":0,"max_hp_gain":0,"max_hp_loss":0,"event_name":"Mushrooms","floor":11,"gold_loss":0},{"damage_healed":0,"gold_gain":0,"player_choice":"Entered Light","damage_taken":14,"max_hp_gain":0,"max_hp_loss":0,"event_name":"Shining Light","floor":12,"gold_loss":0,"cards_upgraded":["Dodge and Roll","Footwork"]},{"damage_healed":0,"gold_gain":0,"player_choice":"Joined the Cult","damage_taken":6,"max_hp_gain":0,"max_hp_loss":0,"event_name":"Nest","floor":19,"gold_loss":0,"cards_obtained":["RitualDagger"]},{"damage_healed":0,"gold_gain":0,"player_choice":"Ignored","damage_taken":0,"max_hp_gain":0,"max_hp_loss":0,"event_name":"Ghosts","floor":24,"gold_loss":0},{"cards_removed":["Strike_G"],"damage_healed":0,"gold_gain":0,"player_choice":"Removed Attack","damage_taken":0,"max_hp_gain":0,"max_hp_loss":0,"event_name":"Falling","floor":36,"gold_loss":0},{"cards_removed":["Strike_G"],"damage_healed":0,"gold_gain":0,"player_choice":"Purged","damage_taken":0,"max_hp_gain":0,"max_hp_loss":0,"event_name":"Purifier","floor":38,"gold_loss":0},{"damage_healed":0,"gold_gain":0,"cards_transformed":["Defend_G"],"player_choice":"Transformed","damage_taken":0,"max_hp_gain":0,"max_hp_loss":0,"event_name":"Transmorgrifier","floor":45,"gold_loss":0,"cards_obtained":["Venomology"]}],"is_beta":false,"boss_relics":[{"not_picked":["Pandora\u0027s Box","Calling Bell"],"picked":"Snecko Eye"},{"not_picked":["Runic Pyramid","Astrolabe"],"picked":"Philosopher\u0027s Stone"}],"items_purged_floors":[3,21,41],"is_endless":false,"potions_floor_spawned":[2,6,8,14,16,22,23,25,28,31,42,46],"ascension_level":1}