{"gold_per_floor":[112,112,112,125,72,110,133,133,133,133,153,118,161,5,5,125,125,143,163,78,78,93,93],"floor_reached":23,"playtime":2438,"items_purged":["Strike_R"],"score":199,"play_id":"4bb8d9b7-788a-4de2-958a-78bbef0dc409","local_time":"20190704003253","is_ascension_mode":false,"campfire_choices":[{"floor":8,"key":"RECALL"},{"data":"1","floor":10,"key":"LIFT"},{"floor":15,"key":"REST"}],"neow_cost":"NONE","seed_source_timestamp":1208735714703766,"circlet_count":0,"master_deck":["Strike_R","Strike_R","Strike_R","Strike_R","Defend_R","Defend_R","Defend_R","Defend_R","Bash","Pommel Strike","Cleave","Flex","True Grit","Heavy Blade","Headbutt","Twin Strike","Inflame","Impervious","Wild Strike","Shrug It Off","Writhe","Iron Wave"],"relics":["Burning Blood","Golden Idol","Ginger","Girya","Question Card","Eternal Feather","Blue Candle","Bag of Marbles"],"potions_floor_usage":[14,23],"damage_taken":[{"damage":2,"enemies":"2 Louse","floor":1,"turns":3},{"damage":0,"enemies":"Small Slimes","floor":4,"turns":3},{"damage":78,"enemies":"Lagavulin","floor":6,"turns":10},{"damage":2,"enemies":"Jaw Worm","floor":7,"turns":5},{"damage":9,"enemies":"3 Louse","floor":11,"turns":4},{"damage":16,"enemies":"Gremlin Nob","floor":13,"turns":4},{"damage":13,"enemies":"Slime Boss","floor":16,"turns":8},{"damage":27,"enemies":"Shell Parasite","floor":18,"turns":7},{"damage":9,"enemies":"Spheric Guardian","floor":19,"turns":5},{"damage":18,"enemies":"Snecko","floor":22,"turns":6},{"damage":63,"enemies":"Book of Stabbing","floor":23,"turns":6}],"seed_played":"-6533305248327987300","potions_obtained":[{"floor":6,"key":"GamblersBrew"},{"floor":13,"key":"Fruit Juice"},{"floor":16,"key":"Swift Potion"},{"floor":18,"key":"PowerPotion"}],"is_trial":false,"path_per_floor":["M","?","?","M","$","E","M","R","T","R","M","?","E","$","R","B",null,"M","M","?","?","M","E"],"character_chosen":"IRONCLAD","items_purchased":["Flex","Inflame"],"campfire_rested":1,"item_purchase_floors":[5,14],"current_hp_per_floor":[88,88,81,87,87,15,19,19,19,19,16,38,28,33,60,53,93,72,69,69,69,57,0],"gold":93,"neow_bonus":"TEN_PERCENT_HP_BONUS","is_prod":false,"is_daily":false,"chose_seed":false,"campfire_upgraded":0,"win_rate":0,"timestamp":1562218373,"path_taken":["M","?","?","M","?","E","M","R","T","R","M","?","E","$","R","BOSS","M","M","?","?","M","E"],"build_version":"2019-07-01","purchased_purges":1,"victory":false,"max_hp_per_floor":[88,88,88,88,88,88,88,88,88,88,88,88,88,93,93,93,93,93,93,93,93,93,93],"card_choices":[{"not_picked":["Havoc","Thunderclap"],"picked":"Pommel Strike","floor":1},{"not_picked":["Pommel Strike","Body Slam"],"picked":"Cleave","floor":4},{"not_picked":["Bloodletting","Rampage"],"picked":"True Grit","floor":6},{"not_picked":["Hemokinesis","Thunderclap"],"picked":"Heavy Blade","floor":7},{"not_picked":["Cleave","Flex"],"picked":"Headbutt","floor":11},{"not_picked":["Evolve","Spot Weakness"],"picked":"Twin Strike","floor":13},{"not_picked":["Barricade","Juggernaut","Immolate"],"picked":"Impervious","floor":16},{"not_picked":["Pommel Strike","Body Slam","Corruption+1"],"picked":"Wild Strike","floor":18},{"not_picked":["Sever Soul","Havoc","Disarm+1"],"picked":"Shrug It Off","floor":19},{"not_picked":["Thunderclap","Clothesline","Cleave"],"picked":"Iron Wave","floor":22}],"player_experience":99270,"relics_obtained":[{"floor":6,"key":"Ginger"},{"floor":9,"key":"Girya"},{"floor":13,"key":"Question Card"}],"event_choices":[{"damage_healed":0,"gold_gain":0,"player_choice":"Take Wound","damage_taken":0,"relics_obtained":["Golden Idol"],"max_hp_gain":0,"max_hp_loss":0,"event_name":"Golden Idol","floor":2,"gold_loss":0,"cards_obtained":["Injury"]},{"cards_removed":["Injury"],"damage_healed":0,"gold_gain":0,"player_choice":"Card Removal","damage_taken":7,"max_hp_gain":0,"max_hp_loss":0,"event_name":"Golden Wing","floor":3,"gold_loss":0},{"damage_healed":22,"gold_gain":0,"player_choice":"Healed","damage_taken":0,"max_hp_gain":0,"max_hp_loss":0,"event_name":"The Cleric","floor":12,"gold_loss":35},{"damage_healed":0,"gold_gain":0,"player_choice":"Obtained Relic","damage_taken":0,"relics_obtained":["Blue Candle"],"max_hp_gain":0,"max_hp_loss":0,"event_name":"Addict","floor":20,"gold_loss":85},{"damage_healed":0,"gold_gain":0,"player_choice":"Opened","damage_taken":0,"relics_obtained":["Bag of Marbles"],"max_hp_gain":0,"max_hp_loss":0,"event_name":"The Mausoleum","floor":21,"gold_loss":0,"cards_obtained":["Writhe"]}],"is_beta":false,"boss_relics":[{"not_picked":["Runic Cube","Mark of Pain"],"picked":"Eternal Feather"}],"items_purged_floors":[14],"is_endless":false,"potions_floor_spawned":[6,13,16,18],"killed_by":"Book of Stabbing","ascension_level":0}