{"gold_per_floor":[19,34,34,55,79,119,119,119,119,154,154,154,195,268,268,387,387,406,426,0,20,45,45,76,76,76,76,76,110,18,62,62,191,191,211,211,9,9,29,29,53,69,150,150,184,196,251,278,290,302,314,326,40,79,79],"floor_reached":55,"playtime":2681,"items_purged":["Parasite","Strike_R+1","Parasite"],"score":1021,"play_id":"25091739-3116-4586-9e5e-e6f0f5c410d4","local_time":"20190927072418","is_ascension_mode":true,"campfire_choices":[{"data":"Heavy Blade","floor":8,"key":"SMITH"},{"floor":11,"key":"REST"},{"floor":15,"key":"REST"},{"floor":23,"key":"REST"},{"floor":25,"key":"REST"},{"floor":32,"key":"REST"},{"data":"1","floor":40,"key":"LIFT"},{"floor":44,"key":"REST"},{"floor":46,"key":"RECALL"},{"floor":49,"key":"REST"},{"data":"2","floor":52,"key":"LIFT"}],"neow_cost":"NO_GOLD","seed_source_timestamp":1267107155873300,"circlet_count":0,"master_deck":["Strike_R+1","Strike_R+1","Strike_R+1","Strike_R+1","Defend_R+1","Defend_R+1","Defend_R+1","Defend_R+1","Bash","Heavy Blade+1","Dropkick","Spot Weakness","Iron Wave","Dropkick","Whirlwind","Offering","Spot Weakness","Limit Break","Blood for Blood","Thunderclap","Heavy Blade","Clash","Sword Boomerang","Flex","Rupture+1","Inflame+1","Demon Form+1","Flame Barrier","Dramatic Entrance","Heavy Blade+1","Sword Boomerang+1","Rupture+1","Carnage+1","Sword Boomerang+1","Heavy Blade+1","Heavy Blade"],"relics":["Burning Blood","Golden Idol","Paper Frog","Pear","Frozen Egg 2","Du-Vu Doll","Omamori","Snecko Eye","PreservedInsect","Pen Nib","Juzu Bracelet","Girya","Potion Belt","Magic Flower","Smiling Mask","Mark of Pain","Lantern","MawBank","Gremlin Horn","Chemical X","Unceasing Top"],"potions_floor_usage":[5,14,18,24,29,31,42,45,47,54],"damage_taken":[{"damage":4,"enemies":"2 Louse","floor":1,"turns":3},{"damage":10,"enemies":"Small Slimes","floor":2,"turns":3},{"damage":7,"enemies":"Jaw Worm","floor":4,"turns":3},{"damage":27,"enemies":"Exordium Wildlife","floor":5,"turns":5},{"damage":25,"enemies":"3 Sentries","floor":6,"turns":6},{"damage":36,"enemies":"Gremlin Nob","floor":10,"turns":5},{"damage":30,"enemies":"3 Sentries","floor":13,"turns":5},{"damage":34,"enemies":"Lagavulin Event","floor":14,"turns":4},{"damage":32,"enemies":"The Guardian","floor":16,"turns":6},{"damage":26,"enemies":"Shell Parasite","floor":18,"turns":3},{"damage":6,"enemies":"3 Byrds","floor":19,"turns":4},{"damage":34,"enemies":"Snake Plant","floor":21,"turns":3},{"damage":6,"enemies":"Chosen and Byrds","floor":22,"turns":2},{"damage":19,"enemies":"Slavers","floor":24,"turns":3},{"damage":42,"enemies":"Gremlin Leader","floor":29,"turns":3},{"damage":41,"enemies":"Slavers","floor":31,"turns":3},{"damage":52,"enemies":"Collector","floor":33,"turns":7},{"damage":37,"enemies":"3 Darklings","floor":35,"turns":3},{"damage":21,"enemies":"3 Shapes","floor":39,"turns":3},{"damage":22,"enemies":"Jaw Worm Horde","floor":41,"turns":2},{"damage":27,"enemies":"Writhing Mass","floor":42,"turns":3},{"damage":19,"enemies":"Giant Head","floor":45,"turns":4},{"damage":0,"enemies":"Reptomancer","floor":47,"turns":2},{"damage":38,"enemies":"3 Darklings","floor":48,"turns":2},{"damage":66,"enemies":"Awakened One","floor":50,"turns":6},{"damage":32,"enemies":"Shield and Spear","floor":54,"turns":2},{"damage":102,"enemies":"The Heart","floor":55,"turns":3}],"seed_played":"432475258704284650","potions_obtained":[{"floor":4,"key":"PowerPotion"},{"floor":13,"key":"Block Potion"},{"floor":16,"key":"SkillPotion"},{"floor":22,"key":"Poison Potion"},{"floor":24,"key":"PowerPotion"},{"floor":29,"key":"FearPotion"},{"floor":39,"key":"Energy Potion"},{"floor":42,"key":"Ancient Potion"},{"floor":45,"key":"FearPotion"}],"is_trial":false,"path_per_floor":["M","M","?","M","M","E","?","R","T","E","R","?","E","?","R","B",null,"M","M","$","M","M","R","E","R","T","?","?","E","$","E","R","B",null,"M","?","$","?","M","R","M","M","T","R","E","R","E","M","R","B",null,"R","$","E","B"],"character_chosen":"IRONCLAD","items_purchased":["PreservedInsect","Pen Nib","Heavy Blade","Flex","Rupture+1","Lantern","Chemical X","Fire Potion"],"campfire_rested":7,"item_purchase_floors":[20,20,20,30,30,37,53,53],"current_hp_per_floor":[96,92,92,91,70,51,75,75,85,55,86,86,62,34,65,39,106,86,86,86,58,58,88,75,103,103,103,103,67,67,35,65,22,103,75,101,101,101,89,89,76,58,58,88,78,78,87,58,88,31,103,103,100,77,0],"gold":79,"neow_bonus":"TWENTY_PERCENT_HP_BONUS","is_prod":false,"is_daily":false,"chose_seed":false,"campfire_upgraded":1,"win_rate":0,"timestamp":1569583458,"path_taken":["M","M","?","M","M","E","?","R","T","E","R","?","E","?","R","BOSS","M","M","$","M","M","R","E","R","T","?","?","E","$","E","R","BOSS","M","?","$","?","M","R","M","M","T","R","E","R","E","M","R","BOSS","R","$","E","BOSS"],"build_version":"2019-07-17","purchased_purges":3,"victory":false,"max_hp_per_floor":[96,96,96,96,96,96,96,96,106,106,106,106,106,106,106,106,106,106,106,103,103,103,103,103,103,103,103,103,103,103,103,103,103,103,103,103,103,103,103,103,103,103,103,103,103,103,103,103,103,103,103,103,100,100,100],"card_choices":[{"not_picked":["Entrench","Perfected Strike"],"picked":"Heavy Blade","floor":1},{"not_picked":["Sever Soul","Anger"],"picked":"Dropkick","floor":2},{"not_picked":["Pommel Strike","Perfected Strike"],"picked":"Spot Weakness","floor":4},{"not_picked":["Sentinel","Feel No Pain"],"picked":"Iron Wave","floor":5},{"not_picked":["Seeing Red","Warcry"],"picked":"Dropkick","floor":6},{"not_picked":["Wild Strike","Battle Trance"],"picked":"Whirlwind","floor":10},{"not_picked":["Sword Boomerang","Havoc"],"picked":"Offering","floor":13},{"not_picked":["Clothesline","Sword Boomerang"],"picked":"Spot Weakness","floor":14},{"not_picked":["Offering","Juggernaut+1"],"picked":"Limit Break","floor":16},{"not_picked":["Entrench+1","Feel No Pain+1"],"picked":"Blood for Blood","floor":18},{"not_picked":["Perfected Strike","Anger"],"picked":"Thunderclap","floor":19},{"not_picked":["Shrug It Off","Warcry"],"picked":"Clash","floor":21},{"not_picked":["Entrench+1","Combust+1"],"picked":"Sword Boomerang","floor":22},{"not_picked":["Dropkick","Clash","Warcry+1"],"picked":"SKIP","floor":24},{"not_picked":["Exhume","Pommel Strike","True Grit+1"],"picked":"SKIP","floor":29},{"not_picked":["Body Slam","Havoc"],"picked":"Inflame+1","floor":31},{"not_picked":["Dark Embrace+1","Limit Break"],"picked":"Demon Form+1","floor":33},{"not_picked":["Armaments+1","Pommel Strike+1"],"picked":"Flame Barrier","floor":35},{"not_picked":["Madness","Magnetism+1"],"picked":"Dramatic Entrance","floor":38},{"not_picked":["Second Wind+1","Blood for Blood+1"],"picked":"Heavy Blade+1","floor":39},{"not_picked":["Dropkick+1","True Grit"],"picked":"Sword Boomerang+1","floor":41},{"not_picked":["Sentinel","Armaments"],"picked":"Rupture+1","floor":42},{"not_picked":["True Grit+1","Headbutt"],"picked":"Carnage+1","floor":45},{"not_picked":["Clash+1","Feed"],"picked":"Sword Boomerang+1","floor":47},{"not_picked":["True Grit+1","Sword Boomerang"],"picked":"Heavy Blade+1","floor":48},{"not_picked":["Twin Strike+1","Thunderclap"],"picked":"Heavy Blade","floor":54}],"player_experience":111815,"relics_obtained":[{"floor":6,"key":"Paper Frog"},{"floor":9,"key":"Pear"},{"floor":10,"key":"Frozen Egg 2"},{"floor":13,"key":"Du-Vu Doll"},{"floor":14,"key":"Omamori"},{"floor":24,"key":"Juzu Bracelet"},{"floor":26,"key":"Girya"},{"floor":29,"key":"Magic Flower"},{"floor":31,"key":"Smiling Mask"},{"floor":45,"key":"MawBank"},{"floor":47,"key":"Gremlin Horn"},{"floor":54,"key":"Unceasing Top"}],"event_choices":[{"damage_healed":0,"gold_gain":0,"player_choice":"Take Wound","damage_taken":0,"relics_obtained":["Golden Idol"],"max_hp_gain":0,"max_hp_loss":0,"event_name":"Golden Idol","floor":3,"gold_loss":0,"cards_obtained":["Injury"]},{"damage_healed":24,"gold_gain":0,"player_choice":"Healed and dodged fight","damage_taken":0,"max_hp_gain":0,"max_hp_loss":0,"event_name":"Mushrooms","floor":7,"gold_loss":0,"cards_obtained":["Parasite"]},{"cards_removed":["Injury"],"damage_healed":0,"gold_gain":0,"player_choice":"Forget","damage_taken":0,"max_hp_gain":0,"max_hp_loss":0,"event_name":"Living Wall","floor":12,"gold_loss":0},{"damage_healed":0,"gold_gain":0,"player_choice":"Searched \u00271\u0027 times","damage_taken":0,"max_hp_gain":0,"max_hp_loss":0,"event_name":"Dead Adventurer","floor":14,"gold_loss":0},{"damage_healed":0,"gold_gain":0,"player_choice":"Stole Relic","damage_taken":0,"relics_obtained":["Potion Belt"],"max_hp_gain":0,"max_hp_loss":0,"event_name":"Addict","floor":27,"gold_loss":0,"cards_obtained":["Shame"]},{"damage_healed":0,"gold_gain":0,"player_choice":"Simplicity","damage_taken":0,"max_hp_gain":0,"max_hp_loss":0,"event_name":"Back to Basics","floor":28,"gold_loss":0,"cards_upgraded":["Strike_R","Strike_R","Strike_R","Strike_R","Strike_R","Defend_R","Defend_R","Defend_R","Defend_R"]},{"damage_healed":26,"gold_gain":0,"player_choice":"Writhe","damage_taken":0,"max_hp_gain":0,"max_hp_loss":0,"event_name":"Winding Halls","floor":36,"gold_loss":0,"cards_obtained":["Writhe"]},{"damage_healed":0,"gold_gain":0,"player_choice":"Memory 1","damage_taken":0,"max_hp_gain":0,"max_hp_loss":0,"event_name":"SensoryStone","floor":38,"gold_loss":0}],"is_beta":false,"boss_relics":[{"not_picked":["Orrery","Velvet Choker"],"picked":"Snecko Eye"},{"not_picked":["Sozu","Fusion Hammer"],"picked":"Mark of Pain"}],"items_purged_floors":[20,37,53],"is_endless":false,"potions_floor_spawned":[4,13,16,22,24,29,39,42,45],"killed_by":"The Heart","ascension_level":3}