{"gold_per_floor":[113,128,7,17,17,17,35,35,35,49,49,49,83,103,103,176,176,191,147,28,28,28,28,41,69,93,93,93,93,118,118,118,118],"floor_reached":33,"playtime":14578,"items_purged":["Strike_G"],"score":574,"play_id":"909ff90d-7a10-41b2-a06c-9a86d03eff2f","local_time":"20190720152252","is_ascension_mode":true,"campfire_choices":[{"data":"Malaise","floor":6,"key":"SMITH"},{"data":"Leg Sweep","floor":11,"key":"SMITH"},{"data":"Escape Plan","floor":15,"key":"SMITH"},{"data":"Footwork","floor":23,"key":"SMITH"},{"data":"Catalyst","floor":29,"key":"SMITH"},{"floor":32,"key":"REST"}],"neow_cost":"NONE","seed_source_timestamp":559759508699451,"circlet_count":0,"master_deck":["AscendersBane","Defend_G","Defend_G","Defend_G","Defend_G","Defend_G","Survivor","Neutralize","Deadly Poison","Well Laid Plans","Noxious Fumes","Dash","Malaise+1","Footwork+1","Leg Sweep+1","Poisoned Stab","Escape Plan+1","Venomology","Cloak And Dagger+1","Eviscerate+1","Leg Sweep+1","Dagger Spray","Catalyst+1","Well Laid Plans","RitualDagger","Footwork","Flechettes","Bouncing Flask","Writhe","Malaise","Bite","Bite","Bite","Bite","Bite","Backflip"],"relics":["Ring of the Snake","Gambling Chip","Torii","Astrolabe","Singing Bowl","Dream Catcher","Orichalcum"],"potions_floor_usage":[10,16,24,25,30,33,33],"damage_taken":[{"damage":6,"enemies":"Small Slimes","floor":1,"turns":5},{"damage":0,"enemies":"2 Louse","floor":2,"turns":3},{"damage":2,"enemies":"Jaw Worm","floor":4,"turns":4},{"damage":5,"enemies":"Blue Slaver","floor":7,"turns":5},{"damage":3,"enemies":"Exordium Wildlife","floor":10,"turns":6},{"damage":5,"enemies":"3 Sentries","floor":13,"turns":8},{"damage":1,"enemies":"3 Louse","floor":14,"turns":4},{"damage":5,"enemies":"The Guardian","floor":16,"turns":11},{"damage":3,"enemies":"3 Byrds","floor":18,"turns":8},{"damage":3,"enemies":"2 Thieves","floor":19,"turns":5},{"damage":2,"enemies":"Snake Plant","floor":24,"turns":7},{"damage":7,"enemies":"Book of Stabbing","floor":25,"turns":8},{"damage":52,"enemies":"Gremlin Leader","floor":30,"turns":10},{"damage":50,"enemies":"Automaton","floor":33,"turns":12}],"seed_played":"-4829159198667239551","potions_obtained":[{"floor":2,"key":"Regen Potion"},{"floor":4,"key":"Block Potion"},{"floor":10,"key":"GamblersBrew"},{"floor":13,"key":"Fire Potion"},{"floor":18,"key":"FairyPotion"},{"floor":30,"key":"SteroidPotion"}],"is_trial":false,"path_per_floor":["M","M","$","M","?","R","M","?","T","M","R","$","E","M","R","B",null,"M","M","$","?","?","R","M","E","T","?","$","R","E","?","R","B"],"character_chosen":"THE_SILENT","items_purchased":["Noxious Fumes","Dash","Well Laid Plans"],"campfire_rested":1,"item_purchase_floors":[3,3,20],"current_hp_per_floor":[59,59,59,57,62,62,57,57,57,69,69,69,64,63,63,58,72,69,66,66,60,60,60,58,51,51,51,51,51,1,1,24,0],"gold":118,"neow_bonus":"TEN_PERCENT_HP_BONUS","is_prod":false,"is_daily":false,"chose_seed":false,"campfire_upgraded":5,"win_rate":0,"timestamp":1563654172,"path_taken":["M","M","$","M","?","R","M","?","T","M","R","?","E","M","R","BOSS","M","M","$","?","?","R","M","E","T","?","$","R","E","?","R","BOSS"],"build_version":"2019-07-17","purchased_purges":1,"victory":false,"max_hp_per_floor":[72,72,72,72,77,77,77,77,77,77,77,77,77,77,77,77,77,77,77,77,77,77,77,77,77,77,77,77,77,77,77,77,77],"card_choices":[{"not_picked":["Underhanded Strike","Deflect"],"picked":"Deadly Poison","floor":1},{"not_picked":["Dagger Spray","Quick Slash"],"picked":"Well Laid Plans","floor":2},{"not_picked":["Outmaneuver","Catalyst"],"picked":"Malaise","floor":4},{"not_picked":["Concentrate","Catalyst"],"picked":"Footwork","floor":7},{"not_picked":["Riddle With Holes","Finisher"],"picked":"Leg Sweep","floor":10},{"not_picked":["Distraction","Caltrops"],"picked":"Poisoned Stab","floor":13},{"not_picked":["Blade Dance","Bane"],"picked":"Escape Plan","floor":14},{"not_picked":["Doppelganger","Envenom"],"picked":"Venomology","floor":16},{"not_picked":["Flying Knee","Underhanded Strike"],"picked":"Dagger Spray","floor":18},{"not_picked":["Poisoned Stab","Accuracy"],"picked":"Catalyst","floor":19},{"not_picked":["Concentrate","Quick Slash"],"picked":"Flechettes","floor":24},{"not_picked":["Expertise","Acrobatics"],"picked":"Bouncing Flask","floor":25},{"not_picked":["Dagger Throw+1","Caltrops"],"picked":"Malaise","floor":30},{"not_picked":["Dagger Throw","Bane"],"picked":"Backflip","floor":32}],"player_experience":1577892,"relics_obtained":[{"floor":9,"key":"Gambling Chip"},{"floor":13,"key":"Torii"},{"floor":25,"key":"Singing Bowl"},{"floor":26,"key":"Dream Catcher"},{"floor":30,"key":"Orichalcum"}],"event_choices":[{"damage_healed":0,"gold_gain":0,"player_choice":"Donut","damage_taken":0,"max_hp_gain":5,"max_hp_loss":0,"event_name":"Big Fish","floor":5,"gold_loss":0},{"cards_removed":["Strike_G"],"damage_healed":0,"gold_gain":0,"player_choice":"Forget","damage_taken":0,"max_hp_gain":0,"max_hp_loss":0,"event_name":"Living Wall","floor":8,"gold_loss":0},{"damage_healed":0,"gold_gain":0,"player_choice":"Joined the Cult","damage_taken":6,"max_hp_gain":0,"max_hp_loss":0,"event_name":"Nest","floor":21,"gold_loss":0,"cards_obtained":["RitualDagger"]},{"damage_healed":0,"gold_gain":0,"player_choice":"Read","damage_taken":0,"max_hp_gain":0,"max_hp_loss":0,"event_name":"The Library","floor":22,"gold_loss":0,"cards_obtained":["Footwork"]},{"damage_healed":0,"gold_gain":0,"player_choice":"Opened","damage_taken":0,"relics_obtained":["Blood Vial"],"max_hp_gain":0,"max_hp_loss":0,"event_name":"The Mausoleum","floor":27,"gold_loss":0,"cards_obtained":["Writhe"]},{"damage_healed":0,"gold_gain":0,"player_choice":"Became a vampire (Vial)","damage_taken":0,"max_hp_gain":0,"max_hp_loss":0,"event_name":"Vampires","floor":31,"relics_lost":["Blood Vial"],"gold_loss":0,"cards_obtained":["Bite","Bite","Bite","Bite","Bite"]}],"is_beta":false,"boss_relics":[{"not_picked":["WristBlade","Ectoplasm"],"picked":"Astrolabe"}],"items_purged_floors":[20],"is_endless":false,"potions_floor_spawned":[2,4,10,13,18,30],"killed_by":"Automaton","ascension_level":17}