{"gold_per_floor":[110,110,110,121,196,223,241,241],"floor_reached":8,"playtime":134,"items_purged":[],"score":158,"play_id":"b416aa64-3380-4e73-adb4-8a2048d8e547","local_time":"20190922183625","is_ascension_mode":true,"campfire_choices":[],"neow_cost":"NONE","seed_source_timestamp":149708834971100,"circlet_count":0,"master_deck":["AscendersBane","Strike_P","Strike_P","Strike_P","Strike_P+1","Defend_P","Defend_P","Defend_P","Eruption","Vigilance+1","Devotion"],"relics":["PureWater","NeowsBlessing","Anchor"],"potions_floor_usage":[8,8],"damage_taken":[{"damage":0,"enemies":"Small Slimes","floor":1,"turns":1},{"damage":0,"enemies":"2 Louse","floor":4,"turns":1},{"damage":0,"enemies":"Lagavulin","floor":6,"turns":1},{"damage":0,"enemies":"Jaw Worm","floor":7,"turns":3},{"damage":20,"enemies":"3 Sentries","floor":8,"turns":4}],"seed_played":"463512519820711713","potions_obtained":[{"floor":1,"key":"Strength Potion"},{"floor":4,"key":"PowerPotion"}],"is_trial":false,"path_per_floor":["M","?","?","M","?","E","M","E"],"character_chosen":"WATCHER","items_purchased":[],"campfire_rested":0,"item_purchase_floors":[],"current_hp_per_floor":[55,37,30,30,19,19,19,0],"gold":241,"neow_bonus":"THREE_ENEMY_KILL","is_prod":false,"is_daily":false,"chose_seed":false,"campfire_upgraded":0,"win_rate":0,"timestamp":1569152185,"path_taken":["M","?","?","M","?","E","M","E"],"build_version":"2019-09-20","purchased_purges":0,"victory":false,"max_hp_per_floor":[61,61,61,61,61,61,61,61],"card_choices":[{"not_picked":["Collect","JustLucky","Tantrum"],"picked":"SKIP","floor":1},{"not_picked":["Prostrate","TalkToTheHand","ClearTheMind"],"picked":"SKIP","floor":4},{"not_picked":["Sanctity","Establishment","Swivel"],"picked":"SKIP","floor":6},{"not_picked":["Evaluate","EmptyFist"],"picked":"Devotion","floor":7}],"player_experience":1134495,"relics_obtained":[{"floor":6,"key":"Anchor"}],"event_choices":[{"damage_healed":0,"gold_gain":0,"player_choice":"Entered Light","damage_taken":18,"max_hp_gain":0,"max_hp_loss":0,"event_name":"Shining Light","floor":2,"gold_loss":0,"cards_upgraded":["Strike_P","Vigilance"]},{"cards_removed":["Defend_P"],"damage_healed":0,"gold_gain":0,"player_choice":"Card Removal","damage_taken":7,"max_hp_gain":0,"max_hp_loss":0,"event_name":"Golden Wing","floor":3,"gold_loss":0},{"damage_healed":0,"gold_gain":75,"player_choice":"Gather Gold","damage_taken":11,"max_hp_gain":0,"max_hp_loss":0,"event_name":"World of Goop","floor":5,"gold_loss":0}],"is_beta":true,"boss_relics":[],"items_purged_floors":[],"is_endless":false,"potions_floor_spawned":[1,4],"killed_by":"3 Sentries","ascension_level":19}