{"gold_per_floor":[111,32,51,64,83,83,118,118,118,152,152,177,147,147,147,219,219,239,164,175,11,39,39,70,70,70,82,82,95,109,124,124,201,201,211,228,228,528,528,528],"floor_reached":40,"playtime":2252,"items_purged":[],"score":848,"play_id":"09b80b64-c69e-472a-9b35-ee909abf99f6","local_time":"20190927202054","is_ascension_mode":true,"campfire_choices":[{"data":"Doom and Gloom","floor":6,"key":"SMITH"},{"floor":8,"key":"REST"},{"floor":11,"key":"REST"},{"data":"Static Discharge","floor":15,"key":"SMITH"},{"floor":23,"key":"REST"},{"floor":25,"key":"REST"},{"data":"Defragment","floor":28,"key":"SMITH"},{"data":"Loop","floor":32,"key":"SMITH"}],"neow_cost":"TEN_PERCENT_HP_LOSS","seed_source_timestamp":1388987020353200,"circlet_count":0,"master_deck":["AscendersBane","Strike_B","Defend_B","Defend_B","Defend_B","Defend_B","Zap","Dualcast","Doom and Gloom+1","Capacitor","Coolheaded","Sweeping Beam","Loop+1","Cold Snap","Static Discharge+1","Biased Cognition","Compile Driver","Coolheaded","Meteor Strike","Defragment+1","Force Field","Compile Driver","Doom and Gloom","Doom and Gloom","Rainbow","Creative AI+1","Skim"],"relics":["Cracked Core","Lantern","Dream Catcher","Shuriken","Juzu Bracelet","Regal Pillow","Snecko Eye","Red Mask","Frozen Egg 2","Meat on the Bone","Nuclear Battery"],"potions_floor_usage":[7,10,16,22],"damage_taken":[{"damage":0,"enemies":"Cultist","floor":1,"turns":4},{"damage":7,"enemies":"2 Louse","floor":3,"turns":2},{"damage":0,"enemies":"Jaw Worm","floor":4,"turns":3},{"damage":23,"enemies":"Exordium Thugs","floor":5,"turns":4},{"damage":20,"enemies":"Lagavulin","floor":7,"turns":8},{"damage":23,"enemies":"Gremlin Nob","floor":10,"turns":4},{"damage":19,"enemies":"Lagavulin","floor":12,"turns":7},{"damage":9,"enemies":"Hexaghost","floor":16,"turns":9},{"damage":13,"enemies":"Chosen","floor":18,"turns":7},{"damage":4,"enemies":"3 Byrds","floor":20,"turns":2},{"damage":17,"enemies":"Masked Bandits","floor":22,"turns":3},{"damage":28,"enemies":"Gremlin Leader","floor":24,"turns":5},{"damage":10,"enemies":"Sentry and Sphere","floor":27,"turns":5},{"damage":0,"enemies":"3 Cultists","floor":29,"turns":3},{"damage":0,"enemies":"Cultist and Chosen","floor":30,"turns":4},{"damage":0,"enemies":"Shelled Parasite and Fungi","floor":31,"turns":3},{"damage":18,"enemies":"Champ","floor":33,"turns":8},{"damage":0,"enemies":"3 Shapes","floor":35,"turns":5},{"damage":10,"enemies":"3 Darklings","floor":36,"turns":4},{"damage":77,"enemies":"Nemesis","floor":40,"turns":8}],"seed_played":"-965398467272220292","potions_obtained":[{"floor":1,"key":"EssenceOfSteel"},{"floor":7,"key":"PowerPotion"},{"floor":10,"key":"Dexterity Potion"},{"floor":13,"key":"GamblersBrew"},{"floor":18,"key":"Swift Potion"},{"floor":29,"key":"FearPotion"}],"is_trial":false,"path_per_floor":["M","$","M","M","M","R","E","R","T","E","R","E","?","?","R","B",null,"M","?","M","$","?","R","E","R","T","M","R","M","M","M","R","B",null,"M","M","?","?","?","E"],"character_chosen":"DEFECT","items_purchased":["Capacitor","Meteor Strike","Defragment"],"campfire_rested":4,"item_purchase_floors":[2,21,21],"current_hp_per_floor":[64,64,57,57,34,34,14,33,33,10,29,10,10,10,10,1,48,35,35,31,31,14,48,20,54,54,44,44,44,44,44,44,38,58,58,48,48,48,71,0],"gold":528,"neow_bonus":"TRANSFORM_TWO_CARDS","is_prod":false,"is_daily":false,"chose_seed":false,"campfire_upgraded":4,"win_rate":0,"timestamp":1569630054,"path_taken":["M","$","M","?","M","R","E","R","T","E","R","E","?","?","R","BOSS","M","?","M","$","?","R","E","R","T","M","R","M","M","M","R","BOSS","M","M","?","?","?","E"],"build_version":"2019-07-17","purchased_purges":0,"victory":false,"max_hp_per_floor":[64,64,64,64,64,64,64,64,64,64,64,64,64,64,64,64,64,64,64,64,64,64,64,64,64,64,64,64,64,64,64,64,64,64,64,64,61,61,71,71],"card_choices":[{"not_picked":["FTL","Gash"],"picked":"Doom and Gloom","floor":1},{"not_picked":["Fusion","Skim"],"picked":"Coolheaded","floor":3},{"not_picked":["Recycle","Reinforced Body"],"picked":"Sweeping Beam","floor":4},{"not_picked":["White Noise","Force Field","Rebound"],"picked":"SKIP","floor":5},{"not_picked":["Chaos","Stack"],"picked":"Loop","floor":7},{"not_picked":["Tempest","Streamline","Stack"],"picked":"SKIP","floor":10},{"not_picked":["Go for the Eyes","Conserve Battery"],"picked":"Cold Snap","floor":11},{"not_picked":["Hyperbeam","Rebound"],"picked":"Static Discharge","floor":12},{"not_picked":["Fission","Meteor Strike"],"picked":"Biased Cognition","floor":16},{"not_picked":["Cold Snap","White Noise"],"picked":"Compile Driver","floor":18},{"not_picked":["Chaos","Leap"],"picked":"Coolheaded","floor":20},{"not_picked":["Rainbow","Beam Cell"],"picked":"Force Field","floor":24},{"not_picked":["Ball Lightning","FTL+1"],"picked":"Compile Driver","floor":25},{"not_picked":["Rebound","Gash","Leap"],"picked":"SKIP","floor":27},{"not_picked":["Self Repair+1","Sweeping Beam"],"picked":"Doom and Gloom","floor":29},{"not_picked":["Lockon","Sweeping Beam+1"],"picked":"Doom and Gloom","floor":30},{"not_picked":["Cold Snap","Beam Cell"],"picked":"Rainbow","floor":31},{"not_picked":["Amplify","Seek"],"picked":"Creative AI+1","floor":33},{"not_picked":["Conserve Battery","Go for the Eyes"],"picked":"Skim","floor":35},{"not_picked":["Streamline","Steam","BootSequence"],"picked":"SKIP","floor":36}],"player_experience":1035659,"relics_obtained":[{"floor":7,"key":"Lantern"},{"floor":9,"key":"Dream Catcher"},{"floor":10,"key":"Shuriken"},{"floor":12,"key":"Juzu Bracelet"},{"floor":22,"key":"Red Mask"},{"floor":24,"key":"Frozen Egg 2"},{"floor":26,"key":"Meat on the Bone"}],"event_choices":[{"damage_healed":0,"gold_gain":0,"player_choice":"Bought 2 Potions","damage_taken":0,"max_hp_gain":0,"max_hp_loss":0,"event_name":"The Woman in Blue","floor":13,"gold_loss":0},{"cards_removed":["Conserve Battery"],"damage_healed":0,"gold_gain":0,"player_choice":"Gave Card","damage_taken":0,"relics_obtained":["Regal Pillow"],"max_hp_gain":0,"max_hp_loss":0,"event_name":"WeMeetAgain","floor":14,"gold_loss":0},{"cards_removed":["Strike_B"],"damage_healed":0,"gold_gain":0,"player_choice":"Gave Gold","damage_taken":0,"max_hp_gain":0,"max_hp_loss":0,"event_name":"Beggar","floor":19,"gold_loss":75},{"damage_healed":0,"gold_gain":0,"player_choice":"Fought Bandits","damage_taken":0,"max_hp_gain":0,"max_hp_loss":0,"event_name":"Masked Bandits","floor":22,"gold_loss":0},{"damage_healed":0,"gold_gain":0,"player_choice":"Max HP","damage_taken":0,"max_hp_gain":0,"max_hp_loss":3,"event_name":"Winding Halls","floor":37,"gold_loss":0},{"damage_healed":0,"gold_gain":300,"player_choice":"Gold","damage_taken":0,"max_hp_gain":0,"max_hp_loss":0,"event_name":"Wheel of Change","floor":38,"gold_loss":0},{"cards_removed":["Seek"],"damage_healed":13,"gold_gain":0,"player_choice":"Offered Rare","damage_taken":0,"max_hp_gain":10,"max_hp_loss":0,"event_name":"Bonfire Elementals","floor":39,"gold_loss":0}],"is_beta":false,"boss_relics":[{"not_picked":["Lizard Tail","Inserter"],"picked":"Snecko Eye"},{"not_picked":["Sozu","Calling Bell"],"picked":"Nuclear Battery"}],"items_purged_floors":[],"is_endless":false,"potions_floor_spawned":[1,7,10,18,20,29,35],"killed_by":"Nemesis","ascension_level":20}