{"gold_per_floor":[119,133,147,147,160,160,130,164,164,164,36,101,101,20,20,91,91,108,128,178,191,15,15,41,41,41,55,55],"floor_reached":28,"playtime":1261,"items_purged":[],"score":605,"play_id":"13c3b40f-3d2b-41cb-80c6-2d07b71d9be9","local_time":"20190428154229","is_ascension_mode":true,"campfire_choices":[{"data":"Footwork","floor":6.0,"key":"SMITH"},{"data":"Deadly Poison","floor":10,"key":"SMITH"},{"data":"Footwork","floor":13,"key":"SMITH"},{"data":"Footwork","floor":15,"key":"SMITH"},{"floor":23,"key":"REST"},{"floor":25,"key":"REST"}],"neow_cost":"NONE","seed_source_timestamp":575071481226185,"circlet_count":0,"master_deck":["AscendersBane","Defend_G","Defend_G","Defend_G","Defend_G","Defend_G","Strike_G","Strike_G","Strike_G","Strike_G","Strike_G","Survivor","Neutralize","Dagger Spray","PiercingWail","Footwork+1","Deadly Poison+1","Backstab","Backflip","Footwork+1","Cloak And Dagger","Footwork+1","Deadly Poison","Corpse Explosion","Dodge and Roll","Endless Agony","Noxious Fumes","Blur","Backflip","Footwork","Catalyst+1"],"special_seed":0,"relics":["Ring of the Snake","SsserpentHead","The Specimen","The Courier","Runic Pyramid","Darkstone Periapt","Bird Faced Urn"],"potions_floor_usage":[8,24,24],"damage_taken":[{"damage":0.0,"enemies":"2 Louse","floor":1.0,"turns":3.0},{"damage":11.0,"enemies":"Cultist","floor":2.0,"turns":4.0},{"damage":1.0,"enemies":"Small Slimes","floor":3.0,"turns":4.0},{"damage":4.0,"enemies":"Looter","floor":5.0,"turns":4.0},{"damage":16.0,"enemies":"Exordium Thugs","floor":7.0,"turns":4.0},{"damage":15,"enemies":"3 Sentries","floor":8,"turns":9},{"damage":0,"enemies":"Gremlin Gang","floor":12,"turns":6},{"damage":0,"enemies":"The Guardian","floor":16,"turns":11},{"damage":7,"enemies":"Shell Parasite","floor":18,"turns":8},{"damage":0,"enemies":"Chosen","floor":19,"turns":10},{"damage":13,"enemies":"Snake Plant","floor":21,"turns":5},{"damage":12,"enemies":"Slavers","floor":24,"turns":4},{"damage":17,"enemies":"Shelled Parasite and Fungi","floor":27,"turns":10},{"damage":61,"enemies":"Gremlin Leader","floor":28,"turns":7}],"seed_played":"-8978556456599021680","potions_obtained":[{"floor":2.0,"key":"Strength Potion"},{"floor":8,"key":"Fire Potion"},{"floor":24,"key":"Explosive Potion"},{"floor":27,"key":"Ancient Potion"}],"is_trial":false,"path_per_floor":["M","M","M","?","M","R","M","E","T","R","$","M","R","$","R","B",null,"M","M","?","M","$","R","E","R","T","M","E"],"character_chosen":"THE_SILENT","items_purchased":["Footwork","GhostInAJar","Footwork","Deadly Poison","Noxious Fumes","Blur","Backflip"],"campfire_rested":2,"item_purchase_floors":[11,11,14,14,22,22,22],"current_hp_per_floor":[65,54,53,53,49,49,33,18,18,18,18,18,18,18,18,18,59,52,52,32,19,19,42,30,53,53,46,0],"gold":55,"neow_bonus":"TEN_PERCENT_HP_BONUS","is_prod":false,"is_daily":false,"chose_seed":false,"campfire_upgraded":4,"win_rate":0,"timestamp":1556480549,"path_taken":["M","M","M","?","M","R","M","E","T","R","$","?","R","$","R","BOSS","M","M","?","M","$","R","E","R","T","M","E"],"build_version":"2019-01-23","purchased_purges":0,"victory":false,"max_hp_per_floor":[72,72,72,72,72,72,72,72,72,72,72,72,72,72,72,72,72,72,72,77,77,77,77,77,77,77,77,77],"card_choices":[{"not_picked":["Acrobatics","Outmaneuver"],"picked":"Dagger Spray","floor":1.0},{"not_picked":["Riddle With Holes","Dodge and Roll"],"picked":"PiercingWail","floor":2.0},{"not_picked":["Well Laid Plans","Expertise"],"picked":"Footwork","floor":3.0},{"not_picked":["Flying Knee","Slice"],"picked":"Deadly Poison","floor":5.0},{"not_picked":["Cloak And Dagger","Poisoned Stab"],"picked":"Backstab","floor":7.0},{"not_picked":["Quick Slash","Tools of the Trade"],"picked":"Backflip","floor":8},{"not_picked":["Predator","Flying Knee"],"picked":"Cloak And Dagger","floor":12},{"not_picked":["Unload","Venomology"],"picked":"Corpse Explosion","floor":16},{"not_picked":["PiercingWail","Predator"],"picked":"Dodge and Roll","floor":18},{"not_picked":["Eviscerate","Poisoned Stab"],"picked":"Endless Agony","floor":19},{"not_picked":["Infinite Blades","Dagger Throw","Dagger Spray"],"picked":"SKIP","floor":21},{"not_picked":["Cloak And Dagger","Slice"],"picked":"Footwork","floor":24},{"not_picked":["Deadly Poison","Masterful Stab"],"picked":"Catalyst+1","floor":27}],"player_experience":803247,"relics_obtained":[{"floor":8,"key":"The Specimen"},{"floor":9,"key":"The Courier"},{"floor":24,"key":"Darkstone Periapt"},{"floor":26,"key":"Bird Faced Urn"}],"event_choices":[{"damage_healed":0.0,"max_hp_gain":0.0,"max_hp_loss":0.0,"gold_gain":0.0,"event_name":"FaceTrader","player_choice":"Trade","floor":4.0,"gold_loss":0.0,"damage_taken":0.0,"relics_obtained":["SsserpentHead"]},{"damage_healed":0,"gold_gain":0,"player_choice":"Shed Blood","damage_taken":25,"max_hp_gain":5,"max_hp_loss":0,"event_name":"Forgotten Altar","floor":20,"gold_loss":0}],"is_beta":false,"boss_relics":[{"not_picked":["Philosopher\u0027s Stone","Ring of the Serpent"],"picked":"Runic Pyramid"}],"items_purged_floors":[],"is_endless":false,"potions_floor_spawned":[2,8,12,18,24,27],"killed_by":"Gremlin Leader","ascension_level":20}