{"gold_per_floor":[110,110,60,10,24,24,24,38,38,38,38,38,4,42,42,161,161,176,176,30,46,46,82,105,105,128,152,185,200,325,338,338,457,457,472,472,496,517,541,541,666,707,707,751,810,810,247,247,247,247],"floor_reached":51,"playtime":7589,"items_purged":["Regret","Strike_B"],"score":766,"play_id":"cba5fce8-5887-4db6-9770-5126b30031cb","local_time":"20190527130750","is_ascension_mode":false,"campfire_choices":[{"data":"Redo","floor":6.0,"key":"SMITH"},{"data":"Echo Form","floor":15.0,"key":"SMITH"},{"data":"Defragment","floor":25.0,"key":"SMITH"},{"floor":32.0,"key":"REST"},{"floor":40.0,"key":"REST"},{"floor":46.0,"key":"REST"},{"floor":49,"key":"REST"}],"neow_cost":"NONE","seed_source_timestamp":6219642956547,"circlet_count":0,"master_deck":["Strike_B","Strike_B+1","Defend_B+1","Defend_B","Defend_B","Defend_B","Zap","Dualcast","Redo+1","Coolheaded","Cold Snap","Conserve Battery+1","Defragment+1","Echo Form+1","Electrodynamics","Coolheaded","Hello World","Go for the Eyes+1","Conserve Battery+1","Blizzard","Seek","Redo+1","Conserve Battery+1","Glacier+1","Chill+1","Capacitor"],"special_seed":0,"relics":["Cracked Core","Golden Idol","Ice Cream","Mummified Hand","PreservedInsect","Meat on the Bone","Sozu","Bottled Lightning","Strawberry","Gambling Chip","StoneCalendar","Shuriken","Inserter","Torii","Pantograph","Ginger","Letter Opener","Nunchaku","Pear","Oddly Smooth Stone"],"potions_floor_usage":[],"damage_taken":[{"damage":7.0,"enemies":"2 Louse","floor":1.0,"turns":3.0},{"damage":0.0,"enemies":"Jaw Worm","floor":5.0,"turns":3.0},{"damage":0.0,"enemies":"Small Slimes","floor":8.0,"turns":2.0},{"damage":6.0,"enemies":"3 Sentries","floor":14.0,"turns":6.0},{"damage":19.0,"enemies":"The Guardian","floor":16.0,"turns":16.0},{"damage":23.0,"enemies":"Shell Parasite","floor":18.0,"turns":9.0},{"damage":15.0,"enemies":"2 Thieves","floor":21.0,"turns":3.0},{"damage":14.0,"enemies":"Book of Stabbing","floor":23.0,"turns":5.0},{"damage":11.0,"enemies":"Chosen and Byrds","floor":24.0,"turns":5.0},{"damage":0.0,"enemies":"Snecko","floor":27.0,"turns":4.0},{"damage":6.0,"enemies":"Slavers","floor":28.0,"turns":3.0},{"damage":0.0,"enemies":"3 Cultists","floor":29.0,"turns":7.0},{"damage":0.0,"enemies":"Colosseum Slavers","floor":30.0,"turns":4.0},{"damage":21.0,"enemies":"Colosseum Nobs","floor":30.0,"turns":5.0},{"damage":1.0,"enemies":"Snake Plant","floor":31.0,"turns":5.0},{"damage":5.0,"enemies":"Automaton","floor":33.0,"turns":8.0},{"damage":44.0,"enemies":"3 Shapes","floor":35.0,"turns":6.0},{"damage":28.0,"enemies":"3 Darklings","floor":37.0,"turns":4.0},{"damage":10.0,"enemies":"Transient","floor":38.0,"turns":5.0},{"damage":15.0,"enemies":"Jaw Worm Horde","floor":39.0,"turns":6.0},{"damage":18.0,"enemies":"Mind Bloom Boss Battle","floor":41.0,"turns":6.0},{"damage":1.0,"enemies":"Reptomancer","floor":42.0,"turns":6.0},{"damage":1.0,"enemies":"Giant Head","floor":44.0,"turns":9.0},{"damage":29.0,"enemies":"2 Orb Walkers","floor":45.0,"turns":5.0},{"damage":10,"enemies":"Awakened One","floor":50,"turns":15}],"seed_played":"-7257954925453245239","potions_obtained":[{"floor":1.0,"key":"Weak Potion"},{"floor":14.0,"key":"Fire Potion"},{"floor":16.0,"key":"SteroidPotion"}],"is_trial":false,"path_per_floor":["M","?","?","$","M","R","?","M","T","?","T","?","$","E","R","B",null,"M","?","$","M","?","E","M","R","T","M","E","M","?","M","R","B",null,"M","?","M","M","M","R","?","E","T","E","?","R","$","?","R","B",null],"character_chosen":"DEFECT","items_purchased":["Cold Snap","Defragment","Hello World","Pear","Oddly Smooth Stone","Capacitor"],"campfire_rested":4,"item_purchase_floors":[4,13,20,47,47,47],"current_hp_per_floor":[68,53,53,53,53,53,53,53,53,53,53,53,53,47,47,40,69,46,46,46,43,43,41,42,42,49,49,43,43,34,45,67,62,76,44,44,28,30,27,49,43,42,42,41,24,46,56,56,81,76],"gold":247,"neow_bonus":"THREE_CARDS","is_prod":false,"is_daily":false,"chose_seed":false,"campfire_upgraded":3,"win_rate":0.0,"timestamp":1558955270,"path_taken":["M","?","?","$","M","R","?","?","T","?","?","?","?","E","R","BOSS","M","?","$","M","?","E","M","R","T","?","E","M","?","M","R","BOSS","M","?","?","M","?","R","?","E","T","E","?","R","?","?","R","BOSS"],"build_version":"2019-01-23","purchased_purges":2,"victory":true,"max_hp_per_floor":[75,75,75,75,75,75,69,69,69,69,69,69,69,69,69,69,69,69,69,69,69,69,69,69,69,76,76,76,76,76,76,76,76,76,76,76,76,76,76,76,76,76,76,76,76,76,86,86,86,86],"card_choices":[{"not_picked":["Sweeping Beam","Ball Lightning"],"picked":"Redo","floor":0.0},{"not_picked":["Heatsinks","Stack"],"picked":"Coolheaded","floor":1.0},{"not_picked":["Steam","Ball Lightning","Hologram"],"picked":"SKIP","floor":5.0},{"not_picked":["Leap","Ball Lightning"],"picked":"Conserve Battery","floor":8.0},{"not_picked":["Redo","Hologram"],"picked":"Echo Form","floor":14.0},{"not_picked":["Creative AI","Fission"],"picked":"Electrodynamics","floor":16.0},{"not_picked":["Ball Lightning","Rebound"],"picked":"Coolheaded","floor":18.0},{"not_picked":["Force Field+1","Steam+1"],"picked":"Go for the Eyes+1","floor":21.0},{"not_picked":["Electrodynamics","Reinforced Body","Fusion"],"picked":"SKIP","floor":23.0},{"not_picked":["Steam","Stack","Chaos"],"picked":"SKIP","floor":24.0},{"not_picked":["Streamline","Go for the Eyes","Turbo"],"picked":"SKIP","floor":27.0},{"not_picked":["Leap+1","Stack","Cold Snap"],"picked":"SKIP","floor":28.0},{"not_picked":["Chill","Redo"],"picked":"Blizzard","floor":29.0},{"not_picked":["Compile Driver","Scrape"],"picked":"Seek","floor":30.0},{"not_picked":["Sweeping Beam+1","Rebound+1","Barrage"],"picked":"SKIP","floor":31.0},{"not_picked":["Stack+1","Turbo"],"picked":"Redo+1","floor":35.0},{"not_picked":["Melter+1","Cold Snap","Rip and Tear+1"],"picked":"SKIP","floor":37.0},{"not_picked":["Undo","Gash+1","Chaos"],"picked":"SKIP","floor":38.0},{"not_picked":["Sweeping Beam","Sunder"],"picked":"Conserve Battery+1","floor":39.0},{"not_picked":["Hologram","Melter+1"],"picked":"Glacier+1","floor":42.0},{"not_picked":["Conserve Battery","Hologram","Auto Shields+1"],"picked":"SKIP","floor":44.0},{"not_picked":["Compile Driver","Steam Power+1"],"picked":"Chill+1","floor":45.0}],"player_experience":44002,"relics_obtained":[{"floor":9.0,"key":"Ice Cream"},{"floor":11.0,"key":"Mummified Hand"},{"floor":14.0,"key":"Meat on the Bone"},{"floor":23.0,"key":"Bottled Lightning"},{"floor":26.0,"key":"Strawberry"},{"floor":28.0,"key":"Gambling Chip"},{"floor":30.0,"key":"StoneCalendar"},{"floor":30.0,"key":"Shuriken"},{"floor":41.0,"key":"Torii"},{"floor":42.0,"key":"Pantograph"},{"floor":43.0,"key":"Ginger"},{"floor":44.0,"key":"Letter Opener"},{"floor":45.0,"key":"Nunchaku"}],"event_choices":[{"damage_healed":0.0,"max_hp_gain":0.0,"max_hp_loss":0.0,"gold_gain":0.0,"event_name":"Shining Light","player_choice":"Entered Light","floor":2.0,"gold_loss":0.0,"damage_taken":15.0,"cards_upgraded":["Defend_B","Strike_B"]},{"cards_removed":["Strike_B"],"damage_healed":0.0,"max_hp_gain":0.0,"max_hp_loss":0.0,"gold_gain":0.0,"event_name":"The Cleric","player_choice":"Card Removal","floor":3.0,"gold_loss":50.0,"damage_taken":0.0},{"damage_healed":0.0,"max_hp_gain":0.0,"max_hp_loss":6.0,"gold_gain":0.0,"event_name":"Golden Idol","player_choice":"Lose Max HP","floor":7.0,"gold_loss":0.0,"damage_taken":0.0,"relics_obtained":["Golden Idol"]},{"damage_healed":0.0,"max_hp_gain":0.0,"max_hp_loss":0.0,"gold_gain":0.0,"event_name":"Living Wall","player_choice":"Grow","floor":10.0,"gold_loss":0.0,"damage_taken":0.0,"cards_upgraded":["Conserve Battery"]},{"damage_healed":0.0,"max_hp_gain":0.0,"max_hp_loss":0.0,"gold_gain":0.0,"event_name":"Big Fish","player_choice":"Box","floor":12.0,"gold_loss":0.0,"damage_taken":0.0,"relics_obtained":["PreservedInsect"],"cards_obtained":["Regret"]},{"damage_healed":0.0,"max_hp_gain":0.0,"max_hp_loss":0.0,"gold_gain":0.0,"event_name":"Ghosts","player_choice":"Ignored","floor":19.0,"gold_loss":0.0,"damage_taken":0.0},{"damage_healed":0.0,"max_hp_gain":0.0,"max_hp_loss":0.0,"gold_gain":0.0,"event_name":"Duplicator","player_choice":"Copied","floor":22.0,"gold_loss":0.0,"damage_taken":0.0,"cards_obtained":["Conserve Battery"]},{"damage_healed":0.0,"max_hp_gain":0.0,"max_hp_loss":0.0,"gold_gain":0.0,"event_name":"Colosseum","player_choice":"Fight","floor":30.0,"gold_loss":0.0,"damage_taken":0.0},{"damage_healed":0.0,"max_hp_gain":0.0,"max_hp_loss":0.0,"gold_gain":0.0,"event_name":"Colosseum","player_choice":"Fought Nobs","floor":30.0,"gold_loss":0.0,"damage_taken":0.0},{"damage_healed":0.0,"max_hp_gain":0.0,"max_hp_loss":0.0,"gold_gain":0.0,"event_name":"Lab","player_choice":"Got Potions","floor":36.0,"gold_loss":0.0,"damage_taken":0.0},{"damage_healed":0.0,"max_hp_gain":0.0,"max_hp_loss":0.0,"gold_gain":0.0,"event_name":"MindBloom","player_choice":"Fight","floor":41.0,"gold_loss":0.0,"damage_taken":0.0},{"damage_healed":0.0,"max_hp_gain":0.0,"max_hp_loss":0.0,"gold_gain":0.0,"event_name":"Mysterious Sphere","player_choice":"Fight","floor":45.0,"gold_loss":0.0,"damage_taken":0.0},{"damage_healed":0.0,"max_hp_gain":0.0,"max_hp_loss":0.0,"gold_gain":0.0,"event_name":"The Moai Head","player_choice":"Ignored","floor":48.0,"gold_loss":0.0,"damage_taken":0.0}],"is_beta":false,"boss_relics":[{"not_picked":["Velvet Choker","Eternal Feather"],"picked":"Sozu"},{"not_picked":["Runic Pyramid","Black Star"],"picked":"Inserter"}],"items_purged_floors":[20,47],"is_endless":false,"potions_floor_spawned":[1,14,16,18,21,30,30,33,37,41,42],"ascension_level":0}