{"gold_per_floor":[112,72,72,147,68,68,100,100,100,25,25,86,98,130,130,130],"floor_reached":16,"playtime":781,"items_purged":["Strike_R"],"score":287,"play_id":"9bcc33e9-7457-4296-9799-e99832f5ebfb","local_time":"20190620234743","is_ascension_mode":true,"campfire_choices":[{"data":"Inflame","floor":6,"key":"SMITH"},{"data":"Impervious","floor":8,"key":"SMITH"},{"data":"Disarm","floor":11,"key":"SMITH"},{"data":"Carnage","floor":15,"key":"SMITH"}],"neow_cost":"NONE","seed_source_timestamp":3218301384081897,"circlet_count":0,"master_deck":["AscendersBane","Strike_R+1","Strike_R","Strike_R+1","Defend_R","Defend_R","Defend_R","Defend_R","Bash","Disarm+1","Disarm","Inflame+1","Impervious+1","Shrug It Off","Corruption","Carnage+1"],"relics":["Burning Blood","NeowsBlessing","Whetstone","Paper Frog","Tiny Chest","Oddly Smooth Stone"],"potions_floor_usage":[13,16],"damage_taken":[{"damage":0,"enemies":"Cultist","floor":1,"turns":1},{"damage":0,"enemies":"Gremlin Nob","floor":7,"turns":2},{"damage":0,"enemies":"Lagavulin","floor":12,"turns":2},{"damage":0,"enemies":"Small Slimes","floor":13,"turns":4},{"damage":31,"enemies":"3 Sentries","floor":14,"turns":10},{"damage":51,"enemies":"Slime Boss","floor":16,"turns":10}],"seed_played":"3739487159047750515","potions_obtained":[{"floor":7,"key":"FearPotion"},{"floor":14,"key":"Block Potion"}],"is_trial":false,"path_per_floor":["M","$","?","?","$","R","E","R","T","$","R","E","M","E","R","B"],"character_chosen":"IRONCLAD","items_purchased":["Disarm","Inflame"],"campfire_rested":0,"item_purchase_floors":[2,5],"current_hp_per_floor":[74,74,67,56,56,56,62,62,62,62,62,68,74,49,49,0],"gold":130,"neow_bonus":"THREE_ENEMY_KILL","is_prod":false,"is_daily":false,"chose_seed":false,"campfire_upgraded":4,"win_rate":0,"timestamp":1561092463,"path_taken":["M","$","?","?","?","R","E","R","T","$","R","E","M","E","R","BOSS"],"build_version":"2019-01-23","purchased_purges":1,"victory":false,"max_hp_per_floor":[75,75,75,75,75,75,75,75,75,75,75,75,75,75,75,75],"card_choices":[{"not_picked":["Iron Wave","Dropkick"],"picked":"Disarm","floor":1},{"not_picked":["Warcry","Flex"],"picked":"Impervious","floor":7},{"not_picked":["Armaments","Perfected Strike"],"picked":"Shrug It Off","floor":12},{"not_picked":["True Grit","Dual Wield"],"picked":"Corruption","floor":13},{"not_picked":["Twin Strike","Intimidate"],"picked":"Carnage","floor":14}],"player_experience":1347773,"relics_obtained":[{"floor":7,"key":"Whetstone"},{"floor":9,"key":"Paper Frog"},{"floor":12,"key":"Tiny Chest"},{"floor":14,"key":"Oddly Smooth Stone"}],"event_choices":[{"cards_removed":["Strike_R"],"damage_healed":0,"gold_gain":0,"player_choice":"Card Removal","damage_taken":7,"max_hp_gain":0,"max_hp_loss":0,"event_name":"Golden Wing","floor":3,"gold_loss":0},{"damage_healed":0,"gold_gain":75,"player_choice":"Gather Gold","damage_taken":11,"max_hp_gain":0,"max_hp_loss":0,"event_name":"World of Goop","floor":4,"gold_loss":0}],"is_beta":false,"boss_relics":[],"items_purged_floors":[10],"is_endless":false,"potions_floor_spawned":[7,14],"killed_by":"Slime Boss","ascension_level":15}