{"gold_per_floor":[114,114,114,130,130,130,110,110,110,123,157,82,82,93,93,167,167,187,198,198,210,210],"floor_reached":22,"playtime":544,"items_purged":["Defend_P"],"score":387,"play_id":"1a31e4fa-1c1a-45e4-a186-2a0772c299c7","local_time":"20190921214911","is_ascension_mode":true,"campfire_choices":[{"data":"Eruption","floor":6,"key":"SMITH"},{"data":"Vigilance","floor":8,"key":"SMITH"},{"data":"Metaphysics","floor":13,"key":"SMITH"},{"data":"Strike_P","floor":15,"key":"SMITH"}],"neow_cost":"NONE","seed_source_timestamp":74450416412700,"circlet_count":0,"master_deck":["AscendersBane","Strike_P","Strike_P","Strike_P+1","Defend_P","Defend_P","Eruption+1","Vigilance+1","Metaphysics+1","DevaForm","Ragnarok"],"special_seed":0,"relics":["PureWater","Pantograph","PreservedInsect","Coffee Dripper","Nloth\u0027s Gift"],"potions_floor_usage":[11,11,22],"damage_taken":[{"damage":0.0,"enemies":"2 Louse","floor":1.0,"turns":1.0},{"damage":0.0,"enemies":"Small Slimes","floor":4.0,"turns":1.0},{"damage":0,"enemies":"Cultist","floor":10,"turns":1},{"damage":0,"enemies":"Lagavulin","floor":11,"turns":4},{"damage":0,"enemies":"Large Slime","floor":14,"turns":4},{"damage":1,"enemies":"Slime Boss","floor":16,"turns":8},{"damage":1,"enemies":"Spheric Guardian","floor":18,"turns":5},{"damage":14,"enemies":"3 Byrds","floor":19,"turns":7},{"damage":13,"enemies":"Snecko","floor":21,"turns":5},{"damage":22,"enemies":"Shelled Parasite and Fungi","floor":22,"turns":3}],"seed_played":"-5054048816185977254","potions_obtained":[{"floor":1.0,"key":"Explosive Potion"},{"floor":7,"key":"Energy Potion"},{"floor":16,"key":"SpeedPotion"}],"is_trial":false,"path_per_floor":["M","?","?","M","?","R","?","R","T","M","E","$","R","M","R","B",null,"M","M","?","M","M"],"character_chosen":"WATCHER","items_purchased":[],"campfire_rested":0,"item_purchase_floors":[],"current_hp_per_floor":[55,48,48,48,48,48,48,48,48,48,48,48,48,48,48,60,61,60,46,46,33,11],"gold":210,"neow_bonus":"THREE_ENEMY_KILL","is_prod":false,"is_daily":false,"chose_seed":false,"campfire_upgraded":4,"win_rate":0,"timestamp":1569077351,"path_taken":["M","?","?","?","?","R","?","R","T","?","E","$","R","M","R","BOSS","M","M","?","?","M"],"build_version":"2019-09-20","purchased_purges":1,"victory":false,"max_hp_per_floor":[61,61,61,61,61,61,61,61,61,61,61,61,61,61,61,61,61,61,61,61,61,61],"card_choices":[{"not_picked":["CarveReality","CrushJoints","Meditate"],"picked":"SKIP","floor":1.0},{"not_picked":["WaveOfTheHand","Meditate","FlyingSleeves"],"picked":"SKIP","floor":4.0},{"not_picked":["Swivel","Prostrate","CrushJoints"],"picked":"SKIP","floor":10},{"not_picked":["FlurryOfBlows","Weave","Crescendo"],"picked":"SKIP","floor":11},{"not_picked":["JustLucky","Crescendo","ClearTheMind"],"picked":"SKIP","floor":14},{"not_picked":["Brilliance","Metaphysics"],"picked":"DevaForm","floor":16},{"not_picked":["CutThroughFate","Vengeance","ClearTheMind+1"],"picked":"SKIP","floor":18},{"not_picked":["CrushJoints","Meditate","JustLucky"],"picked":"SKIP","floor":19},{"not_picked":["ThirdEye","Devotion"],"picked":"Ragnarok","floor":21}],"player_experience":1126416,"relics_obtained":[{"floor":9,"key":"Pantograph"},{"floor":11,"key":"PreservedInsect"}],"event_choices":[{"cards_removed":["Defend_P"],"damage_healed":0.0,"max_hp_gain":0.0,"max_hp_loss":0.0,"gold_gain":0.0,"event_name":"Golden Wing","player_choice":"Card Removal","floor":2.0,"gold_loss":0.0,"damage_taken":7.0},{"damage_healed":0.0,"max_hp_gain":0.0,"max_hp_loss":0.0,"gold_gain":0.0,"cards_transformed":["Strike_P"],"event_name":"Transmorgrifier","player_choice":"Transformed","floor":3.0,"gold_loss":0.0,"damage_taken":0.0,"cards_obtained":["Metaphysics"]},{"damage_healed":0,"gold_gain":0,"player_choice":"Ignored","damage_taken":0,"max_hp_gain":0,"max_hp_loss":0,"event_name":"Liars Game","floor":5,"gold_loss":0},{"damage_healed":0,"gold_gain":0,"player_choice":"Bought 1 Potion","damage_taken":0,"max_hp_gain":0,"max_hp_loss":0,"event_name":"The Woman in Blue","floor":7,"gold_loss":0},{"damage_healed":0,"gold_gain":0,"player_choice":"Traded Relic","damage_taken":0,"relics_obtained":["Nloth\u0027s Gift"],"max_hp_gain":0,"max_hp_loss":0,"event_name":"N\u0027loth","floor":20,"relics_lost":["NeowsBlessing"],"gold_loss":0}],"is_beta":true,"boss_relics":[{"not_picked":["Sozu","Busted Crown"],"picked":"Coffee Dripper"}],"items_purged_floors":[12],"is_endless":false,"potions_floor_spawned":[1,16],"killed_by":"Shelled Parasite and Fungi","ascension_level":17}