{"gold_per_floor":[219,238,388,405,21,55,55,90,113,59,72,102,102,114,114,187,187,207,219,62,62,62,62,80,80],"floor_reached":25,"playtime":1221,"items_purged":["Doubt","Strike_R"],"score":442,"play_id":"3ef01d26-5071-489e-99be-76c282879737","local_time":"20190609182852","is_ascension_mode":true,"campfire_choices":[{"data":"Inflame","floor":7.0,"key":"SMITH"},{"floor":15.0,"key":"REST"},{"floor":23,"key":"REST"}],"neow_cost":"NONE","seed_source_timestamp":1542357402637966,"circlet_count":0,"master_deck":["AscendersBane","Strike_R","Strike_R","Strike_R","Strike_R","Defend_R","Defend_R","Defend_R","Defend_R","Bash","Feel No Pain","Inflame+1","Perfected Strike","True Grit","Metallicize","Offering","Spot Weakness","Anger","Sword Boomerang","Demon Form","Sword Boomerang","Shrug It Off","Ghostly Armor"],"special_seed":0,"relics":["Burning Blood","Pen Nib","Oddly Smooth Stone","Red Skull","Regal Pillow","Dodecahedron","GremlinMask","Snecko Eye","Enchiridion"],"potions_floor_usage":[24,25],"damage_taken":[{"damage":10.0,"enemies":"Small Slimes","floor":1.0,"turns":5.0},{"damage":8.0,"enemies":"Cultist","floor":2.0,"turns":5.0},{"damage":16.0,"enemies":"Jaw Worm","floor":4.0,"turns":5.0},{"damage":14.0,"enemies":"3 Sentries","floor":6.0,"turns":13.0},{"damage":28.0,"enemies":"Lagavulin","floor":8.0,"turns":5.0},{"damage":6.0,"enemies":"Gremlin Gang","floor":11.0,"turns":4.0},{"damage":14.0,"enemies":"Gremlin Nob","floor":12.0,"turns":3.0},{"damage":10.0,"enemies":"Exordium Thugs","floor":14.0,"turns":3.0},{"damage":44.0,"enemies":"The Guardian","floor":16.0,"turns":11.0},{"damage":24.0,"enemies":"Spheric Guardian","floor":18.0,"turns":6.0},{"damage":19,"enemies":"3 Byrds","floor":19,"turns":5},{"damage":16,"enemies":"Snake Plant","floor":24,"turns":4},{"damage":45,"enemies":"Book of Stabbing","floor":25,"turns":4}],"seed_played":"1273647924912105409","potions_obtained":[{"floor":4.0,"key":"Explosive Potion"},{"floor":6.0,"key":"SmokeBomb"},{"floor":8.0,"key":"Explosive Potion"},{"floor":12.0,"key":"Weak Potion"},{"floor":19,"key":"Dexterity Potion"},{"floor":22,"key":"Weak Potion"},{"floor":22,"key":"Fruit Juice"},{"floor":24,"key":"Energy Potion"}],"is_trial":false,"path_per_floor":["M","M","?","M","$","E","R","E","T","$","M","E","?","M","R","B",null,"M","M","$","?","?","R","M","E"],"character_chosen":"IRONCLAD","items_purchased":["True Grit","Metallicize","Pen Nib","Anger","Shrug It Off"],"campfire_rested":2,"item_purchase_floors":[5,5,5,10,20],"current_hp_per_floor":[64,62,62,52,52,44,44,22,22,22,22,14,14,10,47,9,59,41,28,28,7,7,44,39,0],"gold":80,"neow_bonus":"HUNDRED_GOLD","is_prod":false,"is_daily":false,"chose_seed":false,"campfire_upgraded":1,"win_rate":0,"timestamp":1560119332,"path_taken":["M","M","?","M","$","E","R","E","T","$","M","E","?","M","R","BOSS","M","?","$","?","?","R","M","E"],"build_version":"2019-01-23","purchased_purges":2,"victory":false,"max_hp_per_floor":[75,75,75,75,75,75,75,75,75,75,75,75,75,75,75,75,75,75,75,75,75,75,75,80,80],"card_choices":[{"not_picked":["Sword Boomerang","Wild Strike"],"picked":"Feel No Pain","floor":1.0},{"not_picked":["Dropkick","Twin Strike"],"picked":"Inflame","floor":2.0},{"not_picked":["Seeing Red","Sentinel"],"picked":"Perfected Strike","floor":4.0},{"not_picked":["Twin Strike","Bloodletting"],"picked":"Offering","floor":6.0},{"not_picked":["Shrug It Off","Inflame"],"picked":"Spot Weakness","floor":8.0},{"not_picked":["Rupture","Clothesline"],"picked":"Sword Boomerang","floor":11.0},{"not_picked":["Flex","Bloodletting","Infernal Blade"],"picked":"SKIP","floor":12.0},{"not_picked":["Hemokinesis","Combust","Seeing Red"],"picked":"SKIP","floor":14.0},{"not_picked":["Berserk","Bludgeon"],"picked":"Demon Form","floor":16.0},{"not_picked":["Twin Strike+1","Warcry","Searing Blow"],"picked":"SKIP","floor":18.0},{"not_picked":["Clash","Inflame"],"picked":"Sword Boomerang","floor":19},{"not_picked":["Power Through","Reckless Charge"],"picked":"Ghostly Armor","floor":24}],"player_experience":931288,"relics_obtained":[{"floor":6.0,"key":"Oddly Smooth Stone"},{"floor":8.0,"key":"Red Skull"},{"floor":9.0,"key":"Regal Pillow"},{"floor":12.0,"key":"Dodecahedron"},{"floor":21,"key":"Enchiridion"}],"event_choices":[{"damage_healed":0.0,"max_hp_gain":0.0,"max_hp_loss":0.0,"gold_gain":150.0,"event_name":"Liars Game","player_choice":"AGREE","floor":3.0,"gold_loss":0.0,"damage_taken":0.0,"cards_obtained":["Doubt"]},{"damage_healed":0.0,"max_hp_gain":0.0,"max_hp_loss":0.0,"gold_gain":0.0,"event_name":"FaceTrader","player_choice":"Trade","floor":13.0,"gold_loss":0.0,"damage_taken":0.0,"relics_obtained":["GremlinMask"]},{"damage_healed":0,"gold_gain":0,"player_choice":"Obtained Book","damage_taken":21,"max_hp_gain":0,"max_hp_loss":0,"event_name":"Cursed Tome","floor":21,"gold_loss":0},{"damage_healed":0,"gold_gain":0,"player_choice":"Got Potions","damage_taken":0,"max_hp_gain":0,"max_hp_loss":0,"event_name":"Lab","floor":22,"gold_loss":0}],"is_beta":false,"boss_relics":[{"not_picked":["Runic Cube","Empty Cage"],"picked":"Snecko Eye"}],"items_purged_floors":[5,20],"is_endless":false,"potions_floor_spawned":[4,6,8,11,12,19,24],"killed_by":"Book of Stabbing","ascension_level":20}