{"gold_per_floor":[144,189,234,297,297,387,462,462,462,462,19,109,154,199,199,499,499,544,589,634,0,45,135,135,135,210,210,249,294,339,429,429,729,729,774,819,819,864,909,909,999,999,1074,1074,1119,1209,1209,2,2,2],"floor_reached":51,"playtime":1663,"items_purged":["Strike_R"],"score":982,"play_id":"af21a4c4-c5da-47ff-91d5-30296fb41db4","local_time":"20180818131021","daily_mods":["Specialized","Midas","Time Dilation"],"is_ascension_mode":false,"campfire_choices":[{"floor":8,"key":"REST"},{"data":"1","floor":10,"key":"LIFT"},{"data":"2","floor":15,"key":"LIFT"},{"data":"3","floor":24,"key":"LIFT"},{"floor":32,"key":"REST"},{"floor":40,"key":"REST"},{"floor":42,"key":"REST"},{"floor":49,"key":"REST"}],"neow_cost":"","seed_source_timestamp":0,"circlet_count":0,"master_deck":["Strike_R","Strike_R","Strike_R","Strike_R","Defend_R","Defend_R","Defend_R+1","Defend_R","Bash","Double Tap","Double Tap","Double Tap","Double Tap","Double Tap","Twin Strike","Clothesline+1","Shrug It Off","Thunderclap","Twin Strike","Whirlwind","Feed","Thunderclap","Dropkick","Barricade+1","Twin Strike","Heavy Blade+1","Metallicize","Dropkick","Flex+1","Inflame","Decay","Headbutt","Perfected Strike+1","Warcry+1","Perfected Strike+1","Clothesline+1","Brutality","Whirlwind+1","Thunderclap+1","Heavy Blade","Inflame+1","Flex+1","Wild Strike","Iron Wave+1","Entrench+1","Pommel Strike+1","Secret Weapon","Flash of Steel","Trip","Second Wind","Fire Breathing","Sentinel","Searing Blow","Body Slam","Whirlwind+1"],"special_seed":17761,"relics":["Burning Blood","Dream Catcher","Girya","Du-Vu Doll","Gambling Chip","Velvet Choker","Gremlin Horn","OrangePellets","Nunchaku","Matryoshka","Nilry\u0027s Codex","Red Mask","Charon\u0027s Ashes","Philosopher\u0027s Stone","Kunai","Paper Frog","Smiling Mask","Oddly Smooth Stone","Bird Faced Urn","Centennial Puzzle","Mango","Ice Cream","TheAbacus"],"potions_floor_usage":[16,16,23,23,23,23,23,33,50,50,50],"damage_taken":[{"damage":6,"enemies":"Cultist","floor":1,"turns":3},{"damage":11,"enemies":"Small Slimes","floor":2,"turns":3},{"damage":0,"enemies":"2 Louse","floor":3,"turns":2},{"damage":31,"enemies":"3 Sentries","floor":6,"turns":10},{"damage":10,"enemies":"Gremlin Nob","floor":12,"turns":3},{"damage":2,"enemies":"Exordium Thugs","floor":13,"turns":4},{"damage":2,"enemies":"Blue Slaver","floor":14,"turns":3},{"damage":46,"enemies":"The Guardian","floor":16,"turns":9},{"damage":7,"enemies":"Chosen","floor":18,"turns":4},{"damage":0,"enemies":"2 Thieves","floor":19,"turns":1},{"damage":11,"enemies":"Chosen and Byrds","floor":20,"turns":3},{"damage":0,"enemies":"Centurion and Healer","floor":22,"turns":9},{"damage":0,"enemies":"Slavers","floor":23,"turns":2},{"damage":16,"floor":28,"turns":3},{"damage":2,"enemies":"3 Cultists","floor":29,"turns":2},{"damage":4,"enemies":"Snecko","floor":30,"turns":3},{"damage":2,"enemies":"Gremlin Leader","floor":31,"turns":2},{"damage":34,"enemies":"Collector","floor":33,"turns":7},{"damage":0,"enemies":"Flame Bruiser 1 Orb","floor":35,"turns":2},{"damage":9,"enemies":"3 Shapes","floor":36,"turns":1},{"damage":4,"enemies":"Maw","floor":38,"turns":3},{"damage":4,"enemies":"Transient","floor":39,"turns":5},{"damage":16,"enemies":"Nemesis","floor":41,"turns":3},{"damage":0,"enemies":"3 Darklings","floor":45,"turns":1},{"damage":37,"enemies":"Giant Head","floor":46,"turns":6},{"damage":33,"enemies":"Time Eater","floor":50,"turns":4}],"seed_played":"-4914512092917117765","potions_obtained":[{"floor":6,"key":"BloodPotion"},{"floor":12,"key":"Swift Potion"},{"floor":14,"key":"Energy Potion"},{"floor":20,"key":"Block Potion"},{"floor":29,"key":"Swift Potion"},{"floor":31,"key":"Ancient Potion"},{"floor":33,"key":"SteroidPotion"},{"floor":35,"key":"Weak Potion"},{"floor":39,"key":"PowerPotion"},{"floor":45,"key":"PowerPotion"}],"is_trial":false,"path_per_floor":["M","M","M","?","?","E","?","R","T","R","$","E","M","M","R","B",null,"M","M","M","$","M","E","R","?","T","?","?","M","M","E","R","B",null,"M","M","?","M","M","R","E","R","T","T","M","E","?","$","R","B"],"character_chosen":"IRONCLAD","items_purchased":["Du-Vu Doll","Whirlwind","GamblersBrew","Dropkick","Gremlin Horn","OrangePellets","SteroidPotion","EntropicBrew","Mango","Ice Cream","Second Wind","Fire Breathing","Sentinel","Searing Blow","Body Slam","TheAbacus","PowerPotion"],"campfire_rested":5,"item_purchase_floors":[11,11,11,21,21,21,21,21,48,48,48,48,48,48,48,48,48],"current_hp_per_floor":[80,75,80,80,64,39,28,52,52,52,52,48,55,59,59,22,86,85,86,81,81,89,92,92,92,92,76,69,76,78,82,98,70,98,98,95,95,97,98,98,88,98,98,98,98,71,61,75,108,89],"gold":2,"neow_bonus":"","is_prod":false,"is_daily":true,"chose_seed":false,"campfire_upgraded":0,"win_rate":0,"timestamp":1534572621,"path_taken":["M","?","M","?","?","E","?","R","T","R","$","E","M","M","R","BOSS","M","M","M","$","?","E","R","?","T","?","?","M","M","E","R","BOSS","M","?","?","?","?","R","E","R","T","?","M","E","?","$","R","BOSS"],"build_version":"2018-08-16","purchased_purges":1,"victory":true,"max_hp_per_floor":[80,80,80,80,80,80,80,80,80,80,80,80,83,83,83,86,86,86,86,86,86,89,92,92,92,92,92,95,98,98,98,98,98,98,98,98,98,98,98,98,98,98,98,98,98,98,98,112,112,112],"card_choices":[{"not_picked":["Infernal Blade","Evolve"],"picked":"Twin Strike","floor":1},{"not_picked":["True Grit","Carnage"],"picked":"Clothesline","floor":2},{"not_picked":["Headbutt","Dark Embrace"],"picked":"Shrug It Off","floor":3},{"not_picked":["Searing Blow","Second Wind"],"picked":"Thunderclap","floor":6},{"not_picked":["Pommel Strike","Disarm"],"picked":"Twin Strike","floor":8},{"not_picked":["Dual Wield","Intimidate"],"picked":"Feed","floor":12},{"not_picked":["Sword Boomerang","Disarm"],"picked":"Thunderclap","floor":13},{"not_picked":["Wild Strike","Clothesline"],"picked":"Dropkick","floor":14},{"not_picked":["Brutality","Exhume"],"picked":"Barricade","floor":16},{"not_picked":["Hemokinesis","Shrug It Off"],"picked":"Twin Strike","floor":18},{"not_picked":["Warcry","Body Slam"],"picked":"Heavy Blade+1","floor":19},{"not_picked":["Iron Wave+1","Headbutt+1"],"picked":"Metallicize","floor":20},{"not_picked":["Warcry","Heavy Blade+1"],"picked":"Flex+1","floor":22},{"not_picked":["Pummel","Havoc"],"picked":"Inflame","floor":23},{"not_picked":["Armaments","Wild Strike"],"picked":"Headbutt","floor":28},{"not_picked":["Anger+1","Uppercut"],"picked":"Perfected Strike+1","floor":29},{"not_picked":["Double Tap","Combust"],"picked":"Warcry+1","floor":30},{"not_picked":["Clash+1","Body Slam"],"picked":"Perfected Strike+1","floor":31},{"not_picked":["Twin Strike+1","Spot Weakness"],"picked":"Clothesline+1","floor":32},{"not_picked":["Reaper","Dark Embrace"],"picked":"Brutality","floor":33},{"not_picked":["Warcry+1","Cleave"],"picked":"Whirlwind+1","floor":35},{"not_picked":["Second Wind+1","True Grit"],"picked":"Thunderclap+1","floor":36},{"not_picked":["Body Slam+1","Sword Boomerang"],"picked":"Heavy Blade","floor":38},{"not_picked":["Wild Strike","Clothesline+1"],"picked":"Inflame+1","floor":39},{"not_picked":["Cleave","Headbutt+1"],"picked":"Flex+1","floor":40},{"not_picked":["Anger+1","Searing Blow"],"picked":"Wild Strike","floor":41},{"not_picked":["Body Slam","Cleave+1"],"picked":"Iron Wave+1","floor":42},{"not_picked":["Sever Soul+1","Intimidate+1"],"picked":"Entrench+1","floor":45},{"not_picked":["Evolve","Searing Blow"],"picked":"Pommel Strike+1","floor":46},{"not_picked":["Blind","Mayhem"],"picked":"Secret Weapon","floor":47},{"not_picked":["Deep Breath","Forethought"],"picked":"Flash of Steel","floor":47},{"not_picked":["Panacea","Deep Breath"],"picked":"Trip","floor":47},{"not_picked":["Hemokinesis","Flex"],"picked":"Whirlwind+1","floor":49}],"player_experience":317100,"relics_obtained":[{"floor":6,"key":"Dream Catcher"},{"floor":9,"key":"Girya"},{"floor":12,"key":"Gambling Chip"},{"floor":23,"key":"Nunchaku"},{"floor":26,"key":"Matryoshka"},{"floor":27,"key":"Nilry\u0027s Codex"},{"floor":28,"key":"Red Mask"},{"floor":31,"key":"Charon\u0027s Ashes"},{"floor":41,"key":"Kunai"},{"floor":43,"key":"Paper Frog"},{"floor":43,"key":"Smiling Mask"},{"floor":44,"key":"Oddly Smooth Stone"},{"floor":44,"key":"Bird Faced Urn"},{"floor":46,"key":"Centennial Puzzle"}],"event_choices":[{"event_name":"Golden Wing","player_choice":"Gained Gold","floor":4,"damage_taken":0},{"event_name":"Shining Light","player_choice":"Entered Light","floor":5,"damage_taken":0},{"event_name":"World of Goop","player_choice":"Gather Gold","floor":7,"damage_taken":0},{"event_name":"Forgotten Altar","player_choice":"Smashed Altar","floor":25,"damage_taken":0},{"event_name":"Cursed Tome","player_choice":"Obtained Book","floor":27,"damage_taken":0},{"event_name":"Masked Bandits","player_choice":"Fought Bandits","floor":28,"damage_taken":0},{"event_name":"Upgrade Shrine","player_choice":"Upgraded","floor":37,"damage_taken":0},{"event_name":"SensoryStone","player_choice":"Memory 3","floor":47,"damage_taken":0}],"is_beta":true,"boss_relics":[{"not_picked":["Eternal Feather","White Beast Statue"],"picked":"Velvet Choker"},{"not_picked":["Empty Cage","Black Star"],"picked":"Philosopher\u0027s Stone"}],"items_purged_floors":[48],"is_endless":false,"potions_floor_spawned":[6,12,14,20,22,29,31,33,35,39,45],"ascension_level":0}