{"gold_per_floor":[114,129,144,144,159,189,189,204,204,234,249,279,279,294,294,394,394,409,434,3,18,33,63,78,93,93,108,138,153,168,183,183,283,283,298,313,328,343,23,23,323,353,353,368,398,398,413,428,428,428],"floor_reached":51,"playtime":1765,"items_purged":[],"score":1356,"play_id":"4240377a-01a9-4bff-a627-f6d31e44cbdc","local_time":"20180906181408","daily_mods":["Specialized","Lethality","Terminal"],"is_ascension_mode":false,"campfire_choices":[{"data":"Corruption","floor":7,"key":"SMITH"},{"data":"Fiend Fire","floor":15,"key":"SMITH"},{"data":"Offering","floor":32,"key":"SMITH"},{"data":"Demon Form","floor":40,"key":"SMITH"},{"data":"1","floor":49,"key":"LIFT"}],"neow_cost":"","seed_source_timestamp":0,"circlet_count":0,"master_deck":["Strike_R","Strike_R","Strike_R","Strike_R","Defend_R","Defend_R","Defend_R","Defend_R","Bash","Fiend Fire","Fiend Fire","Fiend Fire+1","Fiend Fire","Flex","Cleave","Heavy Blade","Corruption+1","Shrug It Off","Dropkick","Metallicize","Thunderclap+1","Feel No Pain","Entrench","Barricade","Clothesline+1","Searing Blow+1","Twin Strike+1","Shrug It Off","Offering+1","Anger+1","Carnage+1","Shrug It Off+1","Thunderclap+1","Infernal Blade+1","Cleave+1","Pummel+1","Flame Barrier","Armaments","Shrug It Off","Thunderclap+1","Thunderclap+1","Demon Form+1","Cleave+1","Thunderclap+1","Pommel Strike+1","Sword Boomerang+1","Anger+1","Cleave+1","Clothesline+1","Pummel+1","Seeing Red","Seeing Red+1","True Grit+1"],"special_seed":17780,"relics":["Burning Blood","Unceasing Top","The Courier","Bottled Tornado","Molten Egg 2","Lantern","Letter Opener","White Beast Statue","Vajra","Potion Belt","Dead Branch","Bottled Lightning","Juzu Bracelet","Busted Crown","PreservedInsect","Sling","Old Coin","Red Skull","Darkstone Periapt","Girya"],"potions_floor_usage":[10,12,16,16,21,23,23,33,33,33,33,44,45,50,50,50,50,50],"damage_taken":[{"damage":0,"enemies":"Cultist","floor":1,"turns":2},{"damage":0,"enemies":"2 Louse","floor":2,"turns":2},{"damage":3,"enemies":"Small Slimes","floor":3,"turns":3},{"damage":8,"enemies":"Looter","floor":5,"turns":2},{"damage":0,"enemies":"Gremlin Nob","floor":6,"turns":2},{"damage":11,"enemies":"Exordium Thugs","floor":8,"turns":3},{"damage":0,"enemies":"3 Sentries","floor":10,"turns":4},{"damage":5,"enemies":"Blue Slaver","floor":11,"turns":2},{"damage":0,"enemies":"Lagavulin","floor":12,"turns":4},{"damage":6,"enemies":"Red Slaver","floor":14,"turns":2},{"damage":0,"enemies":"Slime Boss","floor":16,"turns":3},{"damage":15,"enemies":"2 Thieves","floor":18,"turns":3},{"damage":12,"enemies":"3 Byrds","floor":21,"turns":3},{"damage":8,"enemies":"Snecko","floor":22,"turns":4},{"damage":6,"enemies":"Book of Stabbing","floor":23,"turns":3},{"damage":18,"enemies":"Snake Plant","floor":24,"turns":2},{"damage":6,"enemies":"Chosen and Byrds","floor":25,"turns":2},{"damage":9,"enemies":"Centurion and Healer","floor":27,"turns":2},{"damage":6,"enemies":"Gremlin Leader","floor":28,"turns":1},{"damage":6,"enemies":"Shelled Parasite and Fungi","floor":29,"turns":1},{"damage":12,"enemies":"Snake Plant","floor":30,"turns":1},{"damage":7,"enemies":"Chosen and Byrds","floor":31,"turns":2},{"damage":6,"enemies":"Collector","floor":33,"turns":4},{"damage":6,"enemies":"3 Darklings","floor":35,"turns":1},{"damage":6,"enemies":"Orb Walker","floor":36,"turns":1},{"damage":9,"enemies":"4 Shapes","floor":37,"turns":10},{"damage":6,"enemies":"Spire Growth","floor":38,"turns":1},{"damage":12,"enemies":"Mind Bloom Boss Battle","floor":41,"turns":1},{"damage":6,"enemies":"Nemesis","floor":42,"turns":1},{"damage":14,"enemies":"Maw","floor":44,"turns":3},{"damage":9,"enemies":"Giant Head","floor":45,"turns":1},{"damage":6,"enemies":"Reptomancer","floor":47,"turns":1},{"damage":6,"enemies":"3 Darklings","floor":48,"turns":2},{"damage":9,"enemies":"Time Eater","floor":50,"turns":3}],"seed_played":"8761561677573513964","potions_obtained":[{"floor":3,"key":"PowerPotion"},{"floor":10,"key":"Weak Potion"},{"floor":11,"key":"Fire Potion"},{"floor":12,"key":"Strength Potion"},{"floor":14,"key":"EssenceOfSteel"},{"floor":18,"key":"Energy Potion"},{"floor":21,"key":"PowerPotion"},{"floor":22,"key":"Explosive Potion"},{"floor":23,"key":"SkillPotion"},{"floor":24,"key":"Regen Potion"},{"floor":25,"key":"Swift Potion"},{"floor":27,"key":"Swift Potion"},{"floor":31,"key":"Strength Potion"},{"floor":33,"key":"Block Potion"},{"floor":35,"key":"Ancient Potion"},{"floor":36,"key":"Fire Potion"},{"floor":37,"key":"Dexterity Potion"},{"floor":38,"key":"SteroidPotion"},{"floor":41,"key":"EssenceOfSteel"},{"floor":44,"key":"EssenceOfSteel"},{"floor":45,"key":"Fruit Juice"},{"floor":47,"key":"Regen Potion"}],"is_trial":false,"path_per_floor":["M","M","M","?","M","E","R","M","T","E","M","E","?","M","R","B",null,"M","T","$","M","M","E","M","M","T","M","E","M","M","M","R","B",null,"M","M","M","M","$","R","?","E","T","M","E","?","M","M","R","B"],"character_chosen":"IRONCLAD","items_purchased":["Potion Belt","Searing Blow+1","Twin Strike+1","Shrug It Off","Offering","Anger+1","Carnage+1","Strength Potion","PreservedInsect","Sling"],"campfire_rested":0,"item_purchase_floors":[20,20,20,20,20,20,20,39,39,39],"current_hp_per_floor":[78,77,76,69,67,73,72,67,67,69,68,67,66,65,64,63,62,53,53,53,47,45,45,33,45,45,42,42,42,39,38,38,49,48,47,46,43,43,43,42,36,36,36,31,33,33,36,36,36,42],"gold":428,"neow_bonus":"","is_prod":false,"is_daily":true,"chose_seed":false,"campfire_upgraded":4,"win_rate":0,"timestamp":1536232448,"path_taken":["M","?","M","?","M","E","R","M","T","E","M","E","?","M","R","BOSS","M","?","$","M","M","E","M","M","T","M","E","M","M","M","R","BOSS","M","M","M","M","$","R","?","E","T","M","E","?","M","M","R","BOSS"],"build_version":"2018-09-04-v2","purchased_purges":0,"victory":true,"max_hp_per_floor":[78,77,76,75,74,73,72,71,70,69,68,67,66,65,64,63,62,61,60,59,58,57,56,55,54,53,52,51,50,52,51,50,49,48,47,46,45,44,43,42,41,40,39,41,45,44,46,45,44,43],"card_choices":[{"not_picked":["Reckless Charge","Armaments"],"picked":"Flex","floor":1},{"not_picked":["Havoc","Blood for Blood"],"picked":"Cleave","floor":2},{"not_picked":["Spot Weakness","Perfected Strike"],"picked":"Heavy Blade","floor":3},{"not_picked":["Berserk","Metallicize"],"picked":"Corruption","floor":5},{"not_picked":["Sever Soul","Burning Pact"],"picked":"Shrug It Off","floor":6},{"not_picked":["Anger","Carnage"],"picked":"Dropkick","floor":8},{"not_picked":["Twin Strike","Body Slam"],"picked":"Metallicize","floor":10},{"not_picked":["Iron Wave+1","Entrench"],"picked":"Thunderclap+1","floor":11},{"not_picked":["Havoc","Wild Strike+1"],"picked":"Feel No Pain","floor":12},{"not_picked":["Body Slam+1","Spot Weakness"],"picked":"Entrench","floor":14},{"not_picked":["Demon Form","Brutality"],"picked":"Barricade","floor":16},{"not_picked":["Cleave+1","True Grit"],"picked":"Clothesline+1","floor":18},{"not_picked":["Dual Wield","Brutality"],"picked":"Shrug It Off+1","floor":21},{"not_picked":["Twin Strike+1","Warcry"],"picked":"Thunderclap+1","floor":22},{"not_picked":["Iron Wave+1","Burning Pact"],"picked":"Infernal Blade+1","floor":23},{"not_picked":["Perfected Strike+1","Havoc"],"picked":"Cleave+1","floor":24},{"not_picked":["Evolve+1","Fire Breathing"],"picked":"Pummel+1","floor":25},{"not_picked":["Metallicize","Rupture"],"picked":"Flame Barrier","floor":27},{"not_picked":["Combust+1","Bloodletting"],"picked":"Armaments","floor":28},{"not_picked":["Reckless Charge+1","Power Through"],"picked":"Shrug It Off","floor":29},{"not_picked":["Iron Wave+1","Burning Pact"],"picked":"Thunderclap+1","floor":30},{"not_picked":["Pommel Strike+1","Feed+1"],"picked":"Thunderclap+1","floor":31},{"not_picked":["Feed+1","Impervious"],"picked":"Demon Form","floor":33},{"not_picked":[],"picked":"Cleave+1","floor":35},{"not_picked":[],"picked":"Thunderclap+1","floor":36},{"not_picked":[],"picked":"Pommel Strike+1","floor":37},{"not_picked":[],"picked":"Sword Boomerang+1","floor":38},{"not_picked":[],"picked":"Anger+1","floor":41},{"not_picked":[],"picked":"Cleave+1","floor":42},{"not_picked":[],"picked":"Clothesline+1","floor":44},{"not_picked":[],"picked":"Pummel+1","floor":45},{"not_picked":[],"picked":"Seeing Red+1","floor":47},{"not_picked":[],"picked":"True Grit+1","floor":48}],"player_experience":338987,"relics_obtained":[{"floor":6,"key":"The Courier"},{"floor":9,"key":"Bottled Tornado"},{"floor":10,"key":"Molten Egg 2"},{"floor":12,"key":"Lantern"},{"floor":19,"key":"Vajra"},{"floor":23,"key":"Dead Branch"},{"floor":26,"key":"Bottled Lightning"},{"floor":28,"key":"Juzu Bracelet"},{"floor":41,"key":"Old Coin"},{"floor":42,"key":"Red Skull"},{"floor":43,"key":"Darkstone Periapt"},{"floor":45,"key":"Girya"}],"event_choices":[{"event_name":"Scrap Ooze","player_choice":"success","floor":4,"damage_taken":7},{"event_name":"WeMeetAgain","player_choice":"Card","floor":13,"damage_taken":0},{"event_name":"MindBloom","player_choice":"Fight","floor":41,"damage_taken":0},{"event_name":"Transmorgrifier","player_choice":"Transform","floor":46,"damage_taken":0}],"is_beta":true,"boss_relics":[{"not_picked":["Runic Pyramid","Runic Cube"],"picked":"White Beast Statue"},{"not_picked":["Tiny House","Snecko Eye"],"picked":"Busted Crown"}],"items_purged_floors":[],"is_endless":false,"potions_floor_spawned":[3,10,11,12,14,18,21,22,23,24,25,27,28,29,30,31,33,35,36,37,38,41,42,44,45,47,48],"ascension_level":0}