{"gold_per_floor":[116,41,55,68,87,87,118,132,184,184,184,217,217,237,237,358,358,383,408,431,4,0,0,35,53,53,53,89,110,126,126],"floor_reached":31,"playtime":1436,"items_purged":["Strike_R"],"score":419,"play_id":"25e4cdb5-d0e7-4e81-8059-819b6301639e","local_time":"20190929223255","is_ascension_mode":true,"campfire_choices":[{"data":"Bludgeon","floor":6,"key":"SMITH"},{"data":"Searing Blow","floor":11,"key":"SMITH"},{"data":"Fire Breathing","floor":15,"key":"SMITH"},{"floor":23,"key":"REST"},{"data":"True Grit","floor":27,"key":"SMITH"}],"neow_cost":"TEN_PERCENT_HP_LOSS","seed_source_timestamp":1495672885567100,"circlet_count":0,"master_deck":["Strike_R","Strike_R","Strike_R","Strike_R","Defend_R","Defend_R","Defend_R","Defend_R","Bash","Bludgeon+1","Thunderclap","Headbutt","Clash","Inflame","Heavy Blade","Searing Blow+2","Injury","Inflame","Fire Breathing+1","Immolate","Reckless Charge+1","Clothesline","Corruption","True Grit+1","Seeing Red+1","Juggernaut","Spot Weakness","Warcry"],"relics":["Burning Blood","Toy Ornithopter","PreservedInsect","Golden Idol","Dodecahedron","Busted Crown","Charon\u0027s Ashes","Lantern","Vajra","Molten Egg 2"],"potions_floor_usage":[7,12,20,28,28,29,31],"damage_taken":[{"damage":2,"enemies":"Jaw Worm","floor":1,"turns":3},{"damage":1,"enemies":"2 Louse","floor":3,"turns":3},{"damage":0,"enemies":"Cultist","floor":4,"turns":2},{"damage":0,"enemies":"Large Slime","floor":5,"turns":3},{"damage":16,"enemies":"Gremlin Nob","floor":7,"turns":3},{"damage":12,"enemies":"Looter","floor":8,"turns":3},{"damage":15,"enemies":"3 Sentries","floor":12,"turns":4},{"damage":1,"enemies":"2 Fungi Beasts","floor":14,"turns":3},{"damage":26,"enemies":"Slime Boss","floor":16,"turns":7},{"damage":23,"enemies":"Shell Parasite","floor":18,"turns":4},{"damage":25,"enemies":"3 Byrds","floor":19,"turns":4},{"damage":19,"enemies":"Snake Plant","floor":20,"turns":3},{"damage":24,"enemies":"Slavers","floor":24,"turns":2},{"damage":7,"enemies":"Centurion and Healer","floor":25,"turns":3},{"damage":14,"enemies":"Book of Stabbing","floor":28,"turns":4},{"damage":21,"enemies":"Shelled Parasite and Fungi","floor":29,"turns":4},{"damage":14,"enemies":"Snake Plant","floor":30,"turns":2},{"damage":24,"enemies":"Centurion and Healer","floor":31,"turns":3}],"seed_played":"-6957844964036064193","potions_obtained":[{"floor":1,"key":"Dexterity Potion"},{"floor":4,"key":"AttackPotion"},{"floor":8,"key":"Fire Potion"},{"floor":16,"key":"EssenceOfSteel"},{"floor":19,"key":"Regen Potion"},{"floor":24,"key":"PowerPotion"},{"floor":28,"key":"Block Potion"}],"is_trial":false,"path_per_floor":["M","$","M","M","M","R","E","M","T","?","R","E","?","M","R","B",null,"M","M","M","$","?","R","E","M","T","R","E","M","M","M"],"character_chosen":"IRONCLAD","items_purchased":["Charon\u0027s Ashes","Corruption","True Grit"],"campfire_rested":1,"item_purchase_floors":[21,21,21],"current_hp_per_floor":[72,72,72,72,72,72,62,56,56,56,56,52,52,57,57,37,63,46,27,28,28,28,49,31,30,30,30,32,22,14,0],"gold":126,"neow_bonus":"THREE_RARE_CARDS","is_prod":false,"is_daily":false,"chose_seed":false,"campfire_upgraded":4,"win_rate":0,"timestamp":1569810775,"path_taken":["M","$","M","M","M","R","E","M","T","?","R","E","?","M","R","BOSS","M","M","M","$","?","R","E","M","T","R","E","M","M","M"],"build_version":"2019-09-27","purchased_purges":1,"victory":false,"max_hp_per_floor":[72,72,72,72,72,72,72,72,72,72,72,72,72,72,72,72,72,72,72,72,72,72,72,72,72,72,72,72,72,72,72],"card_choices":[{"not_picked":["Barricade","Exhume"],"picked":"Bludgeon","floor":0},{"not_picked":["Corruption","Perfected Strike"],"picked":"Thunderclap","floor":1},{"not_picked":["True Grit","Seeing Red"],"picked":"Headbutt","floor":3},{"not_picked":["Feel No Pain","Combust"],"picked":"Clash","floor":4},{"not_picked":["Clothesline","Anger"],"picked":"Inflame","floor":5},{"not_picked":["Intimidate","Dropkick"],"picked":"Heavy Blade","floor":7},{"not_picked":["Intimidate","Perfected Strike"],"picked":"Searing Blow","floor":8},{"not_picked":["Exhume","Headbutt"],"picked":"Inflame","floor":12},{"not_picked":["Anger","Warcry"],"picked":"Fire Breathing","floor":14},{"not_picked":["Offering","Exhume"],"picked":"Immolate","floor":16},{"not_picked":[],"picked":"Reckless Charge+1","floor":18},{"not_picked":[],"picked":"Clothesline","floor":19},{"not_picked":["Searing Blow+1"],"picked":"SKIP","floor":20},{"not_picked":[],"picked":"Seeing Red+1","floor":24},{"not_picked":["Pommel Strike"],"picked":"SKIP","floor":25},{"not_picked":[],"picked":"Juggernaut","floor":28},{"not_picked":[],"picked":"Spot Weakness","floor":29},{"not_picked":[],"picked":"Warcry","floor":30}],"player_experience":199206,"relics_obtained":[{"floor":7,"key":"Toy Ornithopter"},{"floor":9,"key":"PreservedInsect"},{"floor":12,"key":"Dodecahedron"},{"floor":24,"key":"Lantern"},{"floor":26,"key":"Vajra"},{"floor":28,"key":"Molten Egg 2"}],"event_choices":[{"damage_healed":0,"gold_gain":0,"player_choice":"Take Wound","damage_taken":0,"relics_obtained":["Golden Idol"],"max_hp_gain":0,"max_hp_loss":0,"event_name":"Golden Idol","floor":10,"gold_loss":0,"cards_obtained":["Injury"]},{"damage_healed":0,"gold_gain":0,"player_choice":"Upgraded","damage_taken":0,"max_hp_gain":0,"max_hp_loss":0,"event_name":"Upgrade Shrine","floor":13,"gold_loss":0,"cards_upgraded":["Searing Blow"]},{"damage_healed":0,"gold_gain":0,"player_choice":"Paid Fearfully","damage_taken":0,"max_hp_gain":0,"max_hp_loss":0,"event_name":"Masked Bandits","floor":22,"gold_loss":4}],"is_beta":true,"boss_relics":[{"not_picked":["Tiny House","Calling Bell"],"picked":"Busted Crown"}],"items_purged_floors":[2],"is_endless":false,"potions_floor_spawned":[1,4,8,16,19,24,28],"killed_by":"Centurion and Healer","ascension_level":9}