{"gold_per_floor":[107,7,7,21,21,21,43,43,63,63,63,63,83,83,83,141,141,151,26,42,42,52,52,52,32,32,42,42,63,63,63,63,125,125,139,152,152,152],"floor_reached":38,"playtime":960,"items_purged":["Defend_P","Strike_P"],"score":902,"play_id":"47f8cd7b-ac21-4580-a80d-789da7e921e1","local_time":"20190927023946","is_ascension_mode":true,"campfire_choices":[{"data":"Eruption","floor":6,"key":"SMITH"},{"data":"Vigilance","floor":15,"key":"SMITH"},{"data":"WheelKick","floor":23,"key":"SMITH"},{"data":"Wallop","floor":30,"key":"SMITH"},{"data":"Strike_P","floor":32,"key":"SMITH"}],"neow_cost":"NONE","seed_source_timestamp":340460233220100,"circlet_count":0,"master_deck":["Strike_P+1","Defend_P+1","Eruption+1","Vigilance+1","Wallop+1","Sanctity+1","WheelKick+1","Doubt","DeusExMachina","CutThroughFate+1"],"relics":["PureWater","NeowsBlessing","Sundial","Juzu Bracelet","FaceOfCleric","Omamori","Dream Catcher","Empty Cage","HornCleat","Enchiridion","War Paint","Coffee Dripper"],"potions_floor_usage":[13,33,33],"damage_taken":[{"damage":0,"enemies":"2 Louse","floor":1,"turns":1},{"damage":0,"enemies":"Cultist","floor":4,"turns":1},{"damage":0,"enemies":"3 Sentries","floor":7,"turns":2},{"damage":32,"enemies":"Gremlin Nob","floor":13,"turns":4},{"damage":4,"enemies":"The Guardian","floor":16,"turns":12},{"damage":0,"enemies":"Chosen","floor":18,"turns":4},{"damage":3,"enemies":"Shell Parasite","floor":20,"turns":3},{"damage":0,"enemies":"Snecko","floor":22,"turns":3},{"damage":0,"enemies":"Centurion and Healer","floor":27,"turns":4},{"damage":130,"enemies":"Automaton","floor":33,"turns":9},{"damage":0,"enemies":"Orb Walker","floor":35,"turns":3},{"damage":0,"enemies":"3 Shapes","floor":36,"turns":4},{"damage":51,"enemies":"Transient","floor":38,"turns":6}],"seed_played":"574082036198177843","potions_obtained":[{"floor":4,"key":"AttackPotion"},{"floor":18,"key":"EntropicBrew"},{"floor":25,"key":"StancePotion"},{"floor":27,"key":"FairyPotion"},{"floor":35,"key":"EssenceOfSteel"}],"is_trial":false,"path_per_floor":["M","$","?","M","?","R","E","?","T","?","$","?","E","?","R","B",null,"M","$","M","?","M","R","?","?","T","M","?","T","R","?","R","B",null,"M","M","?","M"],"character_chosen":"WATCHER","items_purchased":[],"campfire_rested":0,"item_purchase_floors":[],"current_hp_per_floor":[55,55,55,55,59,59,59,52,52,52,52,52,21,10,10,7,44,45,45,43,36,37,37,37,37,37,38,17,17,17,17,17,7,25,26,27,27,0],"gold":152,"neow_bonus":"THREE_ENEMY_KILL","is_prod":false,"is_daily":false,"chose_seed":false,"campfire_upgraded":5,"win_rate":0,"timestamp":1569526786,"path_taken":["M","$","?","?","?","R","E","?","T","?","$","?","E","?","R","BOSS","M","$","M","?","M","R","?","?","T","M","?","?","R","?","R","BOSS","M","M","?","M"],"build_version":"2019-09-25","purchased_purges":2,"victory":false,"max_hp_per_floor":[61,61,61,61,66,66,66,66,66,66,66,66,67,67,67,68,68,69,69,70,70,71,71,71,71,71,72,72,72,72,72,72,73,37,38,39,39,39],"card_choices":[{"not_picked":["EmptyBody","PathToVictory","Sanctity"],"picked":"SKIP","floor":1},{"not_picked":["EmptyFist","Prostrate"],"picked":"Wallop","floor":4},{"not_picked":["Sanctity","PathToVictory","EmptyMind"],"picked":"SKIP","floor":7},{"not_picked":["PathToVictory","EmptyMind"],"picked":"Sanctity","floor":7},{"not_picked":["Brilliance","Sanctity"],"picked":"WheelKick","floor":13},{"not_picked":["Prostrate","Weave+1","JustLucky"],"picked":"SKIP","floor":18},{"not_picked":["FearNoEvil","BattleHymn","ForeignInfluence"],"picked":"SKIP","floor":20},{"not_picked":["ClearTheMind","FollowUp","Halt"],"picked":"SKIP","floor":22},{"not_picked":["Tantrum","Weave+1","FlowState"],"picked":"SKIP","floor":27},{"not_picked":["ReachHeaven","Adaptation"],"picked":"DeusExMachina","floor":33},{"not_picked":["Sanctity+1","Swivel"],"picked":"CutThroughFate+1","floor":35},{"not_picked":["Wireheading","ForeignInfluence+1","FlyingSleeves"],"picked":"SKIP","floor":36}],"player_experience":1165395,"relics_obtained":[{"floor":7,"key":"Sundial"},{"floor":9,"key":"Juzu Bracelet"},{"floor":13,"key":"Omamori"},{"floor":26,"key":"HornCleat"},{"floor":28,"key":"Enchiridion"},{"floor":29,"key":"War Paint"}],"event_choices":[{"cards_removed":["AscMod:ascendersbane"],"damage_healed":0,"gold_gain":0,"player_choice":"Removed Curses","damage_taken":0,"max_hp_gain":0,"max_hp_loss":0,"event_name":"Fountain of Cleansing","floor":3,"gold_loss":0},{"damage_healed":0,"gold_gain":0,"player_choice":"Donut","damage_taken":0,"max_hp_gain":5,"max_hp_loss":0,"event_name":"Big Fish","floor":5,"gold_loss":0},{"cards_removed":["Defend_P"],"damage_healed":0,"gold_gain":0,"player_choice":"Card Removal","damage_taken":7,"max_hp_gain":0,"max_hp_loss":0,"event_name":"Golden Wing","floor":8,"gold_loss":0},{"cards_removed":["Defend_P"],"damage_healed":0,"gold_gain":0,"player_choice":"Forget","damage_taken":0,"max_hp_gain":0,"max_hp_loss":0,"event_name":"Living Wall","floor":10,"gold_loss":0},{"damage_healed":0,"gold_gain":0,"player_choice":"Trade","damage_taken":0,"relics_obtained":["FaceOfCleric"],"max_hp_gain":0,"max_hp_loss":0,"event_name":"FaceTrader","floor":12,"gold_loss":0},{"damage_healed":0,"gold_gain":0,"player_choice":"Success","damage_taken":11,"relics_obtained":["Dream Catcher"],"max_hp_gain":0,"max_hp_loss":0,"event_name":"Scrap Ooze","floor":14,"gold_loss":0},{"damage_healed":0,"gold_gain":0,"player_choice":"","damage_taken":7,"max_hp_gain":0,"max_hp_loss":0,"event_name":"Knowing Skull","floor":21,"potions_obtained":[],"gold_loss":0,"cards_obtained":[]},{"damage_healed":0,"gold_gain":0,"player_choice":"Ignored","damage_taken":0,"max_hp_gain":0,"max_hp_loss":0,"event_name":"The Mausoleum","floor":24,"gold_loss":0},{"damage_healed":0,"gold_gain":0,"player_choice":"Bought 1 Potion","damage_taken":0,"max_hp_gain":0,"max_hp_loss":0,"event_name":"The Woman in Blue","floor":25,"gold_loss":0},{"damage_healed":0,"gold_gain":0,"player_choice":"Obtained Book","damage_taken":21,"max_hp_gain":0,"max_hp_loss":0,"event_name":"Cursed Tome","floor":28,"gold_loss":0},{"damage_healed":0,"gold_gain":0,"player_choice":"Cursed","damage_taken":0,"max_hp_gain":0,"max_hp_loss":0,"event_name":"Wheel of Change","floor":31,"gold_loss":0,"cards_obtained":["Decay"]},{"damage_healed":0,"gold_gain":0,"player_choice":"Ignored","damage_taken":0,"max_hp_gain":0,"max_hp_loss":0,"event_name":"Tomb of Lord Red Mask","floor":37,"gold_loss":0}],"is_beta":true,"boss_relics":[{"not_picked":["TwistingMind"],"picked":"Accursed"},{"not_picked":["TwistingMind"],"picked":"Accursed"},{"not_picked":["Fusion Hammer","Calling Bell"],"picked":"Empty Cage"},{"not_picked":["MetallicRebirth"],"picked":"BlightedDurian"},{"not_picked":["MetallicRebirth"],"picked":"BlightedDurian"},{"not_picked":["Velvet Choker","Black Star"],"picked":"Coffee Dripper"}],"items_purged_floors":[2,19],"is_endless":false,"potions_floor_spawned":[4,18,27,35],"killed_by":"Transient","ascension_level":25}