{"gold_per_floor":[115,133,133,150,36,36,71,90,90,119,119,146,1,19,19,124,124,138,138,149,149,163,163,176,176,203,203,228,240,240],"floor_reached":30,"playtime":1611,"items_purged":["Regret"],"score":364,"play_id":"d8b7b818-c09b-4683-b903-d0abf5a5394e","local_time":"20190927062747","is_ascension_mode":true,"campfire_choices":[{"data":"Terror","floor":6,"key":"SMITH"},{"floor":11,"key":"REST"},{"floor":15,"key":"REST"},{"floor":23,"key":"DIG"},{"floor":25,"key":"DIG"},{"floor":27,"key":"RECALL"}],"neow_cost":"NONE","seed_source_timestamp":1264787214024200,"circlet_count":0,"master_deck":["Defend_G","Defend_G","Defend_G","Defend_G","Defend_G","Survivor","Neutralize","Terror+1","Blade Dance","Finisher","Flying Knee","Cloak And Dagger","Cloak And Dagger","Blade Dance","Outmaneuver","Dash","Slice","Choke","A Thousand Cuts","Blade Dance","Accuracy","Adrenaline","Die Die Die","Bite","Bite","Bite","Bite","Bite","Finesse","Outmaneuver"],"relics":["Orrery","The Courier","Tingsha","Shovel","Ornamental Fan","Bag of Marbles","Anchor","Busted Crown","Bag of Preparation","Incense Burner","Lantern","Bottled Lightning"],"potions_floor_usage":[10,10],"damage_taken":[{"damage":1,"enemies":"Cultist","floor":1,"turns":4},{"damage":2,"enemies":"Jaw Worm","floor":2,"turns":4},{"damage":0,"enemies":"2 Louse","floor":4,"turns":2},{"damage":26,"enemies":"Gremlin Nob","floor":7,"turns":5},{"damage":8,"enemies":"Exordium Wildlife","floor":8,"turns":3},{"damage":16,"enemies":"Lagavulin","floor":10,"turns":5},{"damage":13,"enemies":"3 Sentries","floor":12,"turns":5},{"damage":10,"enemies":"Gremlin Gang","floor":14,"turns":4},{"damage":18,"enemies":"Slime Boss","floor":16,"turns":10},{"damage":0,"enemies":"Spheric Guardian","floor":18,"turns":3},{"damage":0,"enemies":"Shell Parasite","floor":20,"turns":3},{"damage":14,"enemies":"Centurion and Healer","floor":22,"turns":5},{"damage":0,"enemies":"3 Cultists","floor":24,"turns":4},{"damage":0,"enemies":"Slavers","floor":28,"turns":2},{"damage":0,"enemies":"Chosen and Byrds","floor":29,"turns":4},{"damage":67,"enemies":"Gremlin Leader","floor":30,"turns":4}],"seed_played":"2907582367212853905","potions_obtained":[{"floor":1,"key":"SmokeBomb"},{"floor":4,"key":"Strength Potion"},{"floor":8,"key":"LiquidBronze"},{"floor":16,"key":"FearPotion"},{"floor":18,"key":"FearPotion"},{"floor":28,"key":"Strength Potion"}],"is_trial":false,"path_per_floor":["M","M","?","M","$","R","E","M","T","E","R","E","$","M","R","B",null,"M","?","M","?","M","R","M","R","T","R","E","M","E"],"character_chosen":"THE_SILENT","items_purchased":["Dash","Accuracy","Anchor"],"campfire_rested":2,"item_purchase_floors":[5,13,13],"current_hp_per_floor":[69,67,67,67,67,67,41,33,33,17,38,25,25,15,36,18,70,70,49,49,37,33,33,43,43,43,43,47,49,0],"gold":240,"neow_bonus":"BOSS_RELIC","is_prod":false,"is_daily":false,"chose_seed":false,"campfire_upgraded":1,"win_rate":0,"timestamp":1569580067,"path_taken":["M","?","?","M","$","R","E","M","T","E","R","E","$","M","R","BOSS","M","?","M","?","M","R","M","R","T","R","E","?","E"],"build_version":"2019-07-17","purchased_purges":1,"victory":false,"max_hp_per_floor":[70,70,70,70,70,70,70,70,70,70,70,70,70,70,70,70,70,70,49,49,49,49,49,49,49,49,49,49,49,49],"card_choices":[{"not_picked":["Sucker Punch","Deflect"],"picked":"Terror","floor":0},{"not_picked":["All Out Attack","Quick Slash"],"picked":"Blade Dance","floor":0},{"not_picked":["Backflip","Sucker Punch"],"picked":"Finisher","floor":0},{"not_picked":["Dagger Throw","Prepared"],"picked":"Flying Knee","floor":0},{"not_picked":["Caltrops","Dodge and Roll"],"picked":"Cloak And Dagger","floor":0},{"not_picked":["Eviscerate","Backflip"],"picked":"Cloak And Dagger","floor":1},{"not_picked":["PiercingWail","Endless Agony"],"picked":"Blade Dance","floor":2},{"not_picked":["PiercingWail","Finisher"],"picked":"Outmaneuver","floor":4},{"not_picked":["Heel Hook","Noxious Fumes"],"picked":"Slice","floor":7},{"not_picked":["Slice","Well Laid Plans"],"picked":"Choke","floor":8},{"not_picked":["Backflip","PiercingWail"],"picked":"A Thousand Cuts","floor":10},{"not_picked":["Flying Knee","Deflect"],"picked":"Blade Dance","floor":12},{"not_picked":["Quick Slash","Acrobatics"],"picked":"Adrenaline","floor":14},{"not_picked":["Doppelganger","Malaise"],"picked":"Die Die Die","floor":16},{"not_picked":["Calculated Gamble"],"picked":"SKIP","floor":18},{"not_picked":["Dagger Spray"],"picked":"SKIP","floor":20},{"not_picked":["Eviscerate"],"picked":"SKIP","floor":22},{"not_picked":["Prepared"],"picked":"SKIP","floor":24},{"not_picked":[],"picked":"Outmaneuver","floor":28},{"not_picked":["Sucker Punch"],"picked":"SKIP","floor":29}],"player_experience":109527,"relics_obtained":[{"floor":7,"key":"Tingsha"},{"floor":9,"key":"Shovel"},{"floor":10,"key":"Ornamental Fan"},{"floor":12,"key":"Bag of Marbles"},{"floor":23,"key":"Bag of Preparation"},{"floor":25,"key":"Incense Burner"},{"floor":26,"key":"Lantern"},{"floor":28,"key":"Bottled Lightning"}],"event_choices":[{"damage_healed":0,"gold_gain":0,"player_choice":"Box","damage_taken":0,"relics_obtained":["The Courier"],"max_hp_gain":0,"max_hp_loss":0,"event_name":"Big Fish","floor":3,"gold_loss":0,"cards_obtained":["Regret"]},{"damage_healed":0,"gold_gain":0,"player_choice":"Became a vampire","damage_taken":0,"max_hp_gain":0,"max_hp_loss":21,"event_name":"Vampires","floor":19,"gold_loss":0,"cards_obtained":["Bite","Bite","Bite","Bite","Bite"]},{"damage_healed":0,"gold_gain":0,"player_choice":"CARD ","damage_taken":12,"max_hp_gain":0,"max_hp_loss":0,"event_name":"Knowing Skull","floor":21,"potions_obtained":[],"gold_loss":0,"cards_obtained":["Finesse"]},{"damage_healed":0,"gold_gain":0,"player_choice":"CARD ","damage_taken":12,"max_hp_gain":0,"max_hp_loss":0,"event_name":"Knowing Skull","floor":21,"potions_obtained":[],"gold_loss":0,"cards_obtained":["Finesse"]},{"damage_healed":0,"gold_gain":0,"player_choice":"CARD ","damage_taken":12,"max_hp_gain":0,"max_hp_loss":0,"event_name":"Knowing Skull","floor":21,"potions_obtained":[],"gold_loss":0,"cards_obtained":["Finesse"]}],"is_beta":false,"boss_relics":[{"not_picked":["Black Star","Tiny House"],"picked":"Busted Crown"}],"items_purged_floors":[5],"is_endless":false,"potions_floor_spawned":[1,4,8,16,18,28],"killed_by":"Gremlin Leader","ascension_level":3}