{"gold_per_floor":[119,99,24,24,44,44,70,70,149,163,63,80,80,80,80,154,154,165,175,186,61,61,61,61,61,140,140,140,150,185,201,201,279,279,290,310,310,15,15,15,41,57,57,387,440,440,471,487,487,487,487,487,121,151,151],"floor_reached":56,"playtime":1918,"items_purged":["Defend_R","Defend_R","Defend_R","Strike_R","Strike_R+1"],"score":2139,"play_id":"0286091c-ce23-4ef1-a9d0-0ef427d86340","local_time":"20190930180142","is_ascension_mode":true,"campfire_choices":[{"data":"Bash","floor":6.0,"key":"SMITH"},{"data":"Inflame","floor":8.0,"key":"SMITH"},{"data":"Shrug It Off","floor":13.0,"key":"SMITH"},{"data":"Strike_R","floor":15.0,"key":"SMITH"},{"data":"Feed","floor":23.0,"key":"SMITH"},{"data":"True Grit","floor":25.0,"key":"SMITH"},{"data":"Whirlwind","floor":27.0,"key":"SMITH"},{"data":"Fiend Fire","floor":32.0,"key":"SMITH"},{"data":"Demon Form","floor":40.0,"key":"SMITH"},{"floor":46.0,"key":"RECALL"}],"neow_cost":"NONE","seed_source_timestamp":653739571659100,"circlet_count":0,"master_deck":["AscendersBane","Bash+1","Shrug It Off+1","Inflame+1","Feed+1","Uppercut+1","True Grit+1","Whirlwind+1","Demon Form+1","Flame Barrier+1"],"special_seed":0,"relics":["Burning Blood","NeowsBlessing","Orichalcum","Self Forming Clay","Coffee Dripper","Mercury Hourglass","Toy Ornithopter","Runic Pyramid","Chemical X","Kunai","Old Coin","Torii","Boot","Membership Card","Pear","White Beast Statue"],"potions_floor_usage":[55,55],"damage_taken":[{"damage":0.0,"enemies":"Small Slimes","floor":1.0,"turns":1.0},{"damage":0.0,"enemies":"Cultist","floor":5.0,"turns":1.0},{"damage":0.0,"enemies":"Gremlin Nob","floor":7.0,"turns":1.0},{"damage":6.0,"enemies":"Jaw Worm","floor":10.0,"turns":2.0},{"damage":5.0,"enemies":"Looter","floor":12.0,"turns":3.0},{"damage":48.0,"enemies":"The Guardian","floor":16.0,"turns":8.0},{"damage":8.0,"enemies":"3 Byrds","floor":18.0,"turns":6.0},{"damage":2.0,"enemies":"Chosen","floor":19.0,"turns":3.0},{"damage":17.0,"enemies":"Snake Plant","floor":20.0,"turns":4.0},{"damage":0.0,"enemies":"Sentry and Sphere","floor":29.0,"turns":3.0},{"damage":17.0,"enemies":"Book of Stabbing","floor":30.0,"turns":4.0},{"damage":2.0,"enemies":"Centurion and Healer","floor":31.0,"turns":4.0},{"damage":42.0,"enemies":"Automaton","floor":33.0,"turns":8.0},{"damage":5.0,"enemies":"3 Shapes","floor":35.0,"turns":6.0},{"damage":25.0,"enemies":"3 Darklings","floor":36.0,"turns":4.0},{"damage":10.0,"enemies":"Giant Head","floor":41.0,"turns":6.0},{"damage":0.0,"enemies":"Jaw Worm Horde","floor":42.0,"turns":1.0},{"damage":24.0,"enemies":"Reptomancer","floor":44.0,"turns":4.0},{"damage":39.0,"enemies":"2 Orb Walkers","floor":45.0,"turns":4.0},{"damage":22.0,"enemies":"Nemesis","floor":47.0,"turns":7.0},{"damage":0.0,"enemies":"Transient","floor":48.0,"turns":5.0},{"damage":22.0,"enemies":"Time Eater","floor":50.0,"turns":11.0},{"damage":85.0,"enemies":"Shield and Spear","floor":54.0,"turns":6.0},{"damage":38,"enemies":"The Heart","floor":55,"turns":9}],"seed_played":"-8081878568478777089","potions_obtained":[{"floor":2.0,"key":"FearPotion"},{"floor":7.0,"key":"Block Potion"},{"floor":16.0,"key":"PowerPotion"},{"floor":19.0,"key":"SkillPotion"},{"floor":29.0,"key":"Energy Potion"},{"floor":31.0,"key":"Ancient Potion"},{"floor":35.0,"key":"GamblersBrew"},{"floor":36.0,"key":"Dexterity Potion"},{"floor":41.0,"key":"HeartOfIron"}],"is_trial":false,"path_per_floor":["M","?","$","?","M","R","E","R","T","M","$","M","R","?","R","B",null,"M","M","M","$","?","R","?","R","T","R","?","M","E","M","R","B",null,"M","M","?","$","?","R","E","M","T","E","?","R","E","M","R","B",null,"R","$","E","B",null],"character_chosen":"IRONCLAD","items_purchased":["Chemical X","Membership Card","Pear"],"campfire_rested":0,"item_purchase_floors":[38,53,53],"current_hp_per_floor":[74,74,74,74,75,75,75,75,75,75,75,75,75,75,75,33,65,66,73,65,65,65,65,65,65,65,65,65,75,68,76,76,49,87,92,77,77,77,77,77,77,83,83,69,40,40,28,34,34,18,94,94,104,29,7],"gold":151,"neow_bonus":"THREE_ENEMY_KILL","is_prod":false,"is_daily":false,"chose_seed":false,"campfire_upgraded":9,"win_rate":0,"timestamp":1569841302,"path_taken":["M","?","?","?","M","R","E","R","T","?","?","M","R","?","R","BOSS","M","M","M","$","?","R","?","R","T","R","?","?","E","M","R","BOSS","M","?","?","$","?","R","E","M","T","E","?","R","E","M","R","BOSS","R","$","E","BOSS"],"build_version":"2019-09-27","purchased_purges":5,"victory":true,"max_hp_per_floor":[75,75,75,75,75,75,75,75,75,75,75,75,75,75,75,75,75,78,81,84,84,84,84,84,84,84,84,84,88,92,96,96,100,100,104,108,103,103,103,103,107,107,107,111,115,115,119,119,119,119,119,119,129,133,133],"card_choices":[{"not_picked":["Flex","Infernal Blade"],"picked":"Shrug It Off","floor":1.0},{"not_picked":["Havoc","Anger"],"picked":"Inflame","floor":5.0},{"not_picked":["Bloodletting","Anger","Power Through"],"picked":"SKIP","floor":7.0},{"not_picked":["Fire Breathing","Flex","Intimidate"],"picked":"SKIP","floor":10.0},{"not_picked":["Fire Breathing","Flex","Intimidate"],"picked":"SKIP","floor":10.0},{"not_picked":["Wild Strike","Feel No Pain","Warcry"],"picked":"SKIP","floor":12.0},{"not_picked":["Dark Embrace","Impervious"],"picked":"Feed","floor":16.0},{"not_picked":["Thunderclap","Twin Strike"],"picked":"Uppercut+1","floor":18.0},{"not_picked":["Anger+1","Thunderclap"],"picked":"True Grit","floor":19.0},{"not_picked":["Body Slam","Feel No Pain"],"picked":"Whirlwind","floor":20.0},{"not_picked":["Rupture","Flex","Armaments"],"picked":"SKIP","floor":29.0},{"not_picked":["Wild Strike","Clothesline","Heavy Blade"],"picked":"SKIP","floor":30.0},{"not_picked":["Second Wind+1","Sentinel","Wild Strike"],"picked":"SKIP","floor":31.0},{"not_picked":["Berserk","Reaper"],"picked":"Demon Form","floor":33.0},{"not_picked":["Intimidate","Carnage","Searing Blow"],"picked":"SKIP","floor":35.0},{"not_picked":["Spot Weakness","Flame Barrier+1","Reckless Charge"],"picked":"SKIP","floor":36.0},{"not_picked":["Spot Weakness","Reckless Charge"],"picked":"Flame Barrier+1","floor":36.0},{"not_picked":["Twin Strike","Metallicize","Clash"],"picked":"SKIP","floor":41.0},{"not_picked":["Combust","Cleave","Warcry+1"],"picked":"SKIP","floor":42.0},{"not_picked":["Reckless Charge","Havoc","Twin Strike"],"picked":"SKIP","floor":44.0},{"not_picked":["Headbutt","Seeing Red","Inflame"],"picked":"SKIP","floor":47.0},{"not_picked":["Twin Strike+1","Havoc","Sword Boomerang"],"picked":"SKIP","floor":48.0},{"not_picked":["Entrench+1","Second Wind","Hemokinesis"],"picked":"SKIP","floor":54}],"player_experience":1173000,"relics_obtained":[{"floor":7.0,"key":"Orichalcum"},{"floor":9.0,"key":"Self Forming Clay"},{"floor":26.0,"key":"Mercury Hourglass"},{"floor":30.0,"key":"Toy Ornithopter"},{"floor":41.0,"key":"Kunai"},{"floor":44.0,"key":"Old Coin"},{"floor":45.0,"key":"Torii"},{"floor":47.0,"key":"Boot"},{"floor":54,"key":"White Beast Statue"}],"event_choices":[{"damage_healed":0.0,"max_hp_gain":0.0,"max_hp_loss":0.0,"gold_gain":0.0,"event_name":"The Woman in Blue","player_choice":"Bought 1 Potion","floor":2.0,"gold_loss":0.0,"damage_taken":0.0},{"cards_removed":["Strike_R"],"damage_healed":0.0,"max_hp_gain":0.0,"max_hp_loss":0.0,"gold_gain":0.0,"event_name":"Purifier","player_choice":"Purged","floor":4.0,"gold_loss":0.0,"damage_taken":0.0},{"cards_removed":["Defend_R"],"damage_healed":0.0,"max_hp_gain":0.0,"max_hp_loss":0.0,"gold_gain":0.0,"event_name":"Living Wall","player_choice":"Forget","floor":14.0,"gold_loss":0.0,"damage_taken":0.0},{"cards_removed":["Strike_R"],"damage_healed":0.0,"max_hp_gain":0.0,"max_hp_loss":0.0,"gold_gain":0.0,"event_name":"Back to Basics","player_choice":"Elegance","floor":22.0,"gold_loss":0.0,"damage_taken":0.0},{"damage_healed":0.0,"max_hp_gain":0.0,"max_hp_loss":0.0,"gold_gain":0.0,"event_name":"The Mausoleum","player_choice":"Ignored","floor":24.0,"gold_loss":0.0,"damage_taken":0.0},{"damage_healed":0.0,"max_hp_gain":0.0,"max_hp_loss":0.0,"gold_gain":0.0,"cards_transformed":["Strike_R"],"event_name":"Transmorgrifier","player_choice":"Transformed","floor":28.0,"gold_loss":0.0,"damage_taken":0.0,"cards_obtained":["Fiend Fire"]},{"damage_healed":0.0,"max_hp_gain":0.0,"max_hp_loss":5.0,"gold_gain":0.0,"event_name":"Winding Halls","player_choice":"Max HP","floor":37.0,"gold_loss":0.0,"damage_taken":0.0},{"cards_removed":["Fiend Fire"],"damage_healed":0.0,"max_hp_gain":0.0,"max_hp_loss":0.0,"gold_gain":0.0,"event_name":"Falling","player_choice":"Removed Attack","floor":39.0,"gold_loss":0.0,"damage_taken":0.0},{"damage_healed":0.0,"max_hp_gain":0.0,"max_hp_loss":0.0,"gold_gain":0.0,"event_name":"Mysterious Sphere","player_choice":"Fight","floor":45.0,"gold_loss":0.0,"damage_taken":0.0}],"is_beta":true,"boss_relics":[{"not_picked":["Pandora\u0027s Box","Calling Bell"],"picked":"Coffee Dripper"},{"not_picked":["Empty Cage","SlaversCollar"],"picked":"Runic Pyramid"}],"items_purged_floors":[3,11,21,38,53],"is_endless":false,"potions_floor_spawned":[7,10,16,19,29,31,35,36,41,47],"ascension_level":15}