{"gold_per_floor":[114,289,306,306,325,325,152,162,162,178,178,178,178,10,10,135,135,149,165,86,86,86,120,120,120],"floor_reached":25,"playtime":1176,"items_purged":["Doubt","Defend_G"],"score":219,"play_id":"d282fbe8-8db2-4895-a9f4-3b0e059c04b0","local_time":"20190605172309","is_ascension_mode":true,"campfire_choices":[{"data":"Noxious Fumes","floor":6,"key":"SMITH"},{"data":"Dodge and Roll","floor":13,"key":"SMITH"},{"data":"Footwork","floor":15,"key":"SMITH"},{"floor":24,"key":"REST"}],"neow_cost":"NONE","seed_source_timestamp":200237674807713,"circlet_count":0,"master_deck":["Defend_G","Defend_G","Defend_G","Defend_G","Strike_G","Strike_G","Strike_G","Strike_G","Survivor","Neutralize","Dagger Spray","Dodge and Roll","Backstab","Noxious Fumes+1","Dodge and Roll+1","Well Laid Plans","Deadly Poison","Dodge and Roll","Footwork+1","Venomology","Bane","Bane","Bouncing Flask","Necronomicurse","Backstab","Prepared"],"relics":["Ring of the Snake","Pear","Golden Idol","Velvet Choker","Necronomicon","Juzu Bracelet"],"potions_floor_usage":[16,23,23,25],"damage_taken":[{"damage":0,"enemies":"Small Slimes","floor":1,"turns":3},{"damage":0,"enemies":"2 Louse","floor":3,"turns":3},{"damage":0,"enemies":"Jaw Worm","floor":5,"turns":7},{"damage":8,"enemies":"Gremlin Gang","floor":8,"turns":6},{"damage":6,"enemies":"Looter","floor":10,"turns":3},{"damage":25,"enemies":"Hexaghost","floor":16,"turns":10},{"damage":4,"enemies":"Spheric Guardian","floor":18,"turns":6},{"damage":0,"enemies":"3 Byrds","floor":19,"turns":5},{"damage":21,"enemies":"Gremlin Leader","floor":23,"turns":6},{"damage":66,"enemies":"Book of Stabbing","floor":25,"turns":5}],"seed_played":"-8068028283721899597","potions_obtained":[{"floor":5,"key":"Poison Potion"},{"floor":16,"key":"LiquidBronze"},{"floor":18,"key":"Ancient Potion"},{"floor":19,"key":"GhostInAJar"}],"is_trial":false,"path_per_floor":["M","?","M","?","M","R","$","M","T","M","?","?","R","$","R","B",null,"M","M","$","?","?","E","R","E"],"character_chosen":"THE_SILENT","items_purchased":["Dodge and Roll","Well Laid Plans","Footwork","Bouncing Flask"],"campfire_rested":1,"item_purchase_floors":[7,7,14,20],"current_hp_per_floor":[70,70,70,75,75,75,75,67,77,71,71,71,71,71,71,46,79,75,75,75,59,59,38,61,0],"gold":120,"neow_bonus":"THREE_CARDS","is_prod":false,"is_daily":false,"chose_seed":false,"campfire_upgraded":3,"win_rate":0,"timestamp":1559748189,"path_taken":["M","?","M","?","M","R","?","M","T","?","?","?","R","?","R","BOSS","M","M","$","?","?","E","R","E"],"build_version":"2019-01-23","purchased_purges":2,"victory":false,"max_hp_per_floor":[70,70,70,75,75,75,75,75,85,85,85,79,79,79,79,79,79,79,79,79,79,79,79,79,79],"card_choices":[{"not_picked":["Underhanded Strike","Distraction"],"picked":"Dagger Spray","floor":0},{"not_picked":["Skewer","Sucker Punch"],"picked":"Dodge and Roll","floor":1},{"not_picked":["Distraction","Cloak And Dagger"],"picked":"Backstab","floor":3},{"not_picked":["Dodge and Roll","Dagger Spray"],"picked":"Noxious Fumes","floor":5},{"not_picked":["Outmaneuver","Underhanded Strike"],"picked":"Deadly Poison","floor":8},{"not_picked":["Well Laid Plans","Dagger Spray"],"picked":"Dodge and Roll","floor":10},{"not_picked":["A Thousand Cuts","Tools of the Trade"],"picked":"Venomology","floor":16},{"not_picked":["Dagger Throw","Outmaneuver"],"picked":"Bane","floor":18},{"not_picked":["Sucker Punch+1","Endless Agony"],"picked":"Bane","floor":19},{"not_picked":["Distraction","Skewer"],"picked":"Prepared","floor":23}],"player_experience":180877,"relics_obtained":[{"floor":9,"key":"Pear"},{"floor":21,"key":"Necronomicon"},{"floor":23,"key":"Juzu Bracelet"}],"event_choices":[{"damage_healed":0,"gold_gain":175,"player_choice":"AGREE","damage_taken":0,"max_hp_gain":0,"max_hp_loss":0,"event_name":"Liars Game","floor":2,"gold_loss":0,"cards_obtained":["Doubt"]},{"damage_healed":0,"gold_gain":0,"player_choice":"Donut","damage_taken":0,"max_hp_gain":5,"max_hp_loss":0,"event_name":"Big Fish","floor":4,"gold_loss":0},{"cards_removed":["Strike_G"],"damage_healed":0,"gold_gain":0,"player_choice":"Forget","damage_taken":0,"max_hp_gain":0,"max_hp_loss":0,"event_name":"Living Wall","floor":11,"gold_loss":0},{"damage_healed":0,"gold_gain":0,"player_choice":"Lose Max HP","damage_taken":0,"relics_obtained":["Golden Idol"],"max_hp_gain":0,"max_hp_loss":6,"event_name":"Golden Idol","floor":12,"gold_loss":0},{"damage_healed":0,"gold_gain":0,"player_choice":"Obtained Book","damage_taken":16,"max_hp_gain":0,"max_hp_loss":0,"event_name":"Cursed Tome","floor":21,"gold_loss":0},{"damage_healed":0,"gold_gain":0,"player_choice":"Copied","damage_taken":0,"max_hp_gain":0,"max_hp_loss":0,"event_name":"Duplicator","floor":22,"gold_loss":0,"cards_obtained":["Backstab"]}],"is_beta":false,"boss_relics":[{"not_picked":["White Beast Statue","Calling Bell"],"picked":"Velvet Choker"}],"items_purged_floors":[7,14],"is_endless":false,"potions_floor_spawned":[5,16,18,19],"killed_by":"Book of Stabbing","ascension_level":1}