{"gold_per_floor":[118,138,213,229,154,181,181,193,241,273,273,273,306,323,323,400,400,420,420,470,487,244,244,262,262,262,262,281,281,181,181,181,259,259,270,288,288,288,2,34,34,48,73,73,86,96,113,129,129,129],"floor_reached":51,"playtime":2071,"items_purged":["Strike_P","Defend_P","Strike_P"],"score":1639,"play_id":"c24f1d5b-e2a7-4794-b51e-3d555293c14d","local_time":"20190922024512","is_ascension_mode":true,"campfire_choices":[{"data":"Wallop","floor":12.0,"key":"SMITH"},{"data":"Vigilance","floor":15.0,"key":"SMITH"},{"data":"Defend_P","floor":23.0,"key":"SMITH"},{"data":"Protect","floor":29.0,"key":"SMITH"},{"data":"Strike_P","floor":32.0,"key":"SMITH"},{"data":"Defend_P","floor":41.0,"key":"SMITH"},{"data":"TalkToTheHand","floor":49.0,"key":"SMITH"}],"neow_cost":"NONE","seed_source_timestamp":90103501015100,"circlet_count":0,"master_deck":["AscendersBane","Strike_P+1","Defend_P+1","Eruption","Vigilance+1","Wallop+1","Protect+1","Wallop+1","TalkToTheHand+1"],"special_seed":0,"relics":["Snecko Eye","Yang","Potion Belt","Melange","Lantern","Coffee Dripper","Bag of Preparation","Blue Candle","Runic Pyramid","Akabeko","Regal Pillow","Orichalcum","Eternal Feather"],"potions_floor_usage":[50],"damage_taken":[{"damage":2.0,"enemies":"Jaw Worm","floor":1.0,"turns":3.0},{"damage":0.0,"enemies":"2 Louse","floor":2.0,"turns":2.0},{"damage":0.0,"enemies":"Small Slimes","floor":4.0,"turns":2.0},{"damage":16.0,"enemies":"Gremlin Nob","floor":6.0,"turns":3.0},{"damage":2.0,"enemies":"Looter","floor":8.0,"turns":2.0},{"damage":0.0,"enemies":"Lagavulin","floor":10.0,"turns":4.0},{"damage":0.0,"enemies":"Gremlin Nob","floor":13.0,"turns":2.0},{"damage":0.0,"enemies":"Exordium Wildlife","floor":14.0,"turns":2.0},{"damage":0.0,"enemies":"The Guardian","floor":16.0,"turns":7.0},{"damage":0.0,"enemies":"Chosen","floor":18.0,"turns":3.0},{"damage":0.0,"enemies":"Spheric Guardian","floor":21.0,"turns":2.0},{"damage":0.0,"enemies":"Chosen and Byrds","floor":24.0,"turns":6.0},{"damage":0.0,"enemies":"Snecko","floor":28.0,"turns":3.0},{"damage":14.0,"enemies":"Automaton","floor":33.0,"turns":9.0},{"damage":0.0,"enemies":"Orb Walker","floor":35.0,"turns":2.0},{"damage":0.0,"enemies":"3 Darklings","floor":36.0,"turns":5.0},{"damage":26.0,"enemies":"Nemesis","floor":40.0,"turns":7.0},{"damage":42.0,"enemies":"Transient","floor":42.0,"turns":6.0},{"damage":0.0,"enemies":"Maw","floor":45.0,"turns":7.0},{"damage":0.0,"enemies":"4 Shapes","floor":46.0,"turns":3.0},{"damage":0.0,"enemies":"3 Darklings","floor":47.0,"turns":3.0},{"damage":0.0,"enemies":"Spire Growth","floor":48.0,"turns":4.0},{"damage":0,"enemies":"Awakened One","floor":50,"turns":19}],"seed_played":"-6413711928986339073","potions_obtained":[{"floor":6.0,"key":"BottledMiracle"},{"floor":13.0,"key":"FearPotion"},{"floor":14.0,"key":"Regen Potion"},{"floor":24.0,"key":"Dexterity Potion"},{"floor":33.0,"key":"Ambrosia"},{"floor":36.0,"key":"Regen Potion"},{"floor":42.0,"key":"Strength Potion"},{"floor":45.0,"key":"SteroidPotion"},{"floor":47.0,"key":"DuplicationPotion"}],"is_trial":false,"path_per_floor":["M","M","?","M","?","E","?","M","T","E","?","R","E","M","R","B",null,"M","?","?","M","$","R","M","?","T","?","M","R","$","?","R","B",null,"M","M","?","?","$","E","R","M","T","T","M","M","M","M","R","B",null],"character_chosen":"WATCHER","items_purchased":["Bag of Preparation","Akabeko"],"campfire_rested":0,"item_purchase_floors":[22,39],"current_hp_per_floor":[53,53,42,42,42,26,26,24,24,24,17,17,17,17,17,17,50,50,34,34,39,39,39,39,52,52,52,52,52,52,52,52,38,59,59,59,59,59,59,48,48,6,6,6,6,6,6,6,9,9],"gold":129,"neow_bonus":"BOSS_RELIC","is_prod":false,"is_daily":false,"chose_seed":false,"campfire_upgraded":7,"win_rate":0,"timestamp":1569095112,"path_taken":["M","M","?","M","?","E","?","M","T","E","?","R","E","?","R","BOSS","M","?","?","M","?","R","?","?","T","?","M","R","$","?","R","BOSS","M","M","?","?","?","E","R","M","T","?","M","?","M","?","R","BOSS"],"build_version":"2019-09-20","purchased_purges":3,"victory":true,"max_hp_per_floor":[61,61,61,61,61,61,61,61,61,61,61,61,61,61,61,61,61,61,66,66,66,66,66,66,66,66,66,66,66,66,66,66,66,66,66,66,66,66,66,66,66,66,66,66,66,66,66,66,66,66],"card_choices":[{"not_picked":["Prostrate","Sanctity","Swivel"],"picked":"SKIP","floor":1.0},{"not_picked":["Halt","Sanctity"],"picked":"Wallop","floor":2.0},{"not_picked":["CutThroughFate","FollowUp","JustLucky"],"picked":"SKIP","floor":4.0},{"not_picked":["Prostrate","WaveOfTheHand","Halt"],"picked":"SKIP","floor":6.0},{"not_picked":["Prostrate","FlyingSleeves","Perseverance"],"picked":"SKIP","floor":8.0},{"not_picked":["CutThroughFate","Unraveling","SashWhip"],"picked":"SKIP","floor":10.0},{"not_picked":["Worship","Sanctity","WreathOfFlame"],"picked":"SKIP","floor":13.0},{"not_picked":["FollowUp","PathToVictory","WaveOfTheHand"],"picked":"SKIP","floor":14.0},{"not_picked":["Sanctity","CarveReality","Evaluate"],"picked":"SKIP","floor":18.0},{"not_picked":["CutThroughFate","Crescendo","SashWhip"],"picked":"SKIP","floor":21.0},{"not_picked":["Collect","ForeignInfluence","Establishment"],"picked":"SKIP","floor":24.0},{"not_picked":["EmptyFist","Weave"],"picked":"Protect","floor":28.0},{"not_picked":["Weave","Sanctity","TalkToTheHand"],"picked":"SKIP","floor":35.0},{"not_picked":["FollowUp","BattleHymn+1","FearNoEvil"],"picked":"SKIP","floor":36.0},{"not_picked":["Wireheading+1","CrushJoints","ClearTheMind"],"picked":"SKIP","floor":40.0},{"not_picked":["Weave+1","Prostrate+1","PathToVictory"],"picked":"SKIP","floor":42.0},{"not_picked":["Weave","Sanctity+1","Establishment"],"picked":"SKIP","floor":45.0},{"not_picked":["MentalFortress","FollowUp","ClearTheMind+1"],"picked":"SKIP","floor":46.0},{"not_picked":["ThirdEye","EmptyBody"],"picked":"TalkToTheHand","floor":47.0},{"not_picked":["ThirdEye","Halt","Nirvana"],"picked":"SKIP","floor":48.0}],"player_experience":1132365,"relics_obtained":[{"floor":6.0,"key":"Yang"},{"floor":9.0,"key":"Potion Belt"},{"floor":10.0,"key":"Melange"},{"floor":13.0,"key":"Lantern"},{"floor":26.0,"key":"Blue Candle"},{"floor":40.0,"key":"Regal Pillow"},{"floor":43.0,"key":"Orichalcum"},{"floor":44.0,"key":"Eternal Feather"}],"event_choices":[{"damage_healed":0.0,"max_hp_gain":0.0,"max_hp_loss":0.0,"gold_gain":75.0,"event_name":"World of Goop","player_choice":"Gather Gold","floor":3.0,"gold_loss":0.0,"damage_taken":11.0},{"cards_removed":["Defend_P"],"damage_healed":0.0,"max_hp_gain":0.0,"max_hp_loss":0.0,"gold_gain":0.0,"event_name":"The Cleric","player_choice":"Card Removal","floor":5.0,"gold_loss":75.0,"damage_taken":0.0},{"damage_healed":0.0,"max_hp_gain":0.0,"max_hp_loss":0.0,"gold_gain":0.0,"event_name":"Liars Game","player_choice":"Ignored","floor":7.0,"gold_loss":0.0,"damage_taken":0.0},{"cards_removed":["Strike_P"],"damage_healed":0.0,"max_hp_gain":0.0,"max_hp_loss":0.0,"gold_gain":0.0,"event_name":"Golden Wing","player_choice":"Card Removal","floor":11.0,"gold_loss":0.0,"damage_taken":7.0},{"damage_healed":0.0,"max_hp_gain":5.0,"max_hp_loss":0.0,"gold_gain":0.0,"event_name":"Forgotten Altar","player_choice":"Shed Blood","floor":19.0,"gold_loss":0.0,"damage_taken":21.0},{"damage_healed":0.0,"max_hp_gain":0.0,"max_hp_loss":0.0,"gold_gain":50.0,"event_name":"Nest","player_choice":"Stole From Cult","floor":20.0,"gold_loss":0.0,"damage_taken":0.0},{"damage_healed":13.0,"max_hp_gain":0.0,"max_hp_loss":0.0,"gold_gain":0.0,"event_name":"The Library","player_choice":"Heal","floor":25.0,"gold_loss":0.0,"damage_taken":0.0},{"damage_healed":0.0,"max_hp_gain":0.0,"max_hp_loss":0.0,"gold_gain":0.0,"event_name":"Vampires","player_choice":"Ignored","floor":27.0,"gold_loss":0.0,"damage_taken":0.0},{"damage_healed":0.0,"max_hp_gain":0.0,"max_hp_loss":0.0,"gold_gain":0.0,"event_name":"Duplicator","player_choice":"Copied","floor":31.0,"gold_loss":0.0,"damage_taken":0.0,"cards_obtained":["Wallop"]},{"damage_healed":0.0,"max_hp_gain":0.0,"max_hp_loss":0.0,"gold_gain":0.0,"event_name":"SensoryStone","player_choice":"Memory 1","floor":37.0,"gold_loss":0.0,"damage_taken":0.0},{"cards_removed":["Defend_P"],"damage_healed":0.0,"max_hp_gain":0.0,"max_hp_loss":0.0,"gold_gain":0.0,"event_name":"Falling","player_choice":"Removed Skill","floor":38.0,"gold_loss":0.0,"damage_taken":0.0}],"is_beta":true,"boss_relics":[{"not_picked":["SlaversCollar","Tiny House"],"picked":"Coffee Dripper"},{"not_picked":["Sozu","Calling Bell"],"picked":"Runic Pyramid"}],"items_purged_floors":[22,30,39],"is_endless":false,"potions_floor_spawned":[6,13,14,24,33,36,42,45,47],"ascension_level":18}