{"gold_per_floor":[363,376,11,27,27,27,27,60,83,83,94,94,140,171,171,250,250,265,188,199,25,25,25,25,25,25,25,45,45,64,64,64,64],"floor_reached":33,"playtime":790,"items_purged":[],"score":502,"play_id":"0987c8cb-a793-4bcc-8379-abe80e4e5ca9","local_time":"20190927110619","is_ascension_mode":true,"campfire_choices":[{"data":"Fire Breathing","floor":6.0,"key":"SMITH"},{"data":"Disarm","floor":10.0,"key":"SMITH"},{"data":"Sword Boomerang","floor":12.0,"key":"SMITH"},{"data":"Bash","floor":15.0,"key":"SMITH"},{"data":"Barricade","floor":23.0,"key":"SMITH"},{"data":"Power Through","floor":24.0,"key":"SMITH"},{"data":"True Grit","floor":25.0,"key":"SMITH"},{"data":"Evolve","floor":29.0,"key":"SMITH"},{"floor":32.0,"key":"REST"}],"neow_cost":"PERCENT_DAMAGE","seed_source_timestamp":902560267887000,"circlet_count":0,"master_deck":["AscendersBane","Strike_R+1","Strike_R","Strike_R","Strike_R","Strike_R","Defend_R","Defend_R","Defend_R","Defend_R","Bash+1","Fire Breathing+1","Power Through+1","Inflame+1","Disarm+1","Sword Boomerang+1","Shrug It Off","Barricade+1","CurseOfTheBell","Second Wind","Feel No Pain+1","Evolve+1","True Grit+1","Shrug It Off","Battle Trance","Second Wind+1"],"special_seed":0,"relics":["Burning Blood","Meat on the Bone","FaceOfCleric","Happy Flower","Boot","WingedGreaves","Calling Bell","PreservedInsect","Singing Bowl","Champion Belt","The Courier","Nloth\u0027s Gift"],"potions_floor_usage":[33],"damage_taken":[{"damage":7.0,"enemies":"Small Slimes","floor":1.0,"turns":4.0},{"damage":7.0,"enemies":"Jaw Worm","floor":2.0,"turns":5.0},{"damage":1.0,"enemies":"Cultist","floor":4.0,"turns":4.0},{"damage":8.0,"enemies":"Gremlin Nob","floor":8.0,"turns":3.0},{"damage":15.0,"enemies":"Exordium Thugs","floor":11.0,"turns":6.0},{"damage":19.0,"enemies":"Lagavulin","floor":14.0,"turns":6.0},{"damage":9.0,"enemies":"Hexaghost","floor":16.0,"turns":8.0},{"damage":31.0,"enemies":"Spheric Guardian","floor":18.0,"turns":6.0},{"damage":19.0,"enemies":"2 Thieves","floor":20.0,"turns":4.0},{"damage":18.0,"enemies":"Snake Plant","floor":28.0,"turns":6.0},{"damage":34.0,"enemies":"Shelled Parasite and Fungi","floor":30.0,"turns":10.0},{"damage":62,"enemies":"Automaton","floor":33,"turns":6}],"seed_played":"8688343601636246291","potions_obtained":[{"floor":1.0,"key":"FearPotion"},{"floor":16.0,"key":"SpeedPotion"},{"floor":20.0,"key":"Dexterity Potion"}],"is_trial":false,"path_per_floor":["M","M","$","M","?","R","?","E","T","R","M","R","T","E","R","B",null,"M","$","M","$","?","R","R","R","T","?","M","R","M","?","R","B"],"character_chosen":"IRONCLAD","items_purchased":["Power Through","Meat on the Bone","Second Wind","Evolve","True Grit","Shrug It Off"],"campfire_rested":1,"item_purchase_floors":[3,3,19,21,21,21],"current_hp_per_floor":[49,48,48,53,30,30,30,41,41,41,45,45,45,45,45,55,73,51,51,51,51,51,51,51,51,51,51,52,52,37,37,62,0],"gold":64,"neow_bonus":"TWO_FIFTY_GOLD","is_prod":false,"is_daily":false,"chose_seed":false,"campfire_upgraded":8,"win_rate":0,"timestamp":1569607579,"path_taken":["M","M","$","M","?","R","?","E","T","R","?","R","?","E","R","BOSS","M","$","M","$","?","R","R","R","T","?","?","R","M","?","R","BOSS"],"build_version":"2019-09-26","purchased_purges":0,"victory":false,"max_hp_per_floor":[75,75,75,75,75,75,75,76,76,76,77,77,77,78,78,79,79,82,82,83,83,83,83,83,83,83,83,84,84,85,85,85,85],"card_choices":[{"not_picked":["Entrench","Havoc","Sentinel"],"picked":"SKIP","floor":1.0},{"not_picked":["Havoc","Cleave"],"picked":"Fire Breathing","floor":2.0},{"not_picked":["Shrug It Off","Intimidate"],"picked":"Inflame","floor":4.0},{"not_picked":["Bloodletting","Whirlwind"],"picked":"Disarm","floor":8.0},{"not_picked":["Searing Blow","Corruption"],"picked":"Sword Boomerang","floor":11.0},{"not_picked":["Flex","Body Slam"],"picked":"Shrug It Off","floor":14.0},{"not_picked":["Feed","Reaper"],"picked":"Barricade","floor":16.0},{"not_picked":["Wild Strike","Havoc","Warcry"],"picked":"Singing Bowl","floor":18.0},{"not_picked":["Disarm","Evolve"],"picked":"Feel No Pain+1","floor":20.0},{"not_picked":["Spot Weakness","Rampage"],"picked":"Battle Trance","floor":28.0},{"not_picked":["Evolve","Bloodletting+1"],"picked":"Second Wind+1","floor":30.0}],"player_experience":1056065,"relics_obtained":[{"floor":8.0,"key":"Happy Flower"},{"floor":9.0,"key":"Boot"},{"floor":13.0,"key":"Pen Nib"},{"floor":14.0,"key":"WingedGreaves"},{"floor":17.0,"key":"PreservedInsect"},{"floor":17.0,"key":"Singing Bowl"},{"floor":17.0,"key":"Champion Belt"},{"floor":26.0,"key":"The Courier"}],"event_choices":[{"damage_healed":0.0,"max_hp_gain":0.0,"max_hp_loss":0.0,"gold_gain":0.0,"event_name":"Shining Light","player_choice":"Entered Light","floor":5.0,"gold_loss":0.0,"damage_taken":23.0,"cards_upgraded":["Strike_R","Inflame"]},{"damage_healed":0.0,"max_hp_gain":0.0,"max_hp_loss":0.0,"gold_gain":0.0,"event_name":"FaceTrader","player_choice":"Trade","floor":7.0,"gold_loss":0.0,"damage_taken":0.0,"relics_obtained":["FaceOfCleric"]},{"damage_healed":0.0,"max_hp_gain":0.0,"max_hp_loss":0.0,"gold_gain":0.0,"event_name":"The Mausoleum","player_choice":"Ignored","floor":22.0,"gold_loss":0.0,"damage_taken":0.0},{"damage_healed":0.0,"max_hp_gain":0.0,"max_hp_loss":0.0,"gold_gain":0.0,"event_name":"N\u0027loth","player_choice":"Traded Relic","floor":27.0,"relics_lost":["Pen Nib"],"gold_loss":0.0,"damage_taken":0.0,"relics_obtained":["Nloth\u0027s Gift"]},{"damage_healed":0.0,"max_hp_gain":0.0,"max_hp_loss":0.0,"gold_gain":0.0,"event_name":"Ghosts","player_choice":"Ignored","floor":31.0,"gold_loss":0.0,"damage_taken":0.0}],"is_beta":true,"boss_relics":[{"not_picked":["Black Blood","SacredBark"],"picked":"Calling Bell"}],"items_purged_floors":[],"is_endless":false,"potions_floor_spawned":[1,16,20],"killed_by":"Automaton","ascension_level":20}