{"gold_per_floor":[114,114,39,39,57,57,95,6,32,32,52,52,85,124,124,124],"floor_reached":16,"playtime":708,"items_purged":["Decay"],"score":212,"play_id":"10811340-0837-4d62-9688-2a81c53f9906","local_time":"20190401221345","is_ascension_mode":true,"campfire_choices":[{"data":"Spot Weakness","floor":6,"key":"SMITH"},{"data":"Shockwave","floor":10,"key":"SMITH"},{"floor":12,"key":"REST"},{"data":"Flame Barrier","floor":15,"key":"SMITH"}],"neow_cost":"CURSE","seed_source_timestamp":348700165168701,"circlet_count":0,"master_deck":["AscendersBane","Strike_R","Strike_R","Strike_R","Strike_R","Defend_R","Defend_R","Defend_R","Defend_R","Bash","Juggernaut","Spot Weakness+1","Shockwave+1","Shrug It Off","Offering","Flame Barrier+1","Feed","Pummel"],"relics":["Burning Blood","Golden Idol","Kunai","Regal Pillow","Odd Mushroom","Du-Vu Doll"],"potions_floor_usage":[14],"damage_taken":[{"damage":9,"enemies":"Small Slimes","floor":1,"turns":5},{"damage":4,"enemies":"2 Louse","floor":5,"turns":3},{"damage":45,"enemies":"Lagavulin","floor":7,"turns":9},{"damage":3,"enemies":"Cultist","floor":11,"turns":5},{"damage":25,"enemies":"The Mushroom Lair","floor":13,"turns":6},{"damage":25,"enemies":"3 Sentries","floor":14,"turns":5},{"damage":34,"enemies":"Hexaghost","floor":16,"turns":9}],"seed_played":"2638127877728295242","potions_obtained":[{"floor":5,"key":"Explosive Potion"},{"floor":7,"key":"Explosive Potion"}],"is_trial":false,"path_per_floor":["M","?","$","?","M","R","E","$","T","R","M","R","?","E","R","B"],"character_chosen":"IRONCLAD","items_purchased":["Offering"],"campfire_rested":1,"item_purchase_floors":[8],"current_hp_per_floor":[65,65,65,65,67,67,28,28,28,28,31,66,47,31,31,0],"gold":124,"neow_bonus":"THREE_RARE_CARDS","is_prod":false,"is_daily":false,"chose_seed":false,"campfire_upgraded":3,"win_rate":0,"timestamp":1554171225,"path_taken":["M","?","$","?","?","R","E","$","T","R","M","R","?","E","R","BOSS"],"build_version":"2019-01-23","purchased_purges":1,"victory":false,"max_hp_per_floor":[75,68,68,68,68,68,68,68,68,68,68,68,68,71,71,71],"card_choices":[{"not_picked":["Brutality","Limit Break"],"picked":"Juggernaut","floor":0},{"not_picked":["Power Through","Clash"],"picked":"Spot Weakness","floor":1},{"not_picked":["Flex","Clothesline"],"picked":"Shockwave","floor":5},{"not_picked":["Sword Boomerang","Clash"],"picked":"Shrug It Off","floor":7},{"not_picked":["Infernal Blade","Wild Strike"],"picked":"Flame Barrier","floor":11},{"not_picked":["Corruption","Heavy Blade"],"picked":"Feed","floor":13},{"not_picked":["Thunderclap","Power Through"],"picked":"Pummel","floor":14}],"player_experience":627959,"relics_obtained":[{"floor":7,"key":"Kunai"},{"floor":9,"key":"Regal Pillow"},{"floor":13,"key":"Odd Mushroom"},{"floor":14,"key":"Du-Vu Doll"}],"event_choices":[{"damage_healed":0,"gold_gain":0,"player_choice":"Lose Max HP","damage_taken":0,"relics_obtained":["Golden Idol"],"max_hp_gain":0,"max_hp_loss":7,"event_name":"Golden Idol","floor":2,"gold_loss":0},{"cards_removed":["Strike_R"],"damage_healed":0,"gold_gain":0,"player_choice":"Purged","damage_taken":0,"max_hp_gain":0,"max_hp_loss":0,"event_name":"Purifier","floor":4,"gold_loss":0},{"damage_healed":0,"gold_gain":0,"player_choice":"Fought Mushrooms","damage_taken":0,"max_hp_gain":0,"max_hp_loss":0,"event_name":"Mushrooms","floor":13,"gold_loss":0}],"is_beta":false,"boss_relics":[],"items_purged_floors":[3],"is_endless":false,"potions_floor_spawned":[5,7],"killed_by":"Hexaghost","ascension_level":20}