{"gold_per_floor":[113,124,140,55,20,49,49,81,117,129,170,182,194,223,235,326,338,370,396,408,420,450,462,508,520,532,555,587,599,287,348,348,421,421,432,432],"floor_reached":36,"playtime":23479,"items_purged":["Writhe"],"score":846,"play_id":"a1855eac-227c-406f-bfd8-385edd69ed05","local_time":"20190705000007","is_ascension_mode":true,"campfire_choices":[{"data":"Neutralize","floor":7,"key":"SMITH"},{"floor":12,"key":"REST"},{"floor":15,"key":"REST"},{"floor":23,"key":"REST"},{"floor":25,"key":"REST"},{"floor":29,"key":"REST"},{"floor":32,"key":"REST"}],"neow_cost":"NONE","seed_source_timestamp":937083873538455,"circlet_count":0,"master_deck":["AscendersBane","Strike_G","Strike_G","Strike_G","Strike_G","Strike_G","Defend_G","Defend_G","Defend_G","Defend_G","Defend_G","Survivor","Neutralize+1","Well Laid Plans","Dagger Spray+1","Dodge and Roll","Noxious Fumes","Escape Plan+1","Corpse Explosion","Calculated Gamble","Burst","Distraction","Crippling Poison","Skewer","Outmaneuver+1","Well Laid Plans","A Thousand Cuts"],"relics":["Ring of the Snake","Vajra","MawBank","Happy Flower","Lantern","Black Star","Nunchaku","StoneCalendar","Shuriken","Juzu Bracelet","Bag of Preparation","Oddly Smooth Stone","Tiny Chest","Bottled Lightning","Snecko Eye"],"potions_floor_usage":[6,8,11,16,24,24,27,31,33],"damage_taken":[{"damage":0,"enemies":"Cultist","floor":1,"turns":4},{"damage":2,"enemies":"2 Louse","floor":2,"turns":3},{"damage":5,"enemies":"Jaw Worm","floor":3,"turns":6},{"damage":21,"enemies":"3 Sentries","floor":6,"turns":7},{"damage":16,"enemies":"Lagavulin","floor":8,"turns":8},{"damage":12,"enemies":"3 Sentries","floor":11,"turns":3},{"damage":9,"enemies":"Large Slime","floor":14,"turns":4},{"damage":4,"enemies":"Hexaghost","floor":16,"turns":9},{"damage":32,"enemies":"2 Thieves","floor":18,"turns":4},{"damage":2,"enemies":"Chosen","floor":19,"turns":5},{"damage":11,"enemies":"Centurion and Healer","floor":22,"turns":6},{"damage":28,"enemies":"Gremlin Leader","floor":24,"turns":6},{"damage":11,"enemies":"Sentry and Sphere","floor":27,"turns":3},{"damage":12,"enemies":"Cultist and Chosen","floor":28,"turns":6},{"damage":0,"enemies":"Slavers","floor":31,"turns":3},{"damage":48,"enemies":"Automaton","floor":33,"turns":10},{"damage":3,"enemies":"3 Shapes","floor":35,"turns":4},{"damage":70,"enemies":"2 Orb Walkers","floor":36,"turns":4}],"seed_played":"-7527045968446800056","potions_obtained":[{"floor":3,"key":"LiquidBronze"},{"floor":6,"key":"Fire Potion"},{"floor":8,"key":"Weak Potion"},{"floor":14,"key":"Poison Potion"},{"floor":18,"key":"Dexterity Potion"},{"floor":22,"key":"Ancient Potion"},{"floor":24,"key":"Regen Potion"},{"floor":31,"key":"FearPotion"}],"is_trial":false,"path_per_floor":["M","M","M","$","?","E","R","E","T","$","E","R","?","M","R","B",null,"M","M","?","T","M","R","E","R","T","M","M","R","$","E","R","B",null,"M","?"],"character_chosen":"THE_SILENT","items_purchased":["Noxious Fumes","Oddly Smooth Stone","GhostInAJar"],"campfire_rested":6,"item_purchase_floors":[4,30,30],"current_hp_per_floor":[65,63,58,58,72,51,51,35,35,35,23,44,22,13,34,30,62,30,28,28,28,17,38,10,31,31,29,17,38,38,38,59,11,57,54,0],"gold":432,"neow_bonus":"TEN_PERCENT_HP_BONUS","is_prod":false,"is_daily":false,"chose_seed":false,"campfire_upgraded":1,"win_rate":0,"timestamp":1562302807,"path_taken":["M","M","?","?","?","E","R","E","T","?","E","R","?","M","R","BOSS","M","M","?","?","M","R","E","R","T","M","M","R","?","E","R","BOSS","M","?"],"build_version":"2019-07-01","purchased_purges":1,"victory":false,"max_hp_per_floor":[72,72,72,72,72,72,72,72,72,72,72,72,72,72,72,72,72,72,72,72,72,72,72,72,72,72,72,72,72,72,72,72,72,72,72,72],"card_choices":[{"not_picked":["PiercingWail","Outmaneuver"],"picked":"Well Laid Plans","floor":1},{"not_picked":["Expertise","Endless Agony"],"picked":"Dagger Spray","floor":2},{"not_picked":["Heel Hook","Poisoned Stab"],"picked":"Dodge and Roll","floor":3},{"not_picked":["Endless Agony","Dagger Throw"],"picked":"Escape Plan","floor":6},{"not_picked":["Sucker Punch","Finisher"],"picked":"Corpse Explosion","floor":8},{"not_picked":["Poisoned Stab","Finisher"],"picked":"Calculated Gamble","floor":11},{"not_picked":["Flying Knee","Dagger Spray","Concentrate"],"picked":"SKIP","floor":14},{"not_picked":["Unload","Phantasmal Killer"],"picked":"Burst","floor":16},{"not_picked":["Riddle With Holes","Cloak And Dagger"],"picked":"Distraction","floor":18},{"not_picked":["Poisoned Stab","Dagger Throw"],"picked":"Crippling Poison","floor":19},{"not_picked":["Accuracy","Dagger Spray"],"picked":"Skewer","floor":22},{"not_picked":["Acrobatics","Deflect"],"picked":"Outmaneuver+1","floor":24},{"not_picked":["Bane","Poisoned Stab"],"picked":"Well Laid Plans","floor":27},{"not_picked":["Dagger Spray","Bane","Dagger Throw"],"picked":"SKIP","floor":28},{"not_picked":["Endless Agony","Setup","Wraith Form v2"],"picked":"SKIP","floor":31},{"not_picked":["Storm of Steel","Doppelganger"],"picked":"A Thousand Cuts","floor":33},{"not_picked":["Dodge and Roll","Calculated Gamble","Dagger Spray"],"picked":"SKIP","floor":35}],"player_experience":1481538,"relics_obtained":[{"floor":6,"key":"Vajra"},{"floor":8,"key":"MawBank"},{"floor":9,"key":"Happy Flower"},{"floor":11,"key":"Lantern"},{"floor":21,"key":"StoneCalendar"},{"floor":24,"key":"Shuriken"},{"floor":24,"key":"Juzu Bracelet"},{"floor":26,"key":"Bag of Preparation"},{"floor":31,"key":"Tiny Chest"},{"floor":31,"key":"Bottled Lightning"}],"event_choices":[{"damage_healed":18,"gold_gain":0,"player_choice":"Healed","damage_taken":0,"max_hp_gain":0,"max_hp_loss":0,"event_name":"The Cleric","floor":5,"gold_loss":35},{"damage_healed":0,"gold_gain":0,"player_choice":"Entered Light","damage_taken":22,"max_hp_gain":0,"max_hp_loss":0,"event_name":"Shining Light","floor":13,"gold_loss":0,"cards_upgraded":["Dagger Spray","Escape Plan"]},{"damage_healed":0,"gold_gain":0,"player_choice":"Opened","damage_taken":0,"relics_obtained":["Nunchaku"],"max_hp_gain":0,"max_hp_loss":0,"event_name":"The Mausoleum","floor":20,"gold_loss":0,"cards_obtained":["Writhe"]},{"damage_healed":0,"gold_gain":0,"player_choice":"Fight","damage_taken":0,"max_hp_gain":0,"max_hp_loss":0,"event_name":"Mysterious Sphere","floor":36,"gold_loss":0}],"is_beta":false,"boss_relics":[{"not_picked":["White Beast Statue","Astrolabe"],"picked":"Black Star"},{"not_picked":["HoveringKite","Eternal Feather"],"picked":"Snecko Eye"}],"items_purged_floors":[30],"is_endless":false,"potions_floor_spawned":[3,6,8,14,18,22,24,31],"killed_by":"2 Orb Walkers","ascension_level":16}