{"gold_per_floor":[112,112,122,132,132,132,160,21,21,33,33,43,43,59,59,164,164,182,198,198],"floor_reached":20,"playtime":2593,"items_purged":[],"score":176,"play_id":"800f2999-e481-4a9a-925c-961ea04c1e1b","local_time":"20190422175507","is_ascension_mode":false,"campfire_choices":[{"data":"Double Energy","floor":6,"key":"SMITH"},{"floor":11,"key":"REST"},{"floor":13,"key":"REST"},{"floor":15,"key":"REST"}],"neow_cost":"CURSE","seed_source_timestamp":192051148279387,"circlet_count":0,"master_deck":["Strike_B","Strike_B","Strike_B","Strike_B","Defend_B","Defend_B","Defend_B","Defend_B","Zap","Dualcast","Injury","Echo Form+1","Hologram","Double Energy+1","Rebound","Creative AI","Leap","Madness","Streamline","Aggregate","Fusion","Seek","Clumsy","Normality","Injury","Ball Lightning","Beam Cell"],"relics":["Cracked Core","Happy Flower","Pear","Calling Bell","Omamori","Frozen Egg 2","FossilizedHelix"],"potions_floor_usage":[7,10,16,18,19],"damage_taken":[{"damage":11,"enemies":"Jaw Worm","floor":1,"turns":4},{"damage":1,"enemies":"Cultist","floor":3,"turns":3},{"damage":8,"enemies":"2 Louse","floor":4,"turns":4},{"damage":49,"enemies":"Gremlin Nob","floor":7,"turns":5},{"damage":6,"enemies":"Exordium Wildlife","floor":10,"turns":8},{"damage":25,"enemies":"Gremlin Gang","floor":12,"turns":5},{"damage":7,"enemies":"Looter","floor":14,"turns":2},{"damage":45,"enemies":"The Guardian","floor":16,"turns":12},{"damage":49,"enemies":"3 Byrds","floor":18,"turns":6},{"damage":31,"enemies":"Shell Parasite","floor":19,"turns":9},{"damage":13,"enemies":"Colosseum Slavers","floor":20,"turns":1}],"seed_played":"9037352235352956363","potions_obtained":[{"floor":1,"key":"LiquidBronze"},{"floor":7,"key":"GamblersBrew"},{"floor":14,"key":"Strength Potion"},{"floor":16,"key":"Fire Potion"},{"floor":18,"key":"EssenceOfSteel"}],"is_trial":false,"path_per_floor":["M","?","M","M","?","R","E","$","T","M","R","M","R","M","R","B",null,"M","M","?"],"character_chosen":"DEFECT","items_purchased":["Leap","Madness"],"campfire_rested":3,"item_purchase_floors":[8,8],"current_hp_per_floor":[64,64,63,55,55,55,6,6,16,10,35,10,35,28,53,8,85,36,5,0],"gold":198,"neow_bonus":"THREE_RARE_CARDS","is_prod":false,"is_daily":false,"chose_seed":false,"campfire_upgraded":1,"win_rate":0.0,"timestamp":1555973707,"path_taken":["M","?","?","M","?","R","E","?","T","M","R","M","R","?","R","BOSS","M","M","?"],"build_version":"2019-01-23","purchased_purges":0,"victory":false,"max_hp_per_floor":[75,75,75,75,75,75,75,75,85,85,85,85,85,85,85,85,85,85,85,85],"card_choices":[{"not_picked":["All For One","Biased Cognition"],"picked":"Echo Form","floor":0},{"not_picked":["Stack","Redo"],"picked":"Hologram","floor":1},{"not_picked":["Compile Driver","Cold Snap"],"picked":"Double Energy","floor":3},{"not_picked":["Double Energy","Redo"],"picked":"Rebound","floor":4},{"not_picked":["Redo","Hologram"],"picked":"Creative AI","floor":7},{"not_picked":["Beam Cell","Redo"],"picked":"Streamline","floor":10},{"not_picked":["Steam","Leap"],"picked":"Aggregate","floor":12},{"not_picked":["Tempest","Chaos"],"picked":"Fusion","floor":14},{"not_picked":["Echo Form","Electrodynamics"],"picked":"Seek","floor":16},{"not_picked":["Hello World+1","Turbo"],"picked":"Ball Lightning","floor":18},{"not_picked":["Echo Form+1","FTL+1"],"picked":"Beam Cell","floor":19}],"player_experience":37333,"relics_obtained":[{"floor":7,"key":"Happy Flower"},{"floor":9,"key":"Pear"},{"floor":17,"key":"Omamori"},{"floor":17,"key":"Frozen Egg 2"},{"floor":17,"key":"FossilizedHelix"}],"event_choices":[{"damage_healed":0,"gold_gain":0,"player_choice":"Forge","damage_taken":0,"max_hp_gain":0,"max_hp_loss":0,"event_name":"Accursed Blacksmith","floor":2,"gold_loss":0,"cards_upgraded":["Echo Form"]},{"damage_healed":0,"gold_gain":0,"player_choice":"Ignored","damage_taken":0,"max_hp_gain":0,"max_hp_loss":0,"event_name":"Golden Wing","floor":5,"gold_loss":0},{"damage_healed":0,"gold_gain":0,"player_choice":"Fight","damage_taken":0,"max_hp_gain":0,"max_hp_loss":0,"event_name":"Colosseum","floor":20,"gold_loss":0}],"is_beta":false,"boss_relics":[{"not_picked":["Coffee Dripper","Snecko Eye"],"picked":"Calling Bell"}],"items_purged_floors":[],"is_endless":false,"potions_floor_spawned":[1,7,14,16,18],"killed_by":"Colosseum Slavers","ascension_level":0}