{"gold_per_floor":[115,133,148,164,175,175,202,202,253,253,273,287,362,379,379,379],"floor_reached":16,"playtime":645,"items_purged":[],"score":212,"play_id":"4c710e3b-800a-427d-860a-a6fdd072a815","local_time":"20190403173125","is_ascension_mode":true,"campfire_choices":[{"floor":6,"key":"REST"},{"floor":8,"key":"REST"},{"data":"Whirlwind","floor":10,"key":"SMITH"},{"floor":15,"key":"REST"}],"neow_cost":"PERCENT_DAMAGE","seed_source_timestamp":504627394425394,"circlet_count":0,"master_deck":["AscendersBane","Strike_R","Strike_R","Strike_R","Strike_R","Strike_R","Defend_R","Defend_R","Defend_R","Defend_R","Bash","Whirlwind+1","Clothesline","Twin Strike","Spot Weakness","Shockwave","Twin Strike","Perfected Strike"],"relics":["Burning Blood","Turnip","Pen Nib","Lantern"],"potions_floor_usage":[5,7,14,16],"damage_taken":[{"damage":10,"enemies":"2 Louse","floor":1,"turns":4},{"damage":0,"enemies":"Small Slimes","floor":2,"turns":2},{"damage":3,"enemies":"Cultist","floor":3,"turns":4},{"damage":38,"enemies":"Exordium Thugs","floor":4,"turns":6},{"damage":17,"enemies":"Exordium Wildlife","floor":5,"turns":6},{"damage":30,"enemies":"3 Sentries","floor":7,"turns":9},{"damage":10,"enemies":"3 Louse","floor":11,"turns":3},{"damage":8,"enemies":"Looter","floor":12,"turns":3},{"damage":2,"enemies":"Lots of Slimes","floor":14,"turns":2},{"damage":41,"enemies":"The Guardian","floor":16,"turns":11}],"seed_played":"6386048927195959761","potions_obtained":[{"floor":3,"key":"FearPotion"},{"floor":5,"key":"SteroidPotion"},{"floor":7,"key":"EssenceOfSteel"},{"floor":12,"key":"Explosive Potion"}],"is_trial":false,"path_per_floor":["M","M","M","M","M","R","E","R","T","R","M","M","?","M","R","B"],"character_chosen":"IRONCLAD","items_purchased":[],"campfire_rested":3,"item_purchase_floors":[],"current_hp_per_floor":[46,52,55,23,12,34,10,32,32,32,28,26,15,19,41,0],"gold":379,"neow_bonus":"ONE_RARE_RELIC","is_prod":false,"is_daily":false,"chose_seed":false,"campfire_upgraded":1,"win_rate":0,"timestamp":1554327085,"path_taken":["M","M","M","M","M","R","E","R","T","R","M","M","?","M","R","BOSS"],"build_version":"2019-01-23","purchased_purges":0,"victory":false,"max_hp_per_floor":[75,75,75,75,75,75,75,75,75,75,75,75,75,75,75,75],"card_choices":[{"not_picked":["Clothesline","Pommel Strike"],"picked":"Whirlwind","floor":1},{"not_picked":["Thunderclap","Flex"],"picked":"Clothesline","floor":2},{"not_picked":["Body Slam","Power Through","Clash"],"picked":"SKIP","floor":3},{"not_picked":["Thunderclap","Bloodletting","Dual Wield"],"picked":"SKIP","floor":4},{"not_picked":["Clothesline","Havoc"],"picked":"Twin Strike","floor":5},{"not_picked":["Fire Breathing","Rampage"],"picked":"Spot Weakness","floor":7},{"not_picked":["Searing Blow","Havoc"],"picked":"Shockwave","floor":11},{"not_picked":["Sword Boomerang","Juggernaut"],"picked":"Twin Strike","floor":12},{"not_picked":["Warcry","Hemokinesis"],"picked":"Perfected Strike","floor":14}],"player_experience":642079,"relics_obtained":[{"floor":7,"key":"Pen Nib"},{"floor":9,"key":"Lantern"}],"event_choices":[{"damage_healed":0,"gold_gain":75,"player_choice":"Gather Gold","damage_taken":11,"max_hp_gain":0,"max_hp_loss":0,"event_name":"World of Goop","floor":13,"gold_loss":0}],"is_beta":false,"boss_relics":[],"items_purged_floors":[],"is_endless":false,"potions_floor_spawned":[3,5,7,12],"killed_by":"The Guardian","ascension_level":20}