{"gold_per_floor":[113,131,148,168,182,182,195,195,195,195,225,225,225,245,245,245],"floor_reached":16,"playtime":882,"items_purged":[],"score":130,"play_id":"c08144da-fcc7-4fd3-af5a-30a5a816f91e","local_time":"20190927170829","is_ascension_mode":true,"campfire_choices":[{"floor":6,"key":"REST"},{"floor":8,"key":"REST"},{"floor":15,"key":"REST"}],"neow_cost":"NONE","seed_source_timestamp":1303958209044800,"circlet_count":0,"master_deck":["Strike_G","Strike_G","Strike_G","Strike_G","Defend_G","Defend_G","Defend_G","Defend_G","Defend_G","Survivor","Neutralize","Sucker Punch","Backflip","Outmaneuver","Predator","Footwork","Flying Knee","Tactician","Phantasmal Killer","Night Terror","Blur","Dark Shackles"],"relics":["Black Star","Paper Crane","Bag of Marbles","Shuriken","Gremlin Horn"],"potions_floor_usage":[11,14],"damage_taken":[{"damage":4,"enemies":"Cultist","floor":1,"turns":5},{"damage":6,"enemies":"Jaw Worm","floor":2,"turns":6},{"damage":9,"enemies":"Small Slimes","floor":3,"turns":5},{"damage":22,"enemies":"Exordium Thugs","floor":4,"turns":9},{"damage":19,"enemies":"Large Slime","floor":5,"turns":6},{"damage":0,"enemies":"Blue Slaver","floor":7,"turns":6},{"damage":29,"enemies":"3 Sentries","floor":11,"turns":12},{"damage":5,"enemies":"Gremlin Gang","floor":14,"turns":6},{"damage":63,"enemies":"The Guardian","floor":16,"turns":14}],"seed_played":"-7087705558588202906","potions_obtained":[{"floor":2,"key":"SneckoOil"},{"floor":11,"key":"SkillPotion"}],"is_trial":false,"path_per_floor":["M","M","M","M","M","R","M","R","T","?","E","?","?","M","R","B"],"character_chosen":"THE_SILENT","items_purchased":[],"campfire_rested":3,"item_purchase_floors":[],"current_hp_per_floor":[66,60,51,29,10,31,31,52,52,52,23,16,16,11,32,0],"gold":245,"neow_bonus":"BOSS_RELIC","is_prod":false,"is_daily":false,"chose_seed":false,"campfire_upgraded":0,"win_rate":0,"timestamp":1569618509,"path_taken":["M","M","M","M","M","R","M","R","T","?","E","?","?","?","R","BOSS"],"build_version":"2019-07-17","purchased_purges":0,"victory":false,"max_hp_per_floor":[70,70,70,70,70,70,70,70,70,70,70,70,70,70,70,70],"card_choices":[{"not_picked":["Prepared","Tactician"],"picked":"Sucker Punch","floor":1},{"not_picked":["Underhanded Strike","Prepared"],"picked":"Backflip","floor":2},{"not_picked":["Acrobatics","Sucker Punch"],"picked":"Outmaneuver","floor":3},{"not_picked":["Slice","Calculated Gamble"],"picked":"Predator","floor":4},{"not_picked":["PiercingWail","Catalyst"],"picked":"Footwork","floor":5},{"not_picked":["PiercingWail","Prepared"],"picked":"Flying Knee","floor":7},{"not_picked":["Quick Slash","Deflect"],"picked":"Phantasmal Killer","floor":11},{"not_picked":["Eviscerate","Acrobatics","Bane"],"picked":"SKIP","floor":14}],"player_experience":147586,"relics_obtained":[{"floor":9,"key":"Paper Crane"},{"floor":11,"key":"Bag of Marbles"},{"floor":11,"key":"Shuriken"}],"event_choices":[{"damage_healed":0,"gold_gain":0,"cards_transformed":["Strike_G"],"player_choice":"Change","damage_taken":0,"max_hp_gain":0,"max_hp_loss":0,"event_name":"Living Wall","floor":10,"gold_loss":0,"cards_obtained":["Tactician"]},{"damage_healed":0,"gold_gain":0,"player_choice":"Success","damage_taken":7,"relics_obtained":["Gremlin Horn"],"max_hp_gain":0,"max_hp_loss":0,"event_name":"Scrap Ooze","floor":12,"gold_loss":0},{"damage_healed":0,"gold_gain":0,"player_choice":"3 cards matched","damage_taken":0,"max_hp_gain":0,"max_hp_loss":0,"event_name":"Match and Keep!","floor":13,"gold_loss":0,"cards_obtained":["Night Terror","Blur","Dark Shackles"]}],"is_beta":false,"boss_relics":[],"items_purged_floors":[],"is_endless":false,"potions_floor_spawned":[2,11],"killed_by":"The Guardian","ascension_level":5}