{"gold_per_floor":[118,118,4,154,164,199,199,228,274,9,36,36,36,55,55,133,133,152,164,164,180,191,191,223,223,223,223,223,241,38,54,54,130,130,148,148,164,164,75,75,101,114,114,128,128,156,156,170,170,170,170],"floor_reached":51,"playtime":4072,"items_purged":["Strike_B","Doubt","Pain"],"score":1611,"play_id":"1ce76aee-e0ec-45d0-b174-784c7a7f833a","local_time":"20190406163026","is_ascension_mode":true,"campfire_choices":[{"data":"Fission","floor":12.0,"key":"SMITH"},{"data":"Zap","floor":15.0,"key":"SMITH"},{"data":"Buffer","floor":23.0,"key":"SMITH"},{"data":"Dualcast","floor":27.0,"key":"SMITH"},{"floor":32.0,"key":"REST"},{"floor":40.0,"key":"REST"},{"floor":45.0,"key":"REST"},{"floor":49.0,"key":"RECALL"}],"neow_cost":"NONE","seed_source_timestamp":756522428990989,"circlet_count":0,"master_deck":["AscendersBane","Strike_B","Strike_B","Defend_B","Defend_B","Defend_B","Defend_B","Zap+1","Dualcast+1","Cold Snap","Glacier","Ball Lightning","Fission+1","Hologram","Seek","Conserve Battery","Buffer+1","Auto Shields","Conserve Battery","Force Field+1","Steam","Cold Snap","Doom and Gloom","Reboot","Chaos+1","Madness","Madness","Coolheaded+1","Loop","Biased Cognition","Compile Driver","Ball Lightning","Biased Cognition","Master of Strategy","Discovery","Madness","Force Field"],"special_seed":0,"relics":["Cracked Core","NeowsBlessing","Art of War","DataDisk","Oddly Smooth Stone","Strawberry","Cables","Runic Pyramid","Nloth\u0027s Gift","Pen Nib","Matryoshka","WarpedTongs","Fusion Hammer","Ornamental Fan","Mercury Hourglass","FossilizedHelix"],"potions_floor_usage":[],"damage_taken":[{"damage":0.0,"enemies":"2 Louse","floor":1.0,"turns":1.0},{"damage":0.0,"enemies":"Jaw Worm","floor":5.0,"turns":1.0},{"damage":0.0,"enemies":"Gremlin Nob","floor":6.0,"turns":1.0},{"damage":35.0,"enemies":"Lagavulin","floor":8.0,"turns":7.0},{"damage":0.0,"enemies":"Gremlin Nob","floor":11.0,"turns":3.0},{"damage":0.0,"enemies":"Small Slimes","floor":14.0,"turns":2.0},{"damage":18.0,"enemies":"Hexaghost","floor":16.0,"turns":11.0},{"damage":0.0,"enemies":"Chosen","floor":18.0,"turns":5.0},{"damage":0.0,"enemies":"2 Thieves","floor":19.0,"turns":5.0},{"damage":4.0,"enemies":"Snecko","floor":21.0,"turns":8.0},{"damage":0.0,"enemies":"Sentry and Sphere","floor":22.0,"turns":7.0},{"damage":30.0,"enemies":"Gremlin Leader","floor":24.0,"turns":13.0},{"damage":25.0,"enemies":"Snake Plant","floor":29.0,"turns":5.0},{"damage":0.0,"enemies":"3 Cultists","floor":31.0,"turns":3.0},{"damage":4.0,"enemies":"Champ","floor":33.0,"turns":15.0},{"damage":0.0,"enemies":"3 Darklings","floor":35.0,"turns":8.0},{"damage":13.0,"enemies":"3 Shapes","floor":37.0,"turns":3.0},{"damage":30.0,"enemies":"Giant Head","floor":41.0,"turns":12.0},{"damage":0.0,"enemies":"Spire Growth","floor":42.0,"turns":7.0},{"damage":9.0,"enemies":"4 Shapes","floor":44.0,"turns":5.0},{"damage":0.0,"enemies":"Nemesis","floor":46.0,"turns":7.0},{"damage":0.0,"enemies":"3 Darklings","floor":48.0,"turns":3.0},{"damage":23.0,"enemies":"Awakened One","floor":50.0,"turns":19.0},{"damage":20,"enemies":"Time Eater","floor":51,"turns":9}],"seed_played":"-1837585328655822405","potions_obtained":[{"floor":5.0,"key":"Energy Potion"},{"floor":14.0,"key":"PowerPotion"},{"floor":19.0,"key":"Strength Potion"},{"floor":31.0,"key":"Energy Potion"},{"floor":33.0,"key":"SpeedPotion"},{"floor":37.0,"key":"Dexterity Potion"},{"floor":42.0,"key":"GamblersBrew"}],"is_trial":false,"path_per_floor":["M","?","$","?","M","E","?","E","T","$","E","R","?","M","R","B",null,"M","M","?","M","M","R","E","?","T","R","?","M","$","M","R","B",null,"M","?","M","?","$","R","E","M","T","M","R","E","?","M","R","B","B"],"character_chosen":"DEFECT","items_purchased":["Glacier","Strawberry","Doom and Gloom","Loop"],"campfire_rested":3,"item_purchase_floors":[3,10,30,39],"current_hp_per_floor":[64,38,38,38,38,38,61,26,26,33,33,33,26,26,26,8,61,61,61,61,57,57,57,27,27,27,27,27,2,2,2,25,21,64,64,50,37,37,37,60,30,30,30,21,44,44,34,34,34,11,0],"gold":170,"neow_bonus":"THREE_ENEMY_KILL","is_prod":false,"is_daily":false,"chose_seed":false,"campfire_upgraded":4,"win_rate":0,"timestamp":1554582626,"path_taken":["M","?","$","?","?","E","?","E","T","$","E","R","?","M","R","BOSS","M","M","?","M","?","R","E","?","T","R","?","M","$","?","R","BOSS","M","?","M","?","$","R","E","M","T","M","R","E","?","M","R","BOSS","BOSS"],"build_version":"2019-01-23","purchased_purges":3,"victory":false,"max_hp_per_floor":[71,71,71,71,71,71,71,71,71,78,78,78,78,78,78,78,78,78,78,78,78,78,78,78,78,78,78,78,78,78,78,78,78,78,78,78,78,78,78,78,78,78,78,78,78,78,78,78,78,78,78],"card_choices":[{"not_picked":["Redo","Coolheaded"],"picked":"Cold Snap","floor":1.0},{"not_picked":["Beam Cell","Glacier"],"picked":"Ball Lightning","floor":5.0},{"not_picked":["Sunder","Rip and Tear"],"picked":"Fission","floor":6.0},{"not_picked":["Leap","Tempest"],"picked":"Hologram","floor":8.0},{"not_picked":["Barrage","Go for the Eyes"],"picked":"Seek","floor":11.0},{"not_picked":["Redo","Stack"],"picked":"Conserve Battery","floor":14.0},{"not_picked":["Meteor Strike","Multi-Cast"],"picked":"Buffer","floor":16.0},{"not_picked":["Beam Cell","Undo"],"picked":"Auto Shields","floor":18.0},{"not_picked":["BootSequence","Chill"],"picked":"Conserve Battery","floor":19.0},{"not_picked":["Reprogram","Ball Lightning"],"picked":"Force Field+1","floor":21.0},{"not_picked":["Lockon","Barrage"],"picked":"Steam","floor":22.0},{"not_picked":["Streamline","Stack","Rip and Tear"],"picked":"SKIP","floor":24.0},{"not_picked":["Steam","Machine Learning"],"picked":"Cold Snap","floor":29.0},{"not_picked":["Redo","Turbo"],"picked":"Reboot","floor":31.0},{"not_picked":["Rebound","Beam Cell"],"picked":"Chaos+1","floor":35.0},{"not_picked":["Rebound","Scrape"],"picked":"Coolheaded+1","floor":37.0},{"not_picked":["Turbo","Coolheaded"],"picked":"Biased Cognition","floor":41.0},{"not_picked":["Coolheaded","Go for the Eyes"],"picked":"Compile Driver","floor":42.0},{"not_picked":["Double Energy","Thunder Strike"],"picked":"Ball Lightning","floor":44.0},{"not_picked":["Chill","Skim"],"picked":"Biased Cognition","floor":46.0},{"not_picked":["Mayhem","Finesse"],"picked":"Master of Strategy","floor":47.0},{"not_picked":["PanicButton","Jack Of All Trades"],"picked":"Discovery","floor":47.0},{"not_picked":["Metamorphosis","Bandage Up"],"picked":"Madness","floor":47.0},{"not_picked":["Static Discharge+1","Stack"],"picked":"Force Field","floor":48.0}],"player_experience":658242,"relics_obtained":[{"floor":6.0,"key":"Vajra"},{"floor":8.0,"key":"DataDisk"},{"floor":9.0,"key":"Oddly Smooth Stone"},{"floor":11.0,"key":"Cables"},{"floor":24.0,"key":"Pen Nib"},{"floor":26.0,"key":"Matryoshka"},{"floor":41.0,"key":"Ornamental Fan"},{"floor":43.0,"key":"Mercury Hourglass"},{"floor":46.0,"key":"FossilizedHelix"}],"event_choices":[{"damage_healed":0.0,"max_hp_gain":0.0,"max_hp_loss":0.0,"gold_gain":0.0,"event_name":"Scrap Ooze","player_choice":"Success","floor":2.0,"gold_loss":0.0,"damage_taken":26.0,"relics_obtained":["Art of War"]},{"damage_healed":0.0,"max_hp_gain":0.0,"max_hp_loss":0.0,"gold_gain":150.0,"event_name":"Liars Game","player_choice":"AGREE","floor":4.0,"gold_loss":0.0,"damage_taken":0.0,"cards_obtained":["Doubt"]},{"damage_healed":23.0,"max_hp_gain":0.0,"max_hp_loss":0.0,"gold_gain":0.0,"event_name":"Big Fish","player_choice":"Banana","floor":7.0,"gold_loss":0.0,"damage_taken":0.0},{"cards_removed":["Strike_B"],"damage_healed":0.0,"max_hp_gain":0.0,"max_hp_loss":0.0,"gold_gain":0.0,"event_name":"Golden Wing","player_choice":"Card Removal","floor":13.0,"gold_loss":0.0,"damage_taken":7.0},{"damage_healed":0.0,"max_hp_gain":0.0,"max_hp_loss":0.0,"gold_gain":0.0,"event_name":"N\u0027loth","player_choice":"Traded Relic","floor":20.0,"relics_lost":["Vajra"],"gold_loss":0.0,"damage_taken":0.0,"relics_obtained":["Nloth\u0027s Gift"]},{"damage_healed":0.0,"max_hp_gain":0.0,"max_hp_loss":0.0,"gold_gain":0.0,"event_name":"The Mausoleum","player_choice":"Ignored","floor":25.0,"gold_loss":0.0,"damage_taken":0.0},{"damage_healed":0.0,"max_hp_gain":0.0,"max_hp_loss":0.0,"gold_gain":0.0,"event_name":"Accursed Blacksmith","player_choice":"Rummage","floor":28.0,"gold_loss":0.0,"damage_taken":0.0,"relics_obtained":["WarpedTongs"],"cards_obtained":["Pain"]},{"damage_healed":0.0,"max_hp_gain":0.0,"max_hp_loss":0.0,"gold_gain":0.0,"event_name":"Winding Halls","player_choice":"Embrace Madness","floor":36.0,"gold_loss":0.0,"damage_taken":14.0,"cards_obtained":["Madness","Madness"]},{"damage_healed":0.0,"max_hp_gain":0.0,"max_hp_loss":0.0,"gold_gain":0.0,"event_name":"Tomb of Lord Red Mask","player_choice":"Ignored","floor":38.0,"gold_loss":0.0,"damage_taken":0.0},{"damage_healed":0.0,"max_hp_gain":0.0,"max_hp_loss":0.0,"gold_gain":0.0,"event_name":"SensoryStone","player_choice":"Memory 3","floor":47.0,"gold_loss":0.0,"damage_taken":10.0}],"is_beta":false,"boss_relics":[{"not_picked":["Orrery","Eternal Feather"],"picked":"Runic Pyramid"},{"not_picked":["White Beast Statue","Calling Bell"],"picked":"Fusion Hammer"}],"items_purged_floors":[3,10,30],"is_endless":false,"potions_floor_spawned":[5,14,19,22,31,33,37,42],"killed_by":"Time Eater","ascension_level":20}