{"path_per_floor":["M","$","?","M","?","E","M","M","T","M","R","E","M","M","R","B",null,"M","?","?","M","?","R","E","R","T","M","?","M","M","E","R","B",null,"M","M","$","M","$","E","M","?","T","?","M","M","R","E","R","B"],"character_chosen":"IRONCLAD","items_purchased":["Blind","Flex","Tiny Chest","Heavy Blade+1","Dropkick+1","Vajra","Peace Pipe","Apotheosis","Metallicize"],"gold_per_floor":[144,48,48,93,93,183,228,273,273,318,318,408,453,498,498,798,798,798,798,798,843,1203,1203,1293,1293,1318,1363,1286,1331,1376,1466,1466,1766,1766,1811,1856,1520,1565,787,877,922,922,922,922,967,1012,1012,1102,1102,1102],"floor_reached":51,"campfire_rested":5,"playtime":1827,"item_purchase_floors":[2,37,37,37,37,39,39,39,39],"current_hp_per_floor":[90,90,72,69,57,46,52,57,57,63,90,90,90,90,90,90,90,90,90,90,90,36,63,71,90,90,90,90,87,90,90,90,61,90,86,90,90,83,83,90,90,106,106,100,112,117,117,119,119,98],"items_purged":["Decay","Defend_R"],"gold":1102,"score":1461,"play_id":"78051fe3-5ebe-4c16-8876-7545ac2c3293","local_time":"20180624102659","daily_mods":["Heirloom","Midas","Vintage"],"is_prod":false,"is_daily":true,"chose_seed":false,"is_ascension_mode":false,"campfire_upgraded":0,"win_rate":0,"timestamp":1529812619,"campfire_choices":[{"floor":11,"key":"REST"},{"floor":15,"key":"REST"},{"floor":23,"key":"REST"},{"floor":25,"key":"REST"},{"floor":32,"key":"REST"},{"data":"Strike_R+1","floor":47,"key":"PURGE"},{"data":"Strike_R+1","floor":49,"key":"PURGE"}],"path_taken":["M","$","?","?","?","E","M","M","T","M","R","E","?","M","R","BOSS","M","?","?","?","?","R","E","R","T","M","?","?","M","E","R","BOSS","M","M","$","M","$","E","?","?","T","?","M","M","R","E","R","BOSS"],"build_version":"2018-06-21","seed_source_timestamp":0,"purchased_purges":2,"circlet_count":0,"victory":true,"master_deck":["Strike_R+1","Defend_R+1","Defend_R","Bash","Blind+1","Inflame","Twin Strike+1","Limit Break","Power Through+1","True Grit+1","Ghostly Armor+1","Mind Blast+1","J.A.X.","Body Slam+1","Bludgeon+1","Flex","Heavy Blade+1","Dropkick+1","Apotheosis","Metallicize","Sword Boomerang+1","Secret Technique"],"max_hp_per_floor":[90,90,90,90,90,90,90,90,90,90,90,90,90,90,90,90,90,90,90,90,90,90,90,90,90,90,90,90,90,90,90,90,90,90,90,90,90,90,90,92,92,106,106,110,117,117,117,119,119,119],"special_seed":17706,"relics":["Burning Blood","Red Skull","Pear","Whetstone","Thread and Needle","Orichalcum","War Paint","Pen Nib","Mummified Hand","Molten Egg 2","Lantern","Bag of Preparation","Blood Vial","Paper Frog","Astrolabe","Bag of Marbles","Ginger","Oddly Smooth Stone","Singing Bowl","Happy Flower","Charon\u0027s Ashes","Ornamental Fan","Ancient Tea Set","Dream Catcher","Sozu","Turnip","Meat on the Bone","Tiny Chest","Omamori","Vajra","Peace Pipe","Blue Candle","Regal Pillow","Mango","Kunai","Strawberry","Pantograph","Question Card"],"card_choices":[{"not_picked":["Entrench","Seeing Red"],"picked":"Inflame","floor":6},{"not_picked":["Flame Barrier","Clothesline+1"],"picked":"Twin Strike+1","floor":12},{"not_picked":["Juggernaut","Fiend Fire+1"],"picked":"Limit Break","floor":16},{"not_picked":["Wild Strike+1","True Grit","Sever Soul+1"],"picked":"SKIP","floor":24},{"not_picked":["Reckless Charge+1","Iron Wave+1"],"picked":"Body Slam+1","floor":31},{"not_picked":["Exhume","Dark Embrace"],"picked":"Bludgeon+1","floor":33},{"not_picked":["Flame Barrier","Sentinel","Warcry"],"picked":"Singing Bowl","floor":40},{"not_picked":["Clothesline+1","Wild Strike+1"],"picked":"Sword Boomerang+1","floor":42},{"not_picked":["Magnetism","Blind"],"picked":"Secret Technique","floor":44},{"not_picked":["Good Instincts","Secret Technique","Dramatic Entrance+1"],"picked":"Singing Bowl","floor":44},{"not_picked":["Secret Weapon","Deep Breath","Thinking Ahead"],"picked":"Singing Bowl","floor":44},{"not_picked":["Entrench","Havoc+1","Evolve+1"],"picked":"Singing Bowl","floor":48}],"player_experience":109401,"potions_floor_usage":[16,16,31,31,33,42],"damage_taken":[{"damage":3,"enemies":"Small Slimes","floor":1,"turns":3},{"damage":9,"enemies":"2 Louse","floor":4,"turns":3},{"damage":17,"enemies":"Lagavulin","floor":6,"turns":6},{"damage":0,"enemies":"Cultist","floor":7,"turns":3},{"damage":1,"enemies":"Blue Slaver","floor":8,"turns":3},{"damage":0,"enemies":"2 Fungi Beasts","floor":10,"turns":3},{"damage":0,"enemies":"3 Sentries","floor":12,"turns":6},{"damage":0,"enemies":"Red Slaver","floor":13,"turns":2},{"damage":0,"enemies":"Large Slime","floor":14,"turns":3},{"damage":0,"enemies":"Slime Boss","floor":16,"turns":3},{"damage":2,"enemies":"2 Thieves","floor":18,"turns":5},{"damage":3,"enemies":"3 Byrds","floor":21,"turns":7},{"damage":0,"enemies":"Slavers","floor":24,"turns":7},{"damage":3,"enemies":"Cultist and Chosen","floor":27,"turns":6},{"damage":9,"enemies":"3 Cultists","floor":29,"turns":6},{"damage":3,"enemies":"Chosen and Byrds","floor":30,"turns":2},{"damage":3,"enemies":"Gremlin Leader","floor":31,"turns":8},{"damage":35,"enemies":"Champ","floor":33,"turns":8},{"damage":10,"enemies":"Flame Bruiser 1 Orb","floor":35,"turns":5},{"damage":3,"enemies":"Orb Walker","floor":36,"turns":3},{"damage":13,"enemies":"Maw","floor":38,"turns":4},{"damage":3,"enemies":"2 Orb Walkers","floor":40,"turns":2},{"damage":8,"enemies":"4 Shapes","floor":41,"turns":4},{"damage":0,"floor":42,"turns":2},{"damage":3,"enemies":"3 Darklings","floor":45,"turns":5},{"damage":3,"enemies":"Transient","floor":46,"turns":5},{"damage":3,"enemies":"Giant Head","floor":48,"turns":3},{"damage":27,"enemies":"Awakened One","floor":50,"turns":8}],"relics_obtained":[{"floor":1,"key":"Pear"},{"floor":4,"key":"Whetstone"},{"floor":6,"key":"Orichalcum"},{"floor":7,"key":"War Paint"},{"floor":8,"key":"Pen Nib"},{"floor":9,"key":"Mummified Hand"},{"floor":10,"key":"Molten Egg 2"},{"floor":12,"key":"Lantern"},{"floor":13,"key":"Bag of Preparation"},{"floor":14,"key":"Blood Vial"},{"floor":16,"key":"Paper Frog"},{"floor":18,"key":"Bag of Marbles"},{"floor":21,"key":"Ginger"},{"floor":24,"key":"Oddly Smooth Stone"},{"floor":26,"key":"Singing Bowl"},{"floor":27,"key":"Happy Flower"},{"floor":29,"key":"Charon\u0027s Ashes"},{"floor":30,"key":"Ornamental Fan"},{"floor":31,"key":"Ancient Tea Set"},{"floor":33,"key":"Dream Catcher"},{"floor":35,"key":"Turnip"},{"floor":36,"key":"Meat on the Bone"},{"floor":38,"key":"Omamori"},{"floor":40,"key":"Blue Candle"},{"floor":41,"key":"Regal Pillow"},{"floor":42,"key":"Mango"},{"floor":43,"key":"Kunai"},{"floor":45,"key":"Strawberry"},{"floor":46,"key":"Pantograph"},{"floor":48,"key":"Question Card"}],"event_choices":[{"event_name":"Shining Light","player_choice":"Entered Light","floor":3,"damage_taken":0},{"event_name":"Scrap Ooze","player_choice":"success","floor":5,"damage_taken":12},{"event_name":"Wheel of Change","player_choice":"Curse","floor":19,"damage_taken":0},{"event_name":"Vampires","player_choice":"Ignored","floor":20,"damage_taken":0},{"event_name":"Knowing Skull","player_choice":"GOLD GOLD GOLD GOLD CARD ","floor":22,"damage_taken":0},{"event_name":"Drug Dealer","player_choice":"Got JAXXED","floor":28,"damage_taken":0},{"event_name":"MindBloom","player_choice":"Fight","floor":42,"damage_taken":0},{"event_name":"SensoryStone","player_choice":"Memory 3","floor":44,"damage_taken":0}],"boss_relics":[{"not_picked":["White Beast Statue","Runic Cube"],"picked":"Astrolabe"},{"not_picked":["Black Blood","Orrery"],"picked":"Sozu"}],"items_purged_floors":[37,39],"is_endless":false,"potions_floor_spawned":[1,6,8,10,16,29,30,31,33,40,41,45],"seed_played":"1648767843045410124","ascension_level":0,"potions_obtained":[{"floor":1,"key":"Ancient Potion"},{"floor":6,"key":"SteroidPotion"},{"floor":8,"key":"SkillPotion"},{"floor":10,"key":"FearPotion"},{"floor":16,"key":"GamblersBrew"},{"floor":29,"key":"Ancient Potion"},{"floor":30,"key":"Energy Potion"},{"floor":31,"key":"Fire Potion"},{"floor":33,"key":"Fire Potion"}],"is_trial":false}