{"gold_per_floor":[113,133,133,144,154,182,182,202,232,250,276,286,306,333,333,412,412,423,423,423,434,359,386,486,511,511,546,557,265,279,294,294,368,368,382,402,449,246,262,296,296,325,375,408,79,79,79,114,114,114],"floor_reached":51,"playtime":10686,"items_purged":["Writhe","Strike_R","Strike_R","Strike_R"],"score":1489,"play_id":"8ad2ffd6-bb8d-44ad-abc1-6b051054dcf1","local_time":"20190621215250","is_ascension_mode":true,"campfire_choices":[{"data":"Uppercut","floor":7,"key":"SMITH"},{"floor":15,"key":"REST"},{"floor":32,"key":"REST"},{"data":"1","floor":41,"key":"LIFT"},{"data":"2","floor":46,"key":"LIFT"},{"floor":49,"key":"REST"}],"neow_cost":"NONE","seed_source_timestamp":2866092855208,"circlet_count":0,"master_deck":["AscendersBane","Strike_R","Strike_R","Defend_R","Defend_R+1","Defend_R","Defend_R","Bash","Corruption+1","Body Slam","Uppercut+1","Havoc","Carnage","Pummel","Heavy Blade","Sentinel","Shockwave","Whirlwind","Exhume","Spot Weakness","Whirlwind+1","Flame Barrier+1","Sentinel","Infernal Blade","Metallicize+1","Feel No Pain+1","Limit Break","Spot Weakness","Limit Break","Havoc","Intimidate+1","Shrug It Off","Havoc","Armaments+1","Pummel","Shrug It Off","Havoc","Exhume","Armaments","Offering"],"relics":["Burning Blood","Blood Vial","PreservedInsect","Tiny Chest","Pen Nib","Ornamental Fan","Fusion Hammer","Vajra","Frozen Egg 2","Thread and Needle","Girya","Bottled Lightning","Sundial","Torii","Du-Vu Doll","War Paint","Runic Dome","Gambling Chip","The Courier","Gremlin Horn","Strawberry","Juzu Bracelet","Bag of Marbles","Prayer Wheel"],"potions_floor_usage":[4,6,12,14,21,23,30,33,33,39,44],"damage_taken":[{"damage":4,"enemies":"2 Louse","floor":1,"turns":4},{"damage":6,"enemies":"Cultist","floor":2,"turns":4},{"damage":7,"enemies":"Small Slimes","floor":4,"turns":3},{"damage":10,"enemies":"Blue Slaver","floor":5,"turns":5},{"damage":35,"enemies":"3 Sentries","floor":6,"turns":9},{"damage":20,"enemies":"Gremlin Gang","floor":8,"turns":7},{"damage":0,"enemies":"Large Slime","floor":10,"turns":5},{"damage":10,"enemies":"Gremlin Nob","floor":11,"turns":3},{"damage":21,"enemies":"Exordium Wildlife","floor":12,"turns":4},{"damage":10,"enemies":"Red Slaver","floor":13,"turns":3},{"damage":10,"enemies":"Lagavulin","floor":14,"turns":5},{"damage":42,"enemies":"Slime Boss","floor":16,"turns":8},{"damage":8,"enemies":"Chosen","floor":18,"turns":4},{"damage":15,"enemies":"Shell Parasite","floor":21,"turns":5},{"damage":2,"enemies":"Slavers","floor":23,"turns":3},{"damage":19,"enemies":"Colosseum Slavers","floor":24,"turns":4},{"damage":16,"enemies":"Colosseum Nobs","floor":24,"turns":3},{"damage":14,"enemies":"Gremlin Leader","floor":25,"turns":3},{"damage":17,"enemies":"Book of Stabbing","floor":27,"turns":6},{"damage":17,"enemies":"Shelled Parasite and Fungi","floor":28,"turns":4},{"damage":0,"enemies":"3 Cultists","floor":30,"turns":3},{"damage":0,"enemies":"Centurion and Healer","floor":31,"turns":4},{"damage":35,"enemies":"Champ","floor":33,"turns":8},{"damage":0,"enemies":"Orb Walker","floor":35,"turns":4},{"damage":1,"enemies":"3 Darklings","floor":36,"turns":3},{"damage":18,"enemies":"2 Orb Walkers","floor":37,"turns":3},{"damage":6,"enemies":"Jaw Worm Horde","floor":39,"turns":4},{"damage":1,"enemies":"Giant Head","floor":40,"turns":7},{"damage":2,"enemies":"Nemesis","floor":42,"turns":5},{"damage":2,"enemies":"Giant Head","floor":44,"turns":5},{"damage":39,"enemies":"Nemesis","floor":48,"turns":5},{"damage":21,"enemies":"Awakened One","floor":50,"turns":5}],"seed_played":"2423223905282729597","potions_obtained":[{"floor":1,"key":"Explosive Potion"},{"floor":5,"key":"Strength Potion"},{"floor":10,"key":"SneckoOil"},{"floor":11,"key":"BloodPotion"},{"floor":13,"key":"Weak Potion"},{"floor":18,"key":"SkillPotion"},{"floor":21,"key":"Block Potion"},{"floor":28,"key":"LiquidBronze"},{"floor":31,"key":"Block Potion"},{"floor":37,"key":"AttackPotion"},{"floor":39,"key":"SneckoOil"},{"floor":40,"key":"SkillPotion"},{"floor":48,"key":"Poison Potion"}],"is_trial":false,"path_per_floor":["M","M","?","M","M","E","R","M","T","M","E","M","M","E","R","B",null,"M","?","T","M","$","E","?","E","T","E","M","$","M","M","R","B",null,"M","M","?","$","M","E","R","E","T","E","$","R","T","E","R","B",null],"character_chosen":"IRONCLAD","items_purchased":["Feel No Pain+1","War Paint","Shrug It Off","Havoc","Havoc","Exhume","BloodPotion","Armaments"],"campfire_rested":3,"item_purchase_floors":[29,29,38,38,45,45,45,45],"current_hp_per_floor":[72,74,74,74,71,44,44,32,32,40,38,32,30,28,50,16,60,60,60,60,53,53,59,40,34,34,25,16,16,24,32,54,27,63,71,75,63,63,65,72,72,75,82,82,82,82,82,49,73,60],"gold":114,"neow_bonus":"RANDOM_COMMON_RELIC","is_prod":false,"is_daily":false,"chose_seed":false,"campfire_upgraded":1,"win_rate":0,"timestamp":1561171970,"path_taken":["M","M","?","M","M","E","R","M","T","M","E","?","M","E","R","BOSS","M","?","?","?","$","E","?","E","T","E","M","$","M","M","R","BOSS","M","M","?","$","M","E","R","E","T","E","$","R","?","E","R","BOSS"],"build_version":"2019-01-23","purchased_purges":4,"victory":true,"max_hp_per_floor":[75,75,75,75,75,75,75,75,75,75,75,75,75,75,75,75,75,75,75,75,75,75,75,75,75,75,75,75,75,75,75,75,75,75,75,75,75,75,75,75,75,75,82,82,82,82,82,82,82,82],"card_choices":[{"not_picked":["Pommel Strike","Anger"],"picked":"Corruption","floor":1},{"not_picked":["Anger","Thunderclap"],"picked":"Body Slam","floor":2},{"not_picked":["Warcry","Body Slam"],"picked":"Uppercut","floor":4},{"not_picked":["Sword Boomerang","Wild Strike","Brutality"],"picked":"SKIP","floor":5},{"not_picked":["Heavy Blade","Armaments"],"picked":"Havoc","floor":6},{"not_picked":["Dual Wield","Evolve"],"picked":"Carnage","floor":8},{"not_picked":["Reckless Charge","Cleave"],"picked":"Pummel","floor":10},{"not_picked":["True Grit","Anger"],"picked":"Heavy Blade","floor":11},{"not_picked":["Body Slam","Warcry"],"picked":"Sentinel","floor":12},{"not_picked":["Pummel","Inflame"],"picked":"Shockwave","floor":13},{"not_picked":["Dropkick","Inflame"],"picked":"Whirlwind","floor":14},{"not_picked":["Impervious","Berserk"],"picked":"Exhume","floor":16},{"not_picked":["Pommel Strike","Battle Trance"],"picked":"Spot Weakness","floor":18},{"not_picked":["Perfected Strike","Wild Strike"],"picked":"Whirlwind+1","floor":21},{"not_picked":["Havoc","Rage"],"picked":"Flame Barrier","floor":23},{"not_picked":["Rupture+1","Clothesline"],"picked":"Sentinel","floor":24},{"not_picked":["Clothesline","Wild Strike+1","Anger"],"picked":"SKIP","floor":25},{"not_picked":["Clothesline","Blood for Blood"],"picked":"Infernal Blade","floor":27},{"not_picked":["Corruption+1","Perfected Strike"],"picked":"Metallicize+1","floor":28},{"not_picked":["True Grit","Dual Wield"],"picked":"Limit Break","floor":30},{"not_picked":["Anger","Havoc"],"picked":"Spot Weakness","floor":31},{"not_picked":["Dark Embrace+1","Fiend Fire"],"picked":"Limit Break","floor":33},{"not_picked":["Flex","Warcry","Iron Wave"],"picked":"SKIP","floor":35},{"not_picked":["Warcry+1","True Grit"],"picked":"Havoc","floor":36},{"not_picked":["Clash","Armaments"],"picked":"Intimidate+1","floor":37},{"not_picked":["Reckless Charge","Fire Breathing+1"],"picked":"Armaments+1","floor":39},{"not_picked":["Wild Strike","Warcry","Combust+1"],"picked":"SKIP","floor":40},{"not_picked":["True Grit","Sever Soul"],"picked":"Pummel","floor":42},{"not_picked":["Whirlwind+1","Fire Breathing+1"],"picked":"Shrug It Off","floor":44},{"not_picked":["Clothesline","Iron Wave"],"picked":"Offering","floor":48}],"player_experience":1348554,"relics_obtained":[{"floor":6,"key":"PreservedInsect"},{"floor":9,"key":"Tiny Chest"},{"floor":11,"key":"Pen Nib"},{"floor":14,"key":"Ornamental Fan"},{"floor":20,"key":"Frozen Egg 2"},{"floor":23,"key":"Thread and Needle"},{"floor":24,"key":"Girya"},{"floor":24,"key":"Bottled Lightning"},{"floor":25,"key":"Sundial"},{"floor":26,"key":"Torii"},{"floor":27,"key":"Du-Vu Doll"},{"floor":37,"key":"Gambling Chip"},{"floor":40,"key":"The Courier"},{"floor":42,"key":"Gremlin Horn"},{"floor":43,"key":"Strawberry"},{"floor":44,"key":"Juzu Bracelet"},{"floor":47,"key":"Bag of Marbles"},{"floor":48,"key":"Prayer Wheel"}],"event_choices":[{"damage_healed":0,"gold_gain":0,"player_choice":"Upgraded","damage_taken":0,"max_hp_gain":0,"max_hp_loss":0,"event_name":"Upgrade Shrine","floor":3,"gold_loss":0,"cards_upgraded":["Corruption"]},{"damage_healed":0,"gold_gain":0,"player_choice":"Opened","damage_taken":0,"relics_obtained":["Vajra"],"max_hp_gain":0,"max_hp_loss":0,"event_name":"The Mausoleum","floor":19,"gold_loss":0,"cards_obtained":["Writhe"]},{"damage_healed":0,"gold_gain":0,"player_choice":"Fight","damage_taken":0,"max_hp_gain":0,"max_hp_loss":0,"event_name":"Colosseum","floor":24,"gold_loss":0},{"damage_healed":0,"gold_gain":0,"player_choice":"Fought Nobs","damage_taken":0,"max_hp_gain":0,"max_hp_loss":0,"event_name":"Colosseum","floor":24,"gold_loss":0},{"damage_healed":0,"gold_gain":0,"player_choice":"Fight","damage_taken":0,"max_hp_gain":0,"max_hp_loss":0,"event_name":"Mysterious Sphere","floor":37,"gold_loss":0}],"is_beta":false,"boss_relics":[{"not_picked":["Orrery","Empty Cage"],"picked":"Fusion Hammer"},{"not_picked":["Lizard Tail","Astrolabe"],"picked":"Runic Dome"}],"items_purged_floors":[22,29,38,45],"is_endless":false,"potions_floor_spawned":[1,5,10,11,13,18,21,28,31,37,39,40,48],"ascension_level":15}