{"gold_per_floor":[211,18,30,30,100,100,118,130,130,130,157,157,176,193,193,292,292,306,318,338,338,338,338,351,69,69,69,89,89,89,108,108,108],"floor_reached":33,"playtime":1317,"items_purged":[],"score":276,"play_id":"1beb689d-e248-42a8-88b8-44ffe6ddb01d","local_time":"20190929134014","is_ascension_mode":false,"campfire_choices":[{"data":"Strike_R","floor":6,"key":"SMITH"},{"data":"Flex","floor":10,"key":"SMITH"},{"floor":15,"key":"REST"},{"floor":23,"key":"REST"},{"floor":27,"key":"REST"},{"data":"Whirlwind","floor":30,"key":"SMITH"},{"floor":32,"key":"REST"}],"neow_cost":"NONE","seed_source_timestamp":1019362788357800,"circlet_count":0,"master_deck":["Strike_R+1","Strike_R","Strike_R","Strike_R","Strike_R","Defend_R","Defend_R","Defend_R","Defend_R","Bash","Thunderclap","Clash","Flex+1","Flex+1","Heavy Blade","Clash","Perfected Strike+1","Whirlwind+1","Whirlwind","Flex","Flex+1"],"relics":["Burning Blood","Sling","Gremlin Horn","Bird Faced Urn","White Beast Statue","Chemical X","Blood Vial","Mummified Hand"],"potions_floor_usage":[11,16,18,20,21,21,28,28,31,33],"damage_taken":[{"damage":0,"enemies":"Small Slimes","floor":1,"turns":3},{"damage":11,"enemies":"Jaw Worm","floor":3,"turns":2},{"damage":0,"enemies":"Cultist","floor":7,"turns":2},{"damage":16,"enemies":"Exordium Wildlife","floor":8,"turns":5},{"damage":26,"enemies":"Lagavulin","floor":11,"turns":4},{"damage":13,"enemies":"Red Slaver","floor":13,"turns":2},{"damage":18,"enemies":"Exordium Thugs","floor":14,"turns":2},{"damage":55,"enemies":"Slime Boss","floor":16,"turns":14},{"damage":17,"enemies":"Shell Parasite","floor":18,"turns":4},{"damage":25,"enemies":"2 Thieves","floor":19,"turns":3},{"damage":20,"enemies":"Chosen and Byrds","floor":20,"turns":3},{"damage":29,"enemies":"Shelled Parasite and Fungi","floor":21,"turns":3},{"damage":32,"enemies":"Snake Plant","floor":24,"turns":3},{"damage":6,"enemies":"Centurion and Healer","floor":28,"turns":4},{"damage":39,"enemies":"Shelled Parasite and Fungi","floor":31,"turns":3},{"damage":51,"enemies":"Champ","floor":33,"turns":5}],"seed_played":"-8371755251269204152","potions_obtained":[{"floor":7,"key":"FearPotion"},{"floor":13,"key":"Dexterity Potion"},{"floor":16,"key":"Energy Potion"},{"floor":18,"key":"Ancient Potion"},{"floor":19,"key":"SmokeBomb"},{"floor":20,"key":"SteroidPotion"},{"floor":24,"key":"PowerPotion"},{"floor":28,"key":"EssenceOfSteel"},{"floor":31,"key":"Poison Potion"}],"is_trial":false,"path_per_floor":["M","$","M","?","?","R","M","M","T","R","E","$","M","M","R","B",null,"M","M","M","M","?","R","M","$","T","R","M","T","R","M","R","B"],"character_chosen":"IRONCLAD","items_purchased":["Sling","Chemical X","Whirlwind","Strength Potion"],"campfire_rested":4,"item_purchase_floors":[2,25,25,25],"current_hp_per_floor":[80,80,75,80,80,80,85,75,75,75,55,55,48,36,61,12,85,74,55,41,18,18,43,17,17,17,42,46,46,46,15,40,0],"gold":108,"neow_bonus":"HUNDRED_GOLD","is_prod":false,"is_daily":false,"chose_seed":false,"campfire_upgraded":3,"win_rate":0.0,"timestamp":1569757214,"path_taken":["M","$","M","?","?","R","M","?","T","R","E","$","M","M","R","BOSS","M","M","?","M","?","R","?","$","T","R","M","?","R","M","R","BOSS"],"build_version":"2019-07-17","purchased_purges":0,"victory":false,"max_hp_per_floor":[80,80,80,85,85,85,85,85,85,85,85,85,85,85,85,85,85,85,85,85,85,85,85,85,85,85,85,85,85,85,85,85,85],"card_choices":[{"not_picked":["Reckless Charge","Iron Wave"],"picked":"Thunderclap","floor":1},{"not_picked":["Reckless Charge","Sword Boomerang"],"picked":"Clash","floor":3},{"not_picked":["Flame Barrier","Warcry","Perfected Strike"],"picked":"SKIP","floor":7},{"not_picked":["Corruption","Clothesline"],"picked":"Flex","floor":8},{"not_picked":["Ghostly Armor","Sever Soul"],"picked":"Flex","floor":11},{"not_picked":["Headbutt","Metallicize"],"picked":"Heavy Blade","floor":13},{"not_picked":["Brutality","Armaments","Feel No Pain"],"picked":"SKIP","floor":14},{"not_picked":["Havoc","Thunderclap"],"picked":"Clash","floor":18},{"not_picked":["Metallicize","Rage"],"picked":"Perfected Strike+1","floor":19},{"not_picked":["Body Slam+1","Pummel","Thunderclap"],"picked":"SKIP","floor":20},{"not_picked":["Clash+1","Battle Trance"],"picked":"Whirlwind","floor":24},{"not_picked":["Thunderclap","Twin Strike"],"picked":"Flex","floor":28},{"not_picked":["Sever Soul","Armaments+1"],"picked":"Flex+1","floor":31}],"player_experience":64463,"relics_obtained":[{"floor":9,"key":"Gremlin Horn"},{"floor":11,"key":"Bird Faced Urn"},{"floor":26,"key":"Blood Vial"},{"floor":29,"key":"Mummified Hand"}],"event_choices":[{"damage_healed":0,"gold_gain":0,"player_choice":"Donut","damage_taken":0,"max_hp_gain":5,"max_hp_loss":0,"event_name":"Big Fish","floor":4,"gold_loss":0},{"damage_healed":0,"gold_gain":70,"player_choice":"Gained Gold","damage_taken":0,"max_hp_gain":0,"max_hp_loss":0,"event_name":"Golden Wing","floor":5,"gold_loss":0},{"damage_healed":0,"gold_gain":0,"player_choice":"Upgraded","damage_taken":0,"max_hp_gain":0,"max_hp_loss":0,"event_name":"Upgrade Shrine","floor":22,"gold_loss":0,"cards_upgraded":["Flex"]}],"is_beta":false,"boss_relics":[{"not_picked":["Empty Cage","Lizard Tail"],"picked":"White Beast Statue"}],"items_purged_floors":[],"is_endless":false,"potions_floor_spawned":[7,13,16,18,19,20,21,24,28,31],"killed_by":"Champ","ascension_level":0}