{"gold_per_floor":[114,128,143,123,26,60,60,92,92,121,138,138,168,181,181,281,281,300,89,103,114,130,130,160,160,187,198,198,213,5,25,25,25],"floor_reached":33,"playtime":1821,"items_purged":[],"score":434,"play_id":"82e2efbc-3241-44c5-b1b1-303f47b735ae","local_time":"20190929233255","is_ascension_mode":true,"campfire_choices":[{"floor":7,"key":"REST"},{"floor":12,"key":"REST"},{"data":"Wild Strike","floor":15,"key":"SMITH"},{"floor":23,"key":"REST"},{"floor":28,"key":"REST"},{"data":"Barricade","floor":32,"key":"SMITH"}],"neow_cost":"PERCENT_DAMAGE","seed_source_timestamp":1498887630404700,"circlet_count":0,"master_deck":["Strike_R","Strike_R","Strike_R","Strike_R","Defend_R","Defend_R","Defend_R","Bash","Perfected Strike","Clash","Wild Strike+1","Metallicize","Shrug It Off","Shockwave","Shrug It Off","Rampage+1","Perfected Strike+1","Whirlwind+1","Sword Boomerang+1","Bludgeon+1","Body Slam+1","Armaments","Sword Boomerang+1","Pommel Strike+1","Iron Wave+1","Barricade+1","Body Slam+1","Entrench+1","Power Through+1"],"relics":["Burning Blood","Lizard Tail","Regal Pillow","Self Forming Clay","Anchor","Molten Egg 2","Boot","Empty Cage","Strange Spoon","Happy Flower","Bag of Preparation","Lee\u0027s Waffle"],"potions_floor_usage":[8,8,10,11,22,24,27,31,33],"damage_taken":[{"damage":7,"enemies":"2 Louse","floor":1,"turns":4},{"damage":6,"enemies":"Cultist","floor":2,"turns":3},{"damage":12,"enemies":"Small Slimes","floor":3,"turns":3},{"damage":19,"enemies":"3 Sentries","floor":6,"turns":8},{"damage":40,"enemies":"Lagavulin","floor":8,"turns":7},{"damage":28,"enemies":"3 Sentries","floor":10,"turns":10},{"damage":10,"enemies":"Exordium Thugs","floor":11,"turns":4},{"damage":19,"enemies":"Gremlin Nob","floor":13,"turns":4},{"damage":3,"enemies":"Blue Slaver","floor":14,"turns":2},{"damage":39,"enemies":"The Guardian","floor":16,"turns":11},{"damage":8,"enemies":"Spheric Guardian","floor":18,"turns":3},{"damage":21,"enemies":"2 Thieves","floor":20,"turns":4},{"damage":19,"enemies":"Snake Plant","floor":21,"turns":4},{"damage":0,"enemies":"3 Cultists","floor":22,"turns":2},{"damage":72,"enemies":"Gremlin Leader","floor":24,"turns":7},{"damage":4,"enemies":"Cultist and Chosen","floor":27,"turns":7},{"damage":10,"enemies":"Snecko","floor":29,"turns":4},{"damage":0,"enemies":"3 Cultists","floor":31,"turns":6},{"damage":141,"enemies":"Automaton","floor":33,"turns":10}],"seed_played":"-625159649154899983","potions_obtained":[{"floor":2,"key":"SpeedPotion"},{"floor":3,"key":"BloodPotion"},{"floor":4,"key":"Block Potion"},{"floor":6,"key":"Block Potion"},{"floor":8,"key":"DuplicationPotion"},{"floor":14,"key":"HeartOfIron"},{"floor":16,"key":"Energy Potion"},{"floor":20,"key":"Swift Potion"},{"floor":21,"key":"PowerPotion"},{"floor":24,"key":"Strength Potion"}],"is_trial":false,"path_per_floor":["M","M","M","?","$","E","R","E","T","E","M","R","E","M","R","B",null,"M","$","M","M","M","R","E","?","T","M","R","M","$","M","R","B"],"character_chosen":"IRONCLAD","items_purchased":["Metallicize","Shrug It Off","Strange Spoon","Armaments","Lee\u0027s Waffle","Explosive Potion"],"campfire_rested":4,"item_purchase_floors":[5,5,19,19,30,30],"current_hp_per_floor":[50,50,44,44,44,31,70,36,36,30,26,65,52,55,55,22,66,64,64,49,36,42,80,14,6,6,8,47,43,87,87,87,0],"gold":25,"neow_bonus":"ONE_RARE_RELIC","is_prod":false,"is_daily":false,"chose_seed":false,"campfire_upgraded":2,"win_rate":0,"timestamp":1569814375,"path_taken":["M","M","M","?","$","E","R","E","T","E","M","R","E","M","R","BOSS","M","$","M","?","M","R","E","?","T","?","R","M","$","M","R","BOSS"],"build_version":"2019-09-27","purchased_purges":0,"victory":false,"max_hp_per_floor":[80,80,80,80,80,80,80,80,80,80,80,80,80,80,80,80,80,80,80,80,80,80,80,80,80,80,80,80,80,87,87,87,87],"card_choices":[{"not_picked":["Sentinel","Seeing Red"],"picked":"Perfected Strike","floor":1},{"not_picked":["Thunderclap","Entrench"],"picked":"Clash","floor":2},{"not_picked":["Power Through","Sword Boomerang"],"picked":"Wild Strike","floor":3},{"not_picked":["Double Tap","Battle Trance"],"picked":"Shockwave","floor":6},{"not_picked":["Flex","Burning Pact"],"picked":"Shrug It Off","floor":8},{"not_picked":["Shockwave","Dropkick"],"picked":"Rampage","floor":10},{"not_picked":["Body Slam+1","Pommel Strike+1"],"picked":"Perfected Strike+1","floor":11},{"not_picked":["Warcry","Armaments"],"picked":"Whirlwind+1","floor":13},{"not_picked":["Fire Breathing","Reaper+1"],"picked":"Sword Boomerang+1","floor":14},{"not_picked":["Dark Embrace","Berserk"],"picked":"Bludgeon+1","floor":16},{"not_picked":["Clash+1","Heavy Blade+1"],"picked":"Body Slam+1","floor":18},{"not_picked":["Armaments","Clash+1"],"picked":"Sword Boomerang+1","floor":20},{"not_picked":["Anger+1","Reaper+1"],"picked":"Pommel Strike+1","floor":21},{"not_picked":["Dropkick+1","Second Wind"],"picked":"Iron Wave+1","floor":22},{"not_picked":["Rage","Disarm"],"picked":"Barricade","floor":24},{"not_picked":["Armaments+1","Ghostly Armor+1"],"picked":"Body Slam+1","floor":27},{"not_picked":["Iron Wave+1","Flex"],"picked":"Entrench+1","floor":29},{"not_picked":["Blood for Blood+1","Thunderclap+1"],"picked":"Power Through+1","floor":31}],"player_experience":202395,"relics_obtained":[{"floor":6,"key":"Regal Pillow"},{"floor":8,"key":"Self Forming Clay"},{"floor":9,"key":"Anchor"},{"floor":10,"key":"Molten Egg 2"},{"floor":13,"key":"Boot"},{"floor":24,"key":"Happy Flower"},{"floor":26,"key":"Bag of Preparation"}],"event_choices":[{"damage_healed":0,"gold_gain":0,"player_choice":"Bought 1 Potion","damage_taken":0,"max_hp_gain":0,"max_hp_loss":0,"event_name":"The Woman in Blue","floor":4,"gold_loss":0},{"damage_healed":0,"gold_gain":0,"player_choice":"Damaged","damage_taken":8,"max_hp_gain":0,"max_hp_loss":0,"event_name":"Wheel of Change","floor":25,"gold_loss":0}],"is_beta":true,"boss_relics":[{"not_picked":["Runic Pyramid","Runic Cube"],"picked":"Empty Cage"}],"items_purged_floors":[],"is_endless":false,"potions_floor_spawned":[2,3,6,8,14,16,20,21,24],"killed_by":"Automaton","ascension_level":9}