{"gold_per_floor":[119,41,57,71,84,109,109,109,139,139,182,195,195,238,238,238],"floor_reached":16,"playtime":451,"items_purged":[],"score":240,"play_id":"ab1f164c-9c6b-45af-918e-581dc5e319e4","local_time":"20190821185828","is_ascension_mode":true,"campfire_choices":[{"data":"Uppercut","floor":7,"key":"SMITH"},{"floor":10,"key":"REST"},{"data":"Flame Barrier","floor":15,"key":"SMITH"}],"neow_cost":"NONE","seed_source_timestamp":0,"circlet_count":0,"master_deck":["AscendersBane","Strike_R","Strike_R","Strike_R","Strike_R","Strike_R","Defend_R","Defend_R","Defend_R","Defend_R","Bash","Uppercut+1","Shrug It Off","Flame Barrier+1"],"special_seed":0,"relics":["Snecko Eye","Regal Pillow","Golden Idol","Tiny Chest","Molten Egg 2","Meat on the Bone","Question Card"],"potions_floor_usage":[6,14],"damage_taken":[{"damage":6,"enemies":"Cultist","floor":1,"turns":4},{"damage":7,"enemies":"Jaw Worm","floor":3,"turns":2},{"damage":1,"enemies":"Small Slimes","floor":4,"turns":3},{"damage":1,"enemies":"Exordium Thugs","floor":5,"turns":4},{"damage":34,"enemies":"3 Sentries","floor":6,"turns":12},{"damage":40,"enemies":"Gremlin Nob","floor":11,"turns":5},{"damage":0,"enemies":"Large Slime","floor":12,"turns":3},{"damage":2,"enemies":"Lagavulin","floor":14,"turns":7},{"damage":35,"enemies":"Slime Boss","floor":16,"turns":7}],"seed_played":"6055559050141363752","potions_obtained":[{"floor":1,"key":"Block Potion"},{"floor":6,"key":"Dexterity Potion"},{"floor":11,"key":"SkillPotion"},{"floor":12,"key":"Regen Potion"}],"is_trial":false,"path_per_floor":["M","$","M","M","M","E","R","?","T","R","E","M","?","E","R","B"],"character_chosen":"IRONCLAD","items_purchased":["Uppercut"],"campfire_rested":1,"item_purchase_floors":[2],"current_hp_per_floor":[62,62,55,54,53,19,19,19,19,54,14,14,14,39,39,4],"gold":238,"neow_bonus":"BOSS_RELIC","is_prod":false,"is_daily":false,"chose_seed":false,"campfire_upgraded":2,"win_rate":0,"timestamp":1566388708,"path_taken":["M","?","M","M","M","E","R","?","T","R","E","M","?","E","R","BOSS"],"build_version":"2019-08-15","purchased_purges":0,"victory":false,"max_hp_per_floor":[75,75,75,75,75,75,75,68,68,68,68,68,68,68,68,68],"card_choices":[{"not_picked":["Bloodletting","Armaments","Sword Boomerang"],"picked":"SKIP","floor":1},{"not_picked":["Clash","Combust"],"picked":"Shrug It Off","floor":3},{"not_picked":["Iron Wave","Flex","Infernal Blade"],"picked":"SKIP","floor":4},{"not_picked":["Iron Wave","Second Wind","True Grit"],"picked":"SKIP","floor":5},{"not_picked":["Heavy Blade","Rampage","Fire Breathing"],"picked":"SKIP","floor":6},{"not_picked":["Armaments","Reaper"],"picked":"Flame Barrier","floor":11},{"not_picked":["Headbutt+1","Blood for Blood+1","Cleave+1"],"picked":"SKIP","floor":12},{"not_picked":["Dark Embrace","Brutality","Iron Wave+1"],"picked":"SKIP","floor":14}],"player_experience":1072807,"relics_obtained":[{"floor":6,"key":"Regal Pillow"},{"floor":9,"key":"Tiny Chest"},{"floor":11,"key":"Molten Egg 2"},{"floor":14,"key":"Question Card"}],"event_choices":[{"damage_healed":0,"gold_gain":0,"player_choice":"Lose Max HP","damage_taken":0,"relics_obtained":["Golden Idol"],"max_hp_gain":0,"max_hp_loss":7,"event_name":"Golden Idol","floor":8,"gold_loss":0},{"damage_healed":0,"gold_gain":0,"player_choice":"Gave Potion","damage_taken":0,"relics_obtained":["Meat on the Bone"],"max_hp_gain":0,"max_hp_loss":0,"event_name":"WeMeetAgain","floor":13,"gold_loss":0}],"is_beta":true,"boss_relics":[],"items_purged_floors":[],"is_endless":false,"potions_floor_spawned":[1,6,11,12],"killed_by":"Slime Boss","ascension_level":20}