{"gold_per_floor":[110,70,84,95,95,95,124,136,162,174,174,21,21,21,21,119,119,140,120,76,76],"floor_reached":21,"playtime":3519,"items_purged":["Strike_B"],"score":358,"play_id":"13abb9fe-55f7-4025-8dd4-afac6146d86c","local_time":"20190428164123","is_ascension_mode":true,"campfire_choices":[{"data":"Zap","floor":6,"key":"SMITH"},{"data":"Defragment","floor":13,"key":"SMITH"},{"floor":15,"key":"REST"}],"neow_cost":"NONE","seed_source_timestamp":576398636237786,"circlet_count":0,"master_deck":["AscendersBane","Strike_B","Strike_B","Defend_B","Defend_B","Defend_B","Defend_B","Zap+1","Dualcast","Cold Snap","Glacier","Chill","Conserve Battery","Defragment+1","Genetic Algorithm","Creative AI","Defragment","Hyperbeam","Conserve Battery+1","Hologram+1"],"relics":["Cracked Core","NeowsBlessing","Art of War","Regal Pillow","Golden Idol","Busted Crown"],"potions_floor_usage":[7],"damage_taken":[{"damage":0,"enemies":"Jaw Worm","floor":1,"turns":1},{"damage":0,"enemies":"Small Slimes","floor":3,"turns":1},{"damage":0,"enemies":"Cultist","floor":4,"turns":1},{"damage":31,"enemies":"Lagavulin","floor":7,"turns":10},{"damage":0,"enemies":"2 Fungi Beasts","floor":8,"turns":4},{"damage":0,"enemies":"Large Slime","floor":10,"turns":8},{"damage":19,"enemies":"Hexaghost","floor":16,"turns":12},{"damage":12,"enemies":"Shell Parasite","floor":18,"turns":10},{"damage":14,"enemies":"2 Thieves","floor":20,"turns":5},{"damage":29,"enemies":"Cultist and Chosen","floor":21,"turns":5}],"seed_played":"-6098022334914320121","potions_obtained":[{"floor":1,"key":"Swift Potion"},{"floor":3,"key":"Ancient Potion"},{"floor":8,"key":"Dexterity Potion"},{"floor":20,"key":"AttackPotion"}],"is_trial":false,"path_per_floor":["M","$","M","M","?","R","E","M","T","M","?","$","R","?","R","B",null,"M","?","M","M"],"character_chosen":"DEFECT","items_purchased":["Glacier","Defragment"],"campfire_rested":1,"item_purchase_floors":[2,12],"current_hp_per_floor":[64,64,64,64,57,57,26,26,26,26,26,26,26,8,42,23,54,42,42,28,0],"gold":76,"neow_bonus":"THREE_ENEMY_KILL","is_prod":false,"is_daily":false,"chose_seed":false,"campfire_upgraded":2,"win_rate":0,"timestamp":1556484083,"path_taken":["M","$","M","M","?","R","E","M","T","M","?","?","R","?","R","BOSS","M","?","?","M"],"build_version":"2019-01-23","purchased_purges":1,"victory":false,"max_hp_per_floor":[71,71,71,71,71,71,71,71,71,71,64,64,64,64,64,64,64,64,64,64,64],"card_choices":[{"not_picked":["Genetic Algorithm","Blizzard"],"picked":"Cold Snap","floor":1},{"not_picked":["Beam Cell","Streamline"],"picked":"Chill","floor":3},{"not_picked":["Go for the Eyes","Rip and Tear"],"picked":"Conserve Battery","floor":4},{"not_picked":["Go for the Eyes","Capacitor"],"picked":"Defragment","floor":7},{"not_picked":["Sweeping Beam","Barrage"],"picked":"Genetic Algorithm","floor":8},{"not_picked":["Barrage","Lockon"],"picked":"Creative AI","floor":10},{"not_picked":["All For One","Thunder Strike"],"picked":"Hyperbeam","floor":16},{"not_picked":[],"picked":"Conserve Battery+1","floor":18},{"not_picked":[],"picked":"Hologram+1","floor":20}],"player_experience":804508,"relics_obtained":[{"floor":7,"key":"Art of War"},{"floor":9,"key":"Regal Pillow"}],"event_choices":[{"cards_removed":["Strike_B"],"damage_healed":0,"gold_gain":0,"player_choice":"Card Removal","damage_taken":7,"max_hp_gain":0,"max_hp_loss":0,"event_name":"Golden Wing","floor":5,"gold_loss":0},{"damage_healed":0,"gold_gain":0,"player_choice":"Lose Max HP","damage_taken":0,"relics_obtained":["Golden Idol"],"max_hp_gain":0,"max_hp_loss":7,"event_name":"Golden Idol","floor":11,"gold_loss":0},{"damage_healed":0,"gold_gain":0,"player_choice":"Fled","damage_taken":18,"max_hp_gain":0,"max_hp_loss":0,"event_name":"Scrap Ooze","floor":14,"gold_loss":0},{"damage_healed":0,"gold_gain":0,"player_choice":"Bought 1 Potion","damage_taken":0,"max_hp_gain":0,"max_hp_loss":0,"event_name":"The Woman in Blue","floor":19,"gold_loss":0}],"is_beta":false,"boss_relics":[{"not_picked":["Philosopher\u0027s Stone","Lizard Tail"],"picked":"Busted Crown"}],"items_purged_floors":[12],"is_endless":false,"potions_floor_spawned":[1,3,8,16,20],"killed_by":"Cultist and Chosen","ascension_level":20}