{"gold_per_floor":[111,111,36,54,73,73,91,91,117,117,128,128,160,11,11,108,108,125,125,137,157,57,87,87,87,87,87,122,136,136,146,146,246,246,266,141,160,382,382,412,412,447,496,523,305,305,305,305,305,305],"floor_reached":51,"playtime":5582,"items_purged":["Strike_B","Writhe","Defend_B","Writhe"],"score":1086,"play_id":"16be9fe0-0fdd-42b4-8ef2-854c9da4f097","local_time":"20181010165616","is_ascension_mode":true,"campfire_choices":[{"data":"Sunder","floor":6.0,"key":"SMITH"},{"data":"Zap","floor":8.0,"key":"SMITH"},{"floor":10.0,"key":"REST"},{"data":"Barrage","floor":12.0,"key":"SMITH"},{"floor":15.0,"key":"REST"},{"floor":24.0,"key":"REST"},{"data":"1","floor":27.0,"key":"LIFT"},{"data":"2","floor":30.0,"key":"LIFT"},{"floor":32.0,"key":"REST"},{"data":"3","floor":41.0,"key":"LIFT"},{"data":"Defragment","floor":46.0,"key":"SMITH"},{"data":"Reinforced Body","floor":49.0,"key":"SMITH"}],"neow_cost":"NONE","seed_source_timestamp":517466639879167,"circlet_count":0,"master_deck":["Strike_B","Strike_B","Defend_B","Defend_B","Zap+1","Dualcast","AscendersBane","Sunder+1","Barrage+1","Leap","Cold Snap","Coolheaded","Barrage","Reinforced Body+1","Seek","Barrage+1","FTL","Defragment+1","Ball Lightning+1","Self Repair+1","Conserve Battery+1","Echo Form","Leap+1","Sweeping Beam+1","Tempest+1","Chill+1","Static Discharge+1","Undo"],"special_seed":0,"relics":["Inserter","Anchor","Boot","DataDisk","Cursed Key","Oddly Smooth Stone","Omamori","Girya","Red Mask","Velvet Choker","FossilizedHelix","Pear","Lantern","Juzu Bracelet","Orichalcum"],"potions_floor_usage":[50],"damage_taken":[{"damage":5.0,"enemies":"Jaw Worm","floor":1.0,"turns":5.0},{"damage":1.0,"enemies":"Cultist","floor":4.0,"turns":4.0},{"damage":2.0,"enemies":"2 Louse","floor":5.0,"turns":3.0},{"damage":20.0,"enemies":"Exordium Wildlife","floor":7.0,"turns":5.0},{"damage":8.0,"enemies":"Large Slime","floor":11.0,"turns":6.0},{"damage":17.0,"enemies":"Gremlin Nob","floor":13.0,"turns":4.0},{"damage":2.0,"enemies":"The Guardian","floor":16.0,"turns":12.0},{"damage":0.0,"enemies":"Shell Parasite","floor":18.0,"turns":6.0},{"damage":22.0,"enemies":"2 Thieves","floor":20.0,"turns":4.0},{"damage":20.0,"enemies":"Snake Plant","floor":21.0,"turns":4.0},{"damage":16.0,"enemies":"Gremlin Leader","floor":23.0,"turns":9.0},{"damage":14.0,"enemies":"Masked Bandits","floor":28.0,"turns":4.0},{"damage":0.0,"enemies":"Sentry and Sphere","floor":29.0,"turns":4.0},{"damage":0.0,"enemies":"Cultist and Chosen","floor":31.0,"turns":5.0},{"damage":9.0,"enemies":"Champ","floor":33.0,"turns":8.0},{"damage":21.0,"enemies":"3 Darklings","floor":35.0,"turns":5.0},{"damage":0.0,"enemies":"Orb Walker","floor":37.0,"turns":3.0},{"damage":7.0,"enemies":"Nemesis","floor":40.0,"turns":7.0},{"damage":0.0,"enemies":"2 Orb Walkers","floor":42.0,"turns":3.0},{"damage":1.0,"enemies":"Nemesis","floor":44.0,"turns":7.0},{"damage":9,"enemies":"Donu and Deca","floor":50,"turns":7}],"seed_played":"-1014834563466471820","potions_obtained":[{"floor":5.0,"key":"PowerPotion"},{"floor":13.0,"key":"SteroidPotion"},{"floor":16.0,"key":"Weak Potion"},{"floor":20.0,"key":"EntropicBrew"},{"floor":23.0,"key":"LiquidBronze"},{"floor":29.0,"key":"Swift Potion"},{"floor":31.0,"key":"Strength Potion"},{"floor":35.0,"key":"EssenceOfSteel"},{"floor":44.0,"key":"PowerPotion"}],"is_trial":false,"path_per_floor":["M","?","$","M","M","R","M","R","T","R","M","R","E","$","R","B",null,"M","?","M","M","$","E","R","$","T","R","?","M","R","M","R","B",null,"M","$","M","?","T","E","R","E","T","E","$","R","?","?","R","B"],"character_chosen":"DEFECT","items_purchased":["DataDisk","Undo"],"campfire_rested":4,"item_purchase_floors":[14,45],"current_hp_per_floor":[63,63,63,62,60,60,40,40,40,62,54,54,37,37,59,57,71,71,71,49,29,29,13,35,35,35,35,21,21,21,31,53,54,70,59,59,59,59,59,82,82,82,82,85,85,85,81,81,81,72],"gold":305,"neow_bonus":"BOSS_RELIC","is_prod":false,"is_daily":false,"chose_seed":false,"campfire_upgraded":5,"win_rate":0,"timestamp":1539208576,"path_taken":["M","?","$","M","M","R","M","R","T","R","M","R","E","$","R","BOSS","M","?","M","M","$","E","R","?","T","R","?","M","R","M","R","BOSS","M","$","M","?","?","E","R","E","T","E","$","R","?","?","R","BOSS"],"build_version":"2018-10-04v2","purchased_purges":4,"victory":true,"max_hp_per_floor":[75,75,75,75,75,75,75,75,75,75,75,75,75,75,75,75,75,75,75,75,75,75,75,75,75,75,75,75,75,75,75,75,75,75,75,75,75,75,75,85,85,85,85,85,85,85,81,81,81,81],"card_choices":[{"not_picked":["Rebound","Skim"],"picked":"Sunder","floor":1.0},{"not_picked":["Streamline","Blizzard"],"picked":"Leap","floor":4.0},{"not_picked":["Hologram","Scrape"],"picked":"Cold Snap","floor":5.0},{"not_picked":["Melter","Leap"],"picked":"Coolheaded","floor":7.0},{"not_picked":["Steam Power","Sweeping Beam"],"picked":"Barrage","floor":11.0},{"not_picked":["Coolheaded","Rainbow"],"picked":"Reinforced Body","floor":13.0},{"not_picked":["Multi-Cast","Biased Cognition"],"picked":"Seek","floor":16.0},{"not_picked":["Hello World","Streamline","Redo"],"picked":"SKIP","floor":18.0},{"not_picked":["Recycle+1","Genetic Algorithm"],"picked":"Barrage+1","floor":20.0},{"not_picked":["Doom and Gloom","Streamline"],"picked":"FTL","floor":21.0},{"not_picked":["Reinforced Body+1","Redo"],"picked":"Defragment","floor":23.0},{"not_picked":["Beam Cell","Blizzard"],"picked":"Ball Lightning+1","floor":28.0},{"not_picked":["Aggregate+1","White Noise+1"],"picked":"Self Repair+1","floor":29.0},{"not_picked":["Undo","Go for the Eyes"],"picked":"Conserve Battery+1","floor":31.0},{"not_picked":["Rainbow","Thunder Strike"],"picked":"Echo Form","floor":33.0},{"not_picked":["Blizzard","Turbo"],"picked":"Leap+1","floor":35.0},{"not_picked":["Stack","Steam+1"],"picked":"Sweeping Beam+1","floor":37.0},{"not_picked":["Redo","Conserve Battery+1"],"picked":"Tempest+1","floor":40.0},{"not_picked":["Genetic Algorithm+1","Stack+1"],"picked":"Chill+1","floor":42.0},{"not_picked":["Steam","Streamline+1"],"picked":"Static Discharge+1","floor":44.0}],"player_experience":748730,"relics_obtained":[{"floor":9.0,"key":"Anchor"},{"floor":13.0,"key":"Boot"},{"floor":23.0,"key":"Omamori"},{"floor":26.0,"key":"Girya"},{"floor":28.0,"key":"Red Mask"},{"floor":39.0,"key":"FossilizedHelix"},{"floor":40.0,"key":"Pear"},{"floor":42.0,"key":"Lantern"},{"floor":43.0,"key":"Juzu Bracelet"},{"floor":44.0,"key":"Orichalcum"}],"event_choices":[{"event_name":"Transmorgrifier","player_choice":"Transform","floor":2.0,"damage_taken":0.0},{"event_name":"The Mausoleum","player_choice":"Yes","floor":19.0,"damage_taken":0.0},{"event_name":"Masked Bandits","player_choice":"Fought Bandits","floor":28.0,"damage_taken":0.0},{"event_name":"Tomb of Lord Red Mask","player_choice":"Wore Mask","floor":38.0,"damage_taken":0.0},{"event_name":"Winding Halls","player_choice":"Max HP","floor":47.0,"damage_taken":0.0},{"event_name":"Purifier","player_choice":"One Purge","floor":48.0,"damage_taken":0.0}],"is_beta":false,"boss_relics":[{"not_picked":["Black Star","Coffee Dripper"],"picked":"Cursed Key"},{"not_picked":["Fusion Hammer","Snecko Eye"],"picked":"Velvet Choker"}],"items_purged_floors":[3,22,36,45],"is_endless":false,"potions_floor_spawned":[5,13,16,20,23,29,31,35,44],"ascension_level":10}