{"gold_per_floor":[112,41,55,55,66,66,129,129,154,164,144,144],"floor_reached":12,"playtime":1049,"items_purged":[],"score":84,"play_id":"00fae239-a8fa-49bb-8823-1fc62386e52c","local_time":"20190528172611","is_ascension_mode":true,"campfire_choices":[{"data":"Limit Break","floor":6,"key":"SMITH"},{"data":"Warcry","floor":8,"key":"SMITH"}],"neow_cost":"TEN_PERCENT_HP_LOSS","seed_source_timestamp":114807447867742,"circlet_count":0,"master_deck":["Strike_R","Strike_R","Strike_R","Strike_R","Strike_R","Defend_R","Defend_R","Defend_R","Defend_R","Bash","Limit Break+1","Entrench","Inflame","Shrug It Off","Warcry+1","Metallicize","Battle Trance"],"relics":["Burning Blood","Tiny Chest","Smiling Mask"],"potions_floor_usage":[10,12],"damage_taken":[{"damage":5,"enemies":"Cultist","floor":1,"turns":4},{"damage":5,"enemies":"Jaw Worm","floor":3,"turns":4},{"damage":9,"enemies":"Small Slimes","floor":5,"turns":4},{"damage":40,"enemies":"3 Sentries","floor":7,"turns":11},{"damage":16,"enemies":"Blue Slaver","floor":10,"turns":5},{"damage":17,"enemies":"Exordium Thugs","floor":11,"turns":6},{"damage":19,"enemies":"Lagavulin","floor":12,"turns":5}],"seed_played":"-920273363119400421","potions_obtained":[{"floor":7,"key":"Fruit Juice"},{"floor":11,"key":"Strength Potion"}],"is_trial":false,"path_per_floor":["M","$","M","?","M","R","E","R","T","M","M","E"],"character_chosen":"IRONCLAD","items_purchased":["Inflame"],"campfire_rested":0,"item_purchase_floors":[2],"current_hp_per_floor":[72,72,72,72,69,69,35,35,35,30,19,0],"gold":144,"neow_bonus":"THREE_RARE_CARDS","is_prod":false,"is_daily":false,"chose_seed":false,"campfire_upgraded":2,"win_rate":0,"timestamp":1559057171,"path_taken":["M","?","M","?","M","R","E","R","T","M","M","E"],"build_version":"2019-01-23","purchased_purges":0,"victory":false,"max_hp_per_floor":[72,72,72,72,72,72,72,72,72,77,77,77],"card_choices":[{"not_picked":["Bludgeon","Offering"],"picked":"Limit Break","floor":0},{"not_picked":["Shrug It Off","Whirlwind"],"picked":"Entrench","floor":1},{"not_picked":["Bloodletting","Sever Soul"],"picked":"Shrug It Off","floor":3},{"not_picked":["Intimidate","Thunderclap","Blood for Blood"],"picked":"SKIP","floor":5},{"not_picked":["Dark Embrace","Ghostly Armor"],"picked":"Warcry","floor":7},{"not_picked":["Hemokinesis","Searing Blow"],"picked":"Metallicize","floor":10},{"not_picked":["Burning Pact","Clothesline"],"picked":"Battle Trance","floor":11}],"player_experience":71402,"relics_obtained":[{"floor":7,"key":"Tiny Chest"},{"floor":9,"key":"Smiling Mask"}],"event_choices":[{"damage_healed":0,"gold_gain":0,"player_choice":"Ignored","damage_taken":0,"max_hp_gain":0,"max_hp_loss":0,"event_name":"Liars Game","floor":4,"gold_loss":0}],"is_beta":false,"boss_relics":[],"items_purged_floors":[],"is_endless":false,"potions_floor_spawned":[7,11],"killed_by":"Lagavulin","ascension_level":1}