{"gold_per_floor":[116,116,129,129,129,129,157,157,157,157,157,108,135,58,58,156,156,166,81,0,0,0,0,31,31,31,45,45,61,61,95,95,198,198,215,215,215,315,50,80,106,106],"floor_reached":42,"playtime":2412,"items_purged":[],"score":603,"play_id":"785bbedd-c833-46cb-89d6-3b2d3dbdc44e","local_time":"20190718134406","is_ascension_mode":true,"campfire_choices":[{"data":"Bash","floor":6,"key":"SMITH"},{"data":"Whirlwind","floor":8,"key":"SMITH"},{"floor":15,"key":"DIG"},{"floor":23,"key":"DIG"},{"floor":25,"key":"REST"},{"floor":28,"key":"DIG"},{"floor":32,"key":"DIG"}],"neow_cost":"NONE","seed_source_timestamp":3095552311482,"circlet_count":0,"master_deck":["Strike_R+1","Strike_R","Strike_R","Strike_R+1","Defend_R","Defend_R","Defend_R","Defend_R","Bash+1","Whirlwind+1","Armaments+1","Pommel Strike","Uppercut","Shrug It Off","Flame Barrier","Barricade","Pommel Strike+1","Headbutt+1","Iron Wave+1","Bandage Up+1","Trip+1","Mind Blast+1","Flame Barrier+1"],"relics":["Burning Blood","Juzu Bracelet","Pear","Shovel","Bronze Scales","Ancient Tea Set","Toxic Egg 2","Busted Crown","Regal Pillow","Enchiridion","Molten Egg 2","Self Forming Clay","StoneCalendar","Ginger","The Courier","Art of War","Bag of Marbles","Lizard Tail","Charon\u0027s Ashes","Bottled Lightning","Mummified Hand","Whetstone"],"potions_floor_usage":[29,40,40,42,42],"damage_taken":[{"damage":9,"enemies":"2 Louse","floor":1,"turns":3},{"damage":3,"enemies":"Jaw Worm","floor":3,"turns":5},{"damage":40,"enemies":"Gremlin Nob","floor":7,"turns":5},{"damage":30,"enemies":"Lagavulin","floor":13,"turns":7},{"damage":10,"enemies":"The Guardian","floor":16,"turns":12},{"damage":22,"enemies":"2 Thieves","floor":18,"turns":4},{"damage":23,"enemies":"Book of Stabbing","floor":24,"turns":5},{"damage":0,"enemies":"Chosen","floor":27,"turns":3},{"damage":2,"enemies":"Centurion and Healer","floor":29,"turns":6},{"damage":24,"enemies":"Slavers","floor":31,"turns":6},{"damage":30,"enemies":"Champ","floor":33,"turns":13},{"damage":9,"enemies":"3 Shapes","floor":35,"turns":4},{"damage":0,"enemies":"Mind Bloom Boss Battle","floor":38,"turns":7},{"damage":31,"enemies":"Reptomancer","floor":40,"turns":7},{"damage":176,"enemies":"Giant Head","floor":42,"turns":11}],"seed_played":"-3981749866912760275","potions_obtained":[{"floor":1,"key":"Swift Potion"},{"floor":7,"key":"AttackPotion"},{"floor":18,"key":"Explosive Potion"},{"floor":24,"key":"Swift Potion"},{"floor":31,"key":"Swift Potion"},{"floor":38,"key":"EssenceOfSteel"},{"floor":40,"key":"EssenceOfSteel"}],"is_trial":false,"path_per_floor":["M","?","M","?","?","R","E","R","T","?","?","$","E","$","R","B",null,"M","?","?","?","T","R","E","R","T","M","R","M","?","E","R","B",null,"M","$","?","?","$","E","T","E"],"character_chosen":"IRONCLAD","items_purchased":["Shrug It Off","Flame Barrier","Flame Barrier+1","Bottled Lightning"],"campfire_rested":1,"item_purchase_floors":[12,14,39,39],"current_hp_per_floor":[77,77,80,80,80,80,56,56,56,56,56,56,32,32,32,28,75,59,59,59,43,43,43,26,68,68,74,74,78,78,60,60,36,77,74,74,64,76,76,57,57,0],"gold":106,"neow_bonus":"RANDOM_COMMON_RELIC","is_prod":false,"is_daily":false,"chose_seed":false,"campfire_upgraded":2,"win_rate":0,"timestamp":1563450246,"path_taken":["M","?","M","?","?","R","E","R","T","?","?","$","E","?","R","BOSS","M","?","?","?","?","R","E","R","T","M","R","M","?","E","R","BOSS","M","$","?","?","?","E","?","E"],"build_version":"2019-07-17","purchased_purges":0,"victory":false,"max_hp_per_floor":[80,80,80,80,80,80,90,90,90,90,90,90,90,90,90,90,90,90,90,90,90,90,90,90,90,90,90,90,90,90,90,90,90,90,90,90,90,90,90,90,90,90],"card_choices":[{"not_picked":["Reckless Charge","Pommel Strike"],"picked":"Whirlwind","floor":1},{"not_picked":["Disarm","Spot Weakness"],"picked":"Armaments","floor":3},{"not_picked":["Fire Breathing","Warcry"],"picked":"Pommel Strike","floor":7},{"not_picked":["Twin Strike","Spot Weakness","Hemokinesis"],"picked":"SKIP","floor":13},{"not_picked":["Fiend Fire","Exhume+1"],"picked":"Barricade","floor":16},{"not_picked":[],"picked":"Pommel Strike+1","floor":18},{"not_picked":[],"picked":"Headbutt+1","floor":24},{"not_picked":["Power Through+1"],"picked":"SKIP","floor":27},{"not_picked":[],"picked":"Iron Wave+1","floor":29},{"not_picked":["Limit Break+1"],"picked":"SKIP","floor":31},{"not_picked":["Burning Pact+1"],"picked":"SKIP","floor":35},{"not_picked":[],"picked":"Bandage Up+1","floor":37},{"not_picked":[],"picked":"Trip+1","floor":37},{"not_picked":[],"picked":"Mind Blast+1","floor":37},{"not_picked":["Whirlwind+1"],"picked":"SKIP","floor":40}],"player_experience":277191,"relics_obtained":[{"floor":7,"key":"Pear"},{"floor":9,"key":"Shovel"},{"floor":13,"key":"Ancient Tea Set"},{"floor":15,"key":"Toxic Egg 2"},{"floor":21,"key":"Enchiridion"},{"floor":22,"key":"Molten Egg 2"},{"floor":23,"key":"Self Forming Clay"},{"floor":24,"key":"StoneCalendar"},{"floor":26,"key":"Ginger"},{"floor":28,"key":"The Courier"},{"floor":31,"key":"Art of War"},{"floor":32,"key":"Bag of Marbles"},{"floor":38,"key":"Charon\u0027s Ashes"},{"floor":40,"key":"Mummified Hand"},{"floor":41,"key":"Whetstone"}],"event_choices":[{"damage_healed":0,"gold_gain":0,"player_choice":"Ignored","damage_taken":0,"max_hp_gain":0,"max_hp_loss":0,"event_name":"Liars Game","floor":2,"gold_loss":0},{"damage_healed":0,"gold_gain":0,"player_choice":"Full Heal","damage_taken":0,"max_hp_gain":0,"max_hp_loss":0,"event_name":"Wheel of Change","floor":4,"gold_loss":0},{"damage_healed":0,"gold_gain":0,"player_choice":"Grow","damage_taken":0,"max_hp_gain":0,"max_hp_loss":0,"event_name":"Living Wall","floor":5,"gold_loss":0,"cards_upgraded":["Armaments"]},{"damage_healed":0,"gold_gain":0,"cards_transformed":["Strike_R"],"player_choice":"Transformed","damage_taken":0,"max_hp_gain":0,"max_hp_loss":0,"event_name":"Transmorgrifier","floor":10,"gold_loss":0,"cards_obtained":["Uppercut"]},{"damage_healed":0,"gold_gain":0,"player_choice":"Gave Potion","damage_taken":0,"relics_obtained":["Bronze Scales"],"max_hp_gain":0,"max_hp_loss":0,"event_name":"WeMeetAgain","floor":11,"gold_loss":0},{"damage_healed":0,"gold_gain":0,"player_choice":"Obtained Relic","damage_taken":0,"relics_obtained":["Regal Pillow"],"max_hp_gain":0,"max_hp_loss":0,"event_name":"Addict","floor":19,"gold_loss":85},{"damage_healed":0,"gold_gain":0,"player_choice":"Paid Fearfully","damage_taken":0,"max_hp_gain":0,"max_hp_loss":0,"event_name":"Masked Bandits","floor":20,"gold_loss":81},{"damage_healed":0,"gold_gain":0,"player_choice":"Obtained Book","damage_taken":16,"max_hp_gain":0,"max_hp_loss":0,"event_name":"Cursed Tome","floor":21,"gold_loss":0},{"damage_healed":0,"gold_gain":0,"player_choice":"Ignored","damage_taken":0,"max_hp_gain":0,"max_hp_loss":0,"event_name":"Ghosts","floor":30,"gold_loss":0},{"damage_healed":0,"gold_gain":0,"player_choice":"Memory 3","damage_taken":10,"max_hp_gain":0,"max_hp_loss":0,"event_name":"SensoryStone","floor":37,"gold_loss":0},{"damage_healed":0,"gold_gain":0,"player_choice":"Fight","damage_taken":0,"max_hp_gain":0,"max_hp_loss":0,"event_name":"MindBloom","floor":38,"gold_loss":0}],"is_beta":false,"boss_relics":[{"not_picked":["Empty Cage","Pandora\u0027s Box"],"picked":"Busted Crown"},{"not_picked":["Runic Cube","Runic Dome"],"picked":"Lizard Tail"}],"items_purged_floors":[],"is_endless":false,"potions_floor_spawned":[1,7,18,24,31,35,38,40],"killed_by":"Giant Head","ascension_level":5}