{"gold_per_floor":[109,11,11,24,24,56,56,30,55,73,73,104,104,120,120,246,246,266,286,286,299,342,380,81,81,81,81,81,116,140,178,178,308,308,324,390,93,93,93,93,131,131,203,536,546,546,561,592,592,592],"floor_reached":51,"playtime":4031,"items_purged":["Strike_G"],"score":1060,"play_id":"66fafe54-643b-49bb-91ea-1cd024e24d9b","local_time":"20190722155748","is_ascension_mode":true,"campfire_choices":[{"data":"Catalyst","floor":11.0,"key":"SMITH"},{"data":"Bouncing Flask","floor":15.0,"key":"SMITH"},{"data":"Neutralize","floor":25,"key":"SMITH"},{"data":"Backflip","floor":28,"key":"SMITH"},{"data":"Bouncing Flask","floor":32,"key":"SMITH"},{"data":"Catalyst","floor":40,"key":"SMITH"},{"data":"Burst","floor":42,"key":"SMITH"},{"data":"Backflip","floor":46,"key":"SMITH"},{"data":"Backflip","floor":49,"key":"SMITH"}],"neow_cost":"NONE","seed_source_timestamp":0,"circlet_count":0,"master_deck":["Strike_G","Strike_G","Defend_G","Defend_G","Defend_G","Defend_G","Survivor","Neutralize+1","Catalyst+1","Deadly Poison","Bane","Dash","Backflip+1","Backstab","Bouncing Flask+1","Blur","Cloak And Dagger+1","Bouncing Flask+1","Madness","Backstab","Backflip+1","Prepared","Bane","Burst+1","Catalyst+1","Backflip+1","Parasite"],"special_seed":0,"relics":["Ring of the Snake","NeowsBlessing","Dream Catcher","PreservedInsect","Bag of Preparation","Busted Crown","Red Mask","Bronze Scales","TheAbacus","FossilizedHelix","Darkstone Periapt","Bag of Marbles","Ancient Tea Set","Lizard Tail","Du-Vu Doll","Lee\u0027s Waffle","Bottled Flame","StoneCalendar"],"potions_floor_usage":[22,33,36,36,50,50],"damage_taken":[{"damage":0.0,"enemies":"2 Louse","floor":1.0,"turns":1.0},{"damage":0.0,"enemies":"Cultist","floor":4.0,"turns":1.0},{"damage":0.0,"enemies":"Lagavulin","floor":6.0,"turns":1.0},{"damage":0.0,"enemies":"Jaw Worm","floor":10.0,"turns":3.0},{"damage":0.0,"enemies":"Gremlin Nob","floor":12.0,"turns":2.0},{"damage":5.0,"enemies":"Exordium Thugs","floor":14.0,"turns":4.0},{"damage":14.0,"enemies":"Slime Boss","floor":16.0,"turns":8.0},{"damage":0,"enemies":"Chosen","floor":18,"turns":3},{"damage":15,"enemies":"2 Thieves","floor":19,"turns":4},{"damage":2,"enemies":"Centurion and Healer","floor":21,"turns":6},{"damage":2,"enemies":"Masked Bandits","floor":22,"turns":5},{"damage":5,"enemies":"Gremlin Leader","floor":23,"turns":4},{"damage":0,"enemies":"Slavers","floor":29,"turns":5},{"damage":0,"enemies":"Snecko","floor":30,"turns":3},{"damage":10,"enemies":"Gremlin Leader","floor":31,"turns":6},{"damage":8,"enemies":"Champ","floor":33,"turns":7},{"damage":19,"enemies":"3 Darklings","floor":35,"turns":4},{"damage":26,"enemies":"2 Orb Walkers","floor":36,"turns":5},{"damage":5,"enemies":"Nemesis","floor":41,"turns":3},{"damage":0,"enemies":"3 Shapes","floor":45,"turns":2},{"damage":10,"enemies":"Writhing Mass","floor":47,"turns":5},{"damage":0,"enemies":"Giant Head","floor":48,"turns":2},{"damage":58,"enemies":"Time Eater","floor":50,"turns":7}],"seed_played":"6170783049002837360","potions_obtained":[{"floor":4.0,"key":"Poison Potion"},{"floor":12.0,"key":"GhostInAJar"},{"floor":16,"key":"Block Potion"},{"floor":19,"key":"Strength Potion"},{"floor":23,"key":"Weak Potion"},{"floor":29,"key":"Dexterity Potion"},{"floor":33,"key":"Weak Potion"},{"floor":47,"key":"Regen Potion"}],"is_trial":false,"path_per_floor":["M","$","?","M","$","E","?","$","T","M","R","E","?","M","R","B",null,"M","M","?","M","?","E","$","R","T","T","R","E","M","E","R","B",null,"M","?","$","?","?","R","E","R","T","?","M","R","M","E","R","B",null],"character_chosen":"THE_SILENT","items_purchased":["Deadly Poison","Backflip","Backflip","Prepared","TheAbacus","Catalyst","Lee\u0027s Waffle","Backflip"],"campfire_rested":0,"item_purchase_floors":[2,8,24,24,24,37,37,37],"current_hp_per_floor":[70,70,70,70,70,70,70,70,70,70,70,70,53,48,48,34,70,70,55,55,53,51,46,46,46,46,46,46,46,46,36,36,28,70,51,25,77,77,77,77,72,72,72,72,72,72,68,68,68,25],"gold":592,"neow_bonus":"THREE_ENEMY_KILL","is_prod":false,"is_daily":false,"chose_seed":false,"campfire_upgraded":9,"win_rate":0,"timestamp":1563803868,"path_taken":["M","$","?","?","$","E","?","?","T","?","R","E","?","M","R","BOSS","BOSS","M","M","?","?","?","E","$","R","T","?","R","E","M","E","R","BOSS","M","?","$","?","?","R","E","R","T","?","?","R","M","E","R","BOSS"],"build_version":"2019-07-17","purchased_purges":1,"victory":true,"max_hp_per_floor":[70,70,70,70,70,70,70,70,70,70,70,70,70,70,70,70,70,70,70,70,70,70,70,70,70,70,70,70,70,70,70,70,70,70,70,70,77,77,77,77,77,77,77,77,77,77,83,83,83,83],"card_choices":[{"not_picked":["Dagger Throw","Backstab"],"picked":"Catalyst","floor":1.0},{"not_picked":["Acrobatics","Underhanded Strike"],"picked":"Bane","floor":4.0},{"not_picked":["Flying Knee","Bane"],"picked":"Dash","floor":6.0},{"not_picked":["Setup","Flechettes"],"picked":"Backstab","floor":10.0},{"not_picked":["Glass Knife","Masterful Stab"],"picked":"Bouncing Flask","floor":12.0},{"not_picked":["Riddle With Holes","Choke"],"picked":"Blur","floor":14.0},{"not_picked":[],"picked":"Cloak And Dagger+1","floor":18},{"not_picked":[],"picked":"Bouncing Flask","floor":19},{"not_picked":[],"picked":"Backstab","floor":21},{"not_picked":["Riddle With Holes"],"picked":"SKIP","floor":23},{"not_picked":[],"picked":"Bane","floor":29},{"not_picked":["Quick Slash"],"picked":"SKIP","floor":30},{"not_picked":["Sucker Punch+1"],"picked":"SKIP","floor":31},{"not_picked":[],"picked":"Burst","floor":33},{"not_picked":["Deflect"],"picked":"SKIP","floor":35},{"not_picked":["Flying Knee"],"picked":"SKIP","floor":41},{"not_picked":["Riddle With Holes"],"picked":"SKIP","floor":45},{"not_picked":["Dagger Throw"],"picked":"SKIP","floor":47},{"not_picked":["Heel Hook+1"],"picked":"SKIP","floor":48}],"player_experience":279615,"relics_obtained":[{"floor":6.0,"key":"Dream Catcher"},{"floor":9.0,"key":"PreservedInsect"},{"floor":12.0,"key":"Bag of Preparation"},{"floor":22,"key":"Red Mask"},{"floor":23,"key":"Bronze Scales"},{"floor":26,"key":"FossilizedHelix"},{"floor":27,"key":"Darkstone Periapt"},{"floor":29,"key":"Bag of Marbles"},{"floor":31,"key":"Ancient Tea Set"},{"floor":36,"key":"Du-Vu Doll"},{"floor":41,"key":"Bottled Flame"},{"floor":48,"key":"StoneCalendar"}],"event_choices":[{"cards_removed":["Defend_G"],"damage_healed":0.0,"max_hp_gain":0.0,"max_hp_loss":0.0,"gold_gain":0.0,"event_name":"Bonfire Elementals","player_choice":"Offered Basic","floor":3.0,"gold_loss":0.0,"damage_taken":0.0},{"cards_removed":["Strike_G"],"damage_healed":0.0,"max_hp_gain":0.0,"max_hp_loss":0.0,"gold_gain":0.0,"event_name":"Living Wall","player_choice":"Forget","floor":7.0,"gold_loss":0.0,"damage_taken":0.0},{"damage_healed":0.0,"max_hp_gain":0.0,"max_hp_loss":0.0,"gold_gain":0.0,"event_name":"Golden Idol","player_choice":"Take Damage","floor":13.0,"gold_loss":0.0,"damage_taken":17.0,"relics_obtained":["Golden Idol"]},{"damage_healed":0,"gold_gain":0,"player_choice":"1 cards matched","damage_taken":0,"max_hp_gain":0,"max_hp_loss":0,"event_name":"Match and Keep!","floor":20,"gold_loss":0,"cards_obtained":["Madness"]},{"damage_healed":0,"gold_gain":0,"player_choice":"Fought Bandits","damage_taken":0,"max_hp_gain":0,"max_hp_loss":0,"event_name":"Masked Bandits","floor":22,"gold_loss":0},{"damage_healed":0,"gold_gain":0,"player_choice":"Fight","damage_taken":0,"max_hp_gain":0,"max_hp_loss":0,"event_name":"Mysterious Sphere","floor":36,"gold_loss":0},{"damage_healed":0,"gold_gain":0,"player_choice":"Ignored","damage_taken":0,"max_hp_gain":0,"max_hp_loss":0,"event_name":"Tomb of Lord Red Mask","floor":38,"gold_loss":0},{"cards_removed":["Strike_G"],"damage_healed":0,"gold_gain":0,"player_choice":"Removed Attack","damage_taken":0,"max_hp_gain":0,"max_hp_loss":0,"event_name":"Falling","floor":39,"gold_loss":0},{"damage_healed":0,"gold_gain":333,"player_choice":"Gave Idol","damage_taken":0,"max_hp_gain":0,"max_hp_loss":0,"event_name":"The Moai Head","floor":44,"relics_lost":["Golden Idol"],"gold_loss":0}],"is_beta":false,"boss_relics":[{"not_picked":["HoveringKite","Calling Bell"],"picked":"Busted Crown"},{"not_picked":["Tiny House","Runic Dome"],"picked":"Lizard Tail"}],"items_purged_floors":[2],"is_endless":false,"potions_floor_spawned":[4,12,16,19,21,23,29,33,35,47],"ascension_level":4}