{"gold_per_floor":[111,111,124,135,145,171,181,181,234,259,246,211,8,38,38,139,139,156,256,10,21,21,21,53,53,80,99,99,113,131,131],"floor_reached":31,"playtime":2467,"items_purged":["Strike_B"],"score":332,"play_id":"bb6e92ec-f8c2-4cd7-9c91-928489bb6ed5","local_time":"20190610111519","is_ascension_mode":true,"campfire_choices":[{"floor":8.0,"key":"REST"},{"data":"Defragment","floor":15.0,"key":"SMITH"},{"data":"Defragment","floor":23.0,"key":"SMITH"},{"data":"Coolheaded","floor":25.0,"key":"SMITH"}],"neow_cost":"NONE","seed_source_timestamp":0,"circlet_count":0,"master_deck":["Strike_B","Strike_B","Strike_B","Defend_B","Defend_B","Defend_B","Defend_B","Zap","Dualcast","Coolheaded+1","Cold Snap+1","Self Repair","Defragment+1","Turbo","Cold Snap+1","Hologram","Defragment+1","Leap","Amplify","Fission","Cold Snap+1","Reinforced Body","Darkness+1","Cold Snap","Leap+1","Consume+1"],"special_seed":0,"relics":["Black Star","Emotion Chip","Blue Candle","Strawberry","Happy Flower","Ancient Tea Set","Odd Mushroom","Sozu","Gremlin Horn","Mummified Hand","Ornamental Fan","Whetstone"],"potions_floor_usage":[],"damage_taken":[{"damage":1.0,"enemies":"2 Louse","floor":1.0,"turns":3.0},{"damage":3.0,"enemies":"Cultist","floor":3.0,"turns":4.0},{"damage":6.0,"enemies":"Jaw Worm","floor":4.0,"turns":6.0},{"damage":14.0,"enemies":"Blue Slaver","floor":5.0,"turns":5.0},{"damage":43.0,"enemies":"3 Sentries","floor":6.0,"turns":11.0},{"damage":17.0,"enemies":"3 Louse","floor":7.0,"turns":6.0},{"damage":8.0,"enemies":"Lagavulin","floor":10.0,"turns":9.0},{"damage":15.0,"enemies":"Exordium Thugs","floor":11.0,"turns":4.0},{"damage":10.0,"enemies":"The Mushroom Lair","floor":14.0,"turns":5.0},{"damage":19.0,"enemies":"The Guardian","floor":16.0,"turns":17.0},{"damage":14.0,"enemies":"3 Byrds","floor":18.0,"turns":8.0},{"damage":13.0,"enemies":"2 Thieves","floor":21.0,"turns":5.0},{"damage":20.0,"enemies":"Slavers","floor":24.0,"turns":14.0},{"damage":14.0,"enemies":"Snake Plant","floor":27.0,"turns":9.0},{"damage":3,"enemies":"Centurion and Healer","floor":29,"turns":9},{"damage":0,"enemies":"Shelled Parasite and Fungi","floor":30,"turns":10},{"damage":87,"enemies":"Gremlin Leader","floor":31,"turns":13}],"seed_played":"1869725966304524099","potions_obtained":[{"floor":6.0,"key":"Fruit Juice"},{"floor":7.0,"key":"Block Potion"},{"floor":10.0,"key":"Strength Potion"},{"floor":14.0,"key":"Strength Potion"}],"is_trial":false,"path_per_floor":["M","?","M","M","M","E","M","R","T","E","M","?","$","?","R","B",null,"M","?","$","M","$","R","E","R","T","M","T","M","M","E"],"character_chosen":"DEFECT","items_purchased":["Defragment","Leap","Gremlin Horn"],"campfire_rested":1,"item_purchase_floors":[13,13,20],"current_hp_per_floor":[74,74,71,65,51,20,3,27,34,33,25,46,46,43,43,31,87,80,80,80,81,81,81,68,68,68,68,68,65,79,0],"gold":131,"neow_bonus":"BOSS_RELIC","is_prod":false,"is_daily":false,"chose_seed":false,"campfire_upgraded":3,"win_rate":0,"timestamp":1560158119,"path_taken":["M","?","M","M","?","E","M","R","T","E","M","?","$","?","R","BOSS","M","?","?","M","?","R","E","R","T","M","?","M","M","E"],"build_version":"2019-01-23","purchased_purges":1,"victory":false,"max_hp_per_floor":[75,75,75,75,75,80,80,80,87,87,87,87,87,87,87,87,87,87,87,87,87,87,87,87,87,87,87,87,87,87,87],"card_choices":[{"not_picked":["Compile Driver","Ball Lightning"],"picked":"Coolheaded","floor":1.0},{"not_picked":["Ball Lightning","Fusion","Go for the Eyes"],"picked":"SKIP","floor":3.0},{"not_picked":["Leap","Chaos"],"picked":"Cold Snap","floor":4.0},{"not_picked":["Conserve Battery","Loop"],"picked":"Self Repair","floor":5.0},{"not_picked":["Ball Lightning","Undo"],"picked":"Defragment","floor":6.0},{"not_picked":["Hyperbeam","Sweeping Beam"],"picked":"Turbo","floor":7.0},{"not_picked":["Compile Driver","Genetic Algorithm"],"picked":"Cold Snap","floor":10.0},{"not_picked":["Go for the Eyes","Turbo"],"picked":"Hologram","floor":11.0},{"not_picked":["Force Field","Rebound"],"picked":"Amplify","floor":14.0},{"not_picked":["Hyperbeam","Amplify"],"picked":"Fission","floor":16.0},{"not_picked":["Turbo","Defragment"],"picked":"Cold Snap+1","floor":18.0},{"not_picked":["Cold Snap+1","Amplify"],"picked":"Reinforced Body","floor":21.0},{"not_picked":["Coolheaded+1","Conserve Battery"],"picked":"Darkness+1","floor":24.0},{"not_picked":["Gash","Barrage"],"picked":"Cold Snap","floor":27.0},{"not_picked":["Darkness","Lockon"],"picked":"Leap+1","floor":29},{"not_picked":["Hologram","Ball Lightning"],"picked":"Consume+1","floor":30}],"player_experience":245042,"relics_obtained":[{"floor":6.0,"key":"Emotion Chip"},{"floor":6.0,"key":"Blue Candle"},{"floor":9.0,"key":"Strawberry"},{"floor":10.0,"key":"Happy Flower"},{"floor":10.0,"key":"Ancient Tea Set"},{"floor":14.0,"key":"Odd Mushroom"},{"floor":24.0,"key":"Mummified Hand"},{"floor":24.0,"key":"Ornamental Fan"},{"floor":26.0,"key":"Whetstone"}],"event_choices":[{"damage_healed":0.0,"max_hp_gain":0.0,"max_hp_loss":0.0,"gold_gain":0.0,"event_name":"The Woman in Blue","player_choice":"Bought 0 Potions","floor":2.0,"gold_loss":0.0,"damage_taken":0.0},{"damage_healed":21.0,"max_hp_gain":0.0,"max_hp_loss":0.0,"gold_gain":0.0,"event_name":"The Cleric","player_choice":"Healed","floor":12.0,"gold_loss":35.0,"damage_taken":0.0},{"damage_healed":0.0,"max_hp_gain":0.0,"max_hp_loss":0.0,"gold_gain":0.0,"event_name":"Mushrooms","player_choice":"Fought Mushrooms","floor":14.0,"gold_loss":0.0,"damage_taken":0.0},{"damage_healed":0.0,"max_hp_gain":0.0,"max_hp_loss":0.0,"gold_gain":100.0,"event_name":"Golden Shrine","player_choice":"Pray","floor":19.0,"gold_loss":0.0,"damage_taken":0.0}],"is_beta":false,"boss_relics":[{"not_picked":["Cursed Key","Nuclear Battery"],"picked":"Sozu"}],"items_purged_floors":[13],"is_endless":false,"potions_floor_spawned":[6,7,10,14,21,24,29],"killed_by":"Gremlin Leader","ascension_level":3}