{"gold_per_floor":[109,109,74,89,107,107,132,132,208,241,241,253,267,267],"floor_reached":14,"playtime":1059,"items_purged":[],"score":100,"play_id":"09476573-7b04-44cb-a3ee-523a40cdbc77","local_time":"20190718232938","is_ascension_mode":false,"campfire_choices":[{"data":"White Noise","floor":6,"key":"SMITH"},{"floor":8,"key":"REST"},{"data":"Genetic Algorithm","floor":11,"key":"SMITH"}],"neow_cost":"PERCENT_DAMAGE","seed_source_timestamp":150891124014877,"circlet_count":0,"master_deck":["Strike_B","Strike_B","Strike_B","Strike_B","Defend_B","Defend_B","Defend_B","Defend_B","Zap","Dualcast","Core Surge","Coolheaded","Stack","White Noise+1","Double Energy","Genetic Algorithm+1","Leap","Beam Cell"],"relics":["Cracked Core","Bronze Scales","Singing Bowl","Orichalcum"],"potions_floor_usage":[10,12,14],"damage_taken":[{"damage":5,"enemies":"Small Slimes","floor":1,"turns":2},{"damage":0,"enemies":"2 Louse","floor":4,"turns":2},{"damage":0,"enemies":"Cultist","floor":5,"turns":4},{"damage":26,"enemies":"Lagavulin","floor":7,"turns":8},{"damage":17,"enemies":"3 Sentries","floor":10,"turns":6},{"damage":1,"enemies":"Gremlin Gang","floor":12,"turns":3},{"damage":10,"enemies":"Exordium Wildlife","floor":13,"turns":3},{"damage":46,"enemies":"Gremlin Nob","floor":14,"turns":4}],"seed_played":"6199302905667559950","potions_obtained":[{"floor":1,"key":"SpeedPotion"},{"floor":5,"key":"PowerPotion"},{"floor":10,"key":"Explosive Potion"}],"is_trial":false,"path_per_floor":["M","?","?","M","M","R","E","R","T","E","R","M","M","E"],"character_chosen":"DEFECT","items_purchased":[],"campfire_rested":1,"item_purchase_floors":[],"current_hp_per_floor":[49,49,67,67,67,67,41,63,63,46,46,45,35,0],"gold":267,"neow_bonus":"THREE_RARE_CARDS","is_prod":false,"is_daily":false,"chose_seed":false,"campfire_upgraded":2,"win_rate":0,"timestamp":1563510578,"path_taken":["M","?","?","M","M","R","E","R","T","E","R","M","M","E"],"build_version":"2019-07-17","purchased_purges":0,"victory":false,"max_hp_per_floor":[75,75,75,75,75,75,75,75,75,75,75,75,75,75],"card_choices":[{"not_picked":["Biased Cognition","Seek"],"picked":"Core Surge","floor":0},{"not_picked":["Force Field","Beam Cell"],"picked":"Coolheaded","floor":1},{"not_picked":["Steam Power","Hologram"],"picked":"Stack","floor":4},{"not_picked":["Aggregate","Beam Cell"],"picked":"White Noise","floor":5},{"not_picked":["Cold Snap","Hologram"],"picked":"Double Energy","floor":7},{"not_picked":["Loop","Meteor Strike"],"picked":"Genetic Algorithm","floor":10},{"not_picked":["Conserve Battery","Cold Snap"],"picked":"Leap","floor":12},{"not_picked":["Genetic Algorithm","Barrage"],"picked":"Beam Cell","floor":13}],"player_experience":127325,"relics_obtained":[{"floor":7,"key":"Bronze Scales"},{"floor":9,"key":"Singing Bowl"},{"floor":10,"key":"Orichalcum"}],"event_choices":[{"damage_healed":0,"gold_gain":0,"player_choice":"Ignored","damage_taken":0,"max_hp_gain":0,"max_hp_loss":0,"event_name":"Liars Game","floor":2,"gold_loss":0},{"damage_healed":18,"gold_gain":0,"player_choice":"Healed","damage_taken":0,"max_hp_gain":0,"max_hp_loss":0,"event_name":"The Cleric","floor":3,"gold_loss":35}],"is_beta":false,"boss_relics":[],"items_purged_floors":[],"is_endless":false,"potions_floor_spawned":[1,5,10],"killed_by":"Gremlin Nob","ascension_level":0}