{"gold_per_floor":[114,129,404,404,419,434,434,434,459,489,489,504,161,176,176,276,276,291,306,306,306,321,336,336,351,351,381,381,396,441,122,122,222,222,237,1236,1236,1251,1266,1266,1296,1296,1296,371,371,386,701,716,716,716],"floor_reached":51,"playtime":1463,"items_purged":["Normality"],"score":1278,"play_id":"ae575dd6-e798-41e0-8871-449ba4995185","local_time":"20180908150720","daily_mods":["Shiny","Uncertain Future","Vintage"],"is_ascension_mode":false,"campfire_choices":[{"data":"Hyperbeam","floor":7,"key":"SMITH"},{"data":"Beam Cell","floor":11,"key":"SMITH"},{"data":"Buffer","floor":15,"key":"SMITH"},{"data":"Amplify","floor":24,"key":"SMITH"},{"data":"Reboot","floor":28,"key":"SMITH"},{"data":"Leap","floor":32,"key":"SMITH"},{"data":"Fission","floor":40,"key":"SMITH"},{"data":"Dark Shackles","floor":42,"key":"SMITH"},{"data":"Glacier","floor":49,"key":"SMITH"}],"neow_cost":"","seed_source_timestamp":0,"circlet_count":0,"master_deck":["Multi-Cast+1","Hyperbeam+1","Thunder Strike","Biased Cognition","Machine Learning","Electrodynamics","Buffer+1","Rainbow","Seek+1","Meteor Strike+1","Echo Form","All For One","Reboot+1","Amplify+1","Creative AI","Fission+1","Core Surge+1","Beam Cell+1","Glacier+1","Enlightenment","Steam+1","Necronomicurse","Regret","Melter","Leap+1","Dark Shackles+1","Normality","Writhe","Injury","Trip"],"special_seed":17782,"relics":["Cracked Core","Anchor","Strawberry","Regal Pillow","Bronze Scales","Blood Vial","Orichalcum","Incense Burner","Whetstone","Lantern","Cursed Key","Calipers","War Paint","Necronomicon","Boot","Du-Vu Doll","Bottled Tornado","Ornamental Fan","Oddly Smooth Stone","Art of War","Tiny Chest","Lee\u0027s Waffle","Happy Flower","Busted Crown","Juzu Bracelet","Sundial","Pen Nib","Unceasing Top","Darkstone Periapt","Bag of Preparation","FossilizedHelix","Strange Spoon","Shuriken","Old Coin","Peace Pipe"],"potions_floor_usage":[10,10,33,33,50,50],"damage_taken":[{"damage":0,"enemies":"Small Slimes","floor":1,"turns":1},{"damage":0,"enemies":"Cultist","floor":2,"turns":1},{"damage":0,"enemies":"2 Louse","floor":5,"turns":1},{"damage":0,"enemies":"Exordium Thugs","floor":6,"turns":2},{"damage":0,"enemies":"Lagavulin","floor":10,"turns":5},{"damage":0,"enemies":"3 Louse","floor":12,"turns":1},{"damage":0,"enemies":"2 Fungi Beasts","floor":14,"turns":1},{"damage":0,"enemies":"Slime Boss","floor":16,"turns":4},{"damage":0,"enemies":"2 Thieves","floor":18,"turns":3},{"damage":0,"enemies":"Spheric Guardian","floor":19,"turns":3},{"damage":0,"enemies":"Snake Plant","floor":22,"turns":2},{"damage":0,"enemies":"Snecko","floor":23,"turns":2},{"damage":9,"enemies":"Shelled Parasite and Fungi","floor":25,"turns":3},{"damage":0,"enemies":"Book of Stabbing","floor":27,"turns":2},{"damage":0,"enemies":"Snake Plant","floor":29,"turns":2},{"damage":0,"enemies":"Chosen and Byrds","floor":30,"turns":1},{"damage":0,"enemies":"Automaton","floor":33,"turns":5},{"damage":0,"enemies":"Orb Walker","floor":35,"turns":2},{"damage":0,"enemies":"3 Darklings","floor":38,"turns":2},{"damage":0,"enemies":"Sphere and 2 Shapes","floor":39,"turns":3},{"damage":2,"enemies":"Nemesis","floor":41,"turns":5},{"damage":0,"enemies":"Jaw Worm Horde","floor":46,"turns":3},{"damage":0,"enemies":"4 Shapes","floor":47,"turns":1},{"damage":0,"enemies":"Sphere and 2 Shapes","floor":48,"turns":2},{"damage":0,"enemies":"Time Eater","floor":50,"turns":7}],"seed_played":"6885944374877382416","potions_obtained":[{"floor":1,"key":"AttackPotion"},{"floor":2,"key":"AttackPotion"},{"floor":10,"key":"FearPotion"},{"floor":12,"key":"SmokeBomb"},{"floor":19,"key":"Energy Potion"},{"floor":27,"key":"SteroidPotion"},{"floor":38,"key":"Block Potion"},{"floor":41,"key":"Swift Potion"},{"floor":46,"key":"EssenceOfSteel"}],"is_trial":false,"path_per_floor":["M","M","?","?","M","M","R","?","T","E","R","M","$","M","R","B",null,"M","M","?","?","M","M","R","M","T","E","R","M","M","$","R","B",null,"M","?","?","M","M","R","E","R","T","$","?","M","M","M","R","B"],"character_chosen":"DEFECT","items_purchased":["Glacier","Enlightenment","Whetstone","Steam","Leap","Dark Shackles","Lee\u0027s Waffle","Bag of Preparation","FossilizedHelix","Trip","PowerPotion","Block Potion","Strange Spoon"],"campfire_rested":0,"item_purchase_floors":[13,13,13,13,31,31,31,44,44,44,44,44,44],"current_hp_per_floor":[75,82,82,82,82,82,82,82,82,82,82,82,82,82,82,82,82,82,82,66,66,68,70,70,63,63,65,65,67,69,89,89,89,89,89,89,89,89,89,89,87,87,87,87,77,79,81,83,83,85],"gold":716,"neow_bonus":"","is_prod":false,"is_daily":true,"chose_seed":false,"campfire_upgraded":9,"win_rate":0,"timestamp":1536394040,"path_taken":["M","M","?","?","M","M","R","?","T","E","R","M","$","M","R","BOSS","M","M","?","?","M","M","R","M","T","E","R","M","?","$","R","BOSS","M","?","?","M","M","R","E","R","T","$","?","M","M","M","R","BOSS"],"build_version":"2018-09-06","purchased_purges":1,"victory":true,"max_hp_per_floor":[75,82,82,82,82,82,82,82,82,82,82,82,82,82,82,82,82,82,82,82,82,82,82,82,82,82,82,82,82,82,89,89,89,89,89,89,89,89,89,89,89,89,89,89,89,89,89,89,89,89],"card_choices":[{"not_picked":["Loop","Barrage"],"picked":"Beam Cell","floor":10},{"not_picked":["Chill+1","Beam Cell+1","Melter"],"picked":"SKIP","floor":27},{"not_picked":["Chill+1","Beam Cell+1","Melter"],"picked":"SKIP","floor":27},{"not_picked":["Chill+1","Beam Cell+1"],"picked":"Melter","floor":27},{"not_picked":["Steam"],"picked":"SKIP","floor":41}],"player_experience":345250,"relics_obtained":[{"floor":1,"key":"Anchor"},{"floor":2,"key":"Strawberry"},{"floor":5,"key":"Regal Pillow"},{"floor":6,"key":"Bronze Scales"},{"floor":9,"key":"Blood Vial"},{"floor":10,"key":"Orichalcum"},{"floor":12,"key":"Incense Burner"},{"floor":14,"key":"Lantern"},{"floor":18,"key":"Calipers"},{"floor":19,"key":"War Paint"},{"floor":20,"key":"Necronomicon"},{"floor":22,"key":"Boot"},{"floor":23,"key":"Du-Vu Doll"},{"floor":25,"key":"Bottled Tornado"},{"floor":26,"key":"Ornamental Fan"},{"floor":27,"key":"Oddly Smooth Stone"},{"floor":29,"key":"Art of War"},{"floor":30,"key":"Tiny Chest"},{"floor":33,"key":"Happy Flower"},{"floor":35,"key":"Juzu Bracelet"},{"floor":38,"key":"Sundial"},{"floor":39,"key":"Pen Nib"},{"floor":41,"key":"Unceasing Top"},{"floor":43,"key":"Darkstone Periapt"},{"floor":46,"key":"Shuriken"},{"floor":47,"key":"Old Coin"},{"floor":48,"key":"Peace Pipe"}],"event_choices":[{"event_name":"Golden Shrine","player_choice":"Desecrate","floor":3,"damage_taken":0},{"event_name":"Purifier","player_choice":"One Purge","floor":4,"damage_taken":0},{"event_name":"Living Wall","player_choice":"Grow","floor":8,"damage_taken":0},{"event_name":"Cursed Tome","player_choice":"Obtained Book","floor":20,"damage_taken":0},{"event_name":"Ghosts","player_choice":"Ignored","floor":21,"damage_taken":0},{"event_name":"MindBloom","player_choice":"Gold","floor":36,"damage_taken":0},{"event_name":"Winding Halls","player_choice":"Writhe","floor":37,"damage_taken":0},{"event_name":"SensoryStone","player_choice":"Memory 3","floor":45,"damage_taken":0}],"is_beta":true,"boss_relics":[{"not_picked":["Calling Bell","Tiny House"],"picked":"Cursed Key"},{"not_picked":["White Beast Statue","Sozu"],"picked":"Busted Crown"}],"items_purged_floors":[44],"is_endless":false,"potions_floor_spawned":[1,2,10,12,19,25,27,29,38,41,46,47,48],"ascension_level":0}