{"gold_per_floor":[114,79,98,23,23,23,23,40,40,40,55,69,96,96,96,167,167,177,197,230,240,250,250,263,79,102,102,102,131,151,182,182,253,253,269,283,10,110,128,155,155,181,181,181,199,209,209,234,234,234,234,234,234,32,61,61],"floor_reached":57,"playtime":9222,"items_purged":["Strike_G","Strike_G","Strike_G"],"score":3014,"play_id":"32bbb7c4-a5de-46da-b14a-4b464f4f6297","local_time":"20190721220103","is_ascension_mode":true,"campfire_choices":[{"data":"Neutralize","floor":6.0,"key":"SMITH"},{"floor":10.0,"key":"REST"},{"data":"Crippling Poison","floor":15.0,"key":"SMITH"},{"data":"Catalyst","floor":23.0,"key":"SMITH"},{"floor":28.0,"key":"REST"},{"data":"Footwork","floor":32.0,"key":"SMITH"},{"data":"Malaise","floor":41.0,"key":"SMITH"},{"floor":44.0,"key":"RECALL"},{"data":"Corpse Explosion","floor":49.0,"key":"SMITH"},{"data":"Deadly Poison","floor":53.0,"key":"SMITH"}],"neow_cost":"NONE","seed_source_timestamp":76273035117318,"circlet_count":0,"master_deck":["AscendersBane","Strike_G","Defend_G","Defend_G","Defend_G+1","Defend_G","Defend_G+1","Survivor","Neutralize+1","Poisoned Stab+1","Dash","Crippling Poison+1","PiercingWail","Malaise+1","Catalyst+1","Backstab","Night Terror","Dash+1","Footwork+1","Leg Sweep","Well Laid Plans+1","Adrenaline","Well Laid Plans+1","Leg Sweep","Adrenaline","Deadly Poison+1","Corpse Explosion+1","Crippling Poison","PiercingWail+1"],"special_seed":0,"relics":["Ring of the Snake","Pocketwatch","Incense Burner","Strawberry","Velvet Choker","Red Mask","Whetstone","Happy Flower","Paper Crane","Snecko Eye","Mummified Hand","Ginger","Ancient Tea Set","Orichalcum","Omamori","Blue Candle"],"potions_floor_usage":[56,56],"damage_taken":[{"damage":18.0,"enemies":"Cultist","floor":1.0,"turns":6.0},{"damage":0.0,"enemies":"Jaw Worm","floor":3.0,"turns":4.0},{"damage":0.0,"enemies":"Small Slimes","floor":8.0,"turns":3.0},{"damage":1.0,"enemies":"Blue Slaver","floor":11.0,"turns":4.0},{"damage":0.0,"enemies":"2 Fungi Beasts","floor":12.0,"turns":6.0},{"damage":2.0,"enemies":"3 Sentries","floor":13.0,"turns":9.0},{"damage":0.0,"enemies":"The Guardian","floor":16.0,"turns":16.0},{"damage":0.0,"enemies":"Chosen","floor":18.0,"turns":9.0},{"damage":1.0,"enemies":"Shell Parasite","floor":19.0,"turns":8.0},{"damage":18.0,"enemies":"Masked Bandits","floor":20.0,"turns":6.0},{"damage":2.0,"enemies":"Snecko","floor":21.0,"turns":6.0},{"damage":11.0,"enemies":"Cultist and Chosen","floor":22.0,"turns":7.0},{"damage":0.0,"enemies":"Snake Plant","floor":24.0,"turns":4.0},{"damage":1.0,"enemies":"Book of Stabbing","floor":29.0,"turns":7.0},{"damage":0.0,"enemies":"Centurion and Healer","floor":30.0,"turns":7.0},{"damage":8.0,"enemies":"Gremlin Leader","floor":31.0,"turns":5.0},{"damage":3.0,"enemies":"Collector","floor":33.0,"turns":11.0},{"damage":0.0,"enemies":"Orb Walker","floor":35.0,"turns":2.0},{"damage":0.0,"enemies":"3 Darklings","floor":36.0,"turns":4.0},{"damage":0.0,"enemies":"Mind Bloom Boss Battle","floor":38.0,"turns":4.0},{"damage":0.0,"enemies":"Transient","floor":39.0,"turns":6.0},{"damage":4.0,"enemies":"Nemesis","floor":40.0,"turns":9.0},{"damage":0.0,"enemies":"Giant Head","floor":42.0,"turns":3.0},{"damage":0.0,"enemies":"Maw","floor":45.0,"turns":4.0},{"damage":0.0,"enemies":"Writhing Mass","floor":46.0,"turns":3.0},{"damage":5.0,"enemies":"Nemesis","floor":48.0,"turns":7.0},{"damage":0.0,"enemies":"Donu and Deca","floor":50.0,"turns":4.0},{"damage":13.0,"enemies":"Awakened One","floor":51.0,"turns":20.0},{"damage":0,"enemies":"Shield and Spear","floor":55,"turns":7},{"damage":11,"enemies":"The Heart","floor":56,"turns":10}],"seed_played":"-6464366447792734939","potions_obtained":[{"floor":1.0,"key":"SkillPotion"},{"floor":12.0,"key":"Dexterity Potion"},{"floor":19.0,"key":"GhostInAJar"},{"floor":20.0,"key":"Poison Potion"}],"is_trial":false,"path_per_floor":["M","?","M","$","?","R","?","M","T","R","M","M","E","?","R","B",null,"M","M","?","M","M","R","M","$","T","?","R","E","M","E","R","B",null,"M","M","$","?","M","E","R","E","T","R","M","M","?","E","R","B","B",null,"R","$","E","B",null],"character_chosen":"THE_SILENT","items_purchased":["Footwork","Mummified Hand","Crippling Poison"],"campfire_rested":2,"item_purchase_floors":[25,37,54],"current_hp_per_floor":[47,65,65,65,43,43,8,8,8,29,28,28,33,26,26,26,66,66,65,47,45,34,34,34,34,34,34,57,56,56,48,48,45,71,71,71,71,71,71,67,67,67,67,67,67,67,67,62,62,62,49,69,69,69,69,58],"gold":61,"neow_bonus":"TEN_PERCENT_HP_BONUS","is_prod":false,"is_daily":false,"chose_seed":false,"campfire_upgraded":7,"win_rate":0,"timestamp":1563760863,"path_taken":["M","?","M","$","?","R","?","M","T","R","?","M","E","?","R","BOSS","M","M","?","M","M","R","M","$","T","?","R","E","M","E","R","BOSS","M","M","$","?","M","E","R","E","T","R","M","M","?","E","R","BOSS","BOSS","R","$","E","BOSS"],"build_version":"2019-07-17","purchased_purges":3,"victory":true,"max_hp_per_floor":[72,72,72,72,72,72,72,72,72,72,72,72,79,79,79,79,79,79,79,79,79,79,79,79,79,79,79,79,79,79,79,79,79,79,79,79,79,79,79,79,79,79,79,79,79,79,75,75,75,75,75,75,75,75,75,75],"card_choices":[{"not_picked":["All Out Attack","Outmaneuver"],"picked":"Poisoned Stab","floor":1.0},{"not_picked":["Dagger Spray","Eviscerate"],"picked":"Dash","floor":3.0},{"not_picked":["Leg Sweep","Accuracy"],"picked":"Crippling Poison","floor":8.0},{"not_picked":["Deflect","Dagger Spray"],"picked":"PiercingWail","floor":11.0},{"not_picked":["Deflect","Reflex","Outmaneuver"],"picked":"SKIP","floor":12.0},{"not_picked":["All Out Attack","Dagger Throw","Slice"],"picked":"SKIP","floor":13.0},{"not_picked":["Storm of Steel","Tools of the Trade"],"picked":"Malaise","floor":16.0},{"not_picked":["Backflip","Well Laid Plans"],"picked":"Catalyst","floor":18.0},{"not_picked":["Expertise","Skewer"],"picked":"Backstab","floor":19.0},{"not_picked":["All Out Attack","Setup","Endless Agony"],"picked":"SKIP","floor":21.0},{"not_picked":["Backflip","Calculated Gamble"],"picked":"Night Terror","floor":22.0},{"not_picked":["Choke","All Out Attack"],"picked":"Dash","floor":24.0},{"not_picked":["Prepared+1","Dagger Throw","Dagger Spray"],"picked":"SKIP","floor":29.0},{"not_picked":["Dagger Spray","Catalyst"],"picked":"Well Laid Plans+1","floor":30.0},{"not_picked":["Acrobatics","Underhanded Strike","Dagger Throw"],"picked":"SKIP","floor":31.0},{"not_picked":["Phantasmal Killer","A Thousand Cuts"],"picked":"Adrenaline","floor":33.0},{"not_picked":["Bane","Slice+1"],"picked":"Well Laid Plans+1","floor":35.0},{"not_picked":["Bane","Flying Knee+1","Prepared"],"picked":"SKIP","floor":36.0},{"not_picked":["Dash","Infinite Blades+1"],"picked":"Leg Sweep","floor":38.0},{"not_picked":["Backflip","Deflect"],"picked":"Adrenaline","floor":39.0},{"not_picked":["Eviscerate","Predator","Terror"],"picked":"SKIP","floor":40.0},{"not_picked":["Slice","Deflect"],"picked":"Deadly Poison","floor":42.0},{"not_picked":["Poisoned Stab","Cloak And Dagger+1","Dagger Throw+1"],"picked":"SKIP","floor":45.0},{"not_picked":["Riddle With Holes","Blade Dance","Caltrops"],"picked":"SKIP","floor":46.0},{"not_picked":["Cloak And Dagger","Blade Dance+1"],"picked":"Corpse Explosion","floor":48.0},{"not_picked":["Bouncing Flask","A Thousand Cuts"],"picked":"PiercingWail+1","floor":55}],"player_experience":979536,"relics_obtained":[{"floor":9.0,"key":"Incense Burner"},{"floor":13.0,"key":"Strawberry"},{"floor":20.0,"key":"Red Mask"},{"floor":26.0,"key":"Whetstone"},{"floor":29.0,"key":"Happy Flower"},{"floor":31.0,"key":"Paper Crane"},{"floor":38.0,"key":"Ginger"},{"floor":40.0,"key":"Ancient Tea Set"},{"floor":42.0,"key":"Orichalcum"},{"floor":48.0,"key":"Omamori"},{"floor":55,"key":"Blue Candle"}],"event_choices":[{"damage_healed":18.0,"max_hp_gain":0.0,"max_hp_loss":0.0,"gold_gain":0.0,"event_name":"The Cleric","player_choice":"Healed","floor":2.0,"gold_loss":35.0,"damage_taken":0.0},{"damage_healed":0.0,"max_hp_gain":0.0,"max_hp_loss":0.0,"gold_gain":0.0,"event_name":"Shining Light","player_choice":"Entered Light","floor":5.0,"gold_loss":0.0,"damage_taken":22.0,"cards_upgraded":["Defend_G","Defend_G"]},{"damage_healed":0.0,"max_hp_gain":0.0,"max_hp_loss":0.0,"gold_gain":0.0,"event_name":"Scrap Ooze","player_choice":"Success","floor":7.0,"gold_loss":0.0,"damage_taken":35.0,"relics_obtained":["Pocketwatch"]},{"cards_removed":["Strike_G"],"damage_healed":0.0,"max_hp_gain":0.0,"max_hp_loss":0.0,"gold_gain":0.0,"event_name":"Golden Wing","player_choice":"Card Removal","floor":14.0,"gold_loss":0.0,"damage_taken":7.0},{"damage_healed":0.0,"max_hp_gain":0.0,"max_hp_loss":0.0,"gold_gain":0.0,"event_name":"Masked Bandits","player_choice":"Fought Bandits","floor":20.0,"gold_loss":0.0,"damage_taken":0.0},{"damage_healed":0.0,"max_hp_gain":0.0,"max_hp_loss":0.0,"gold_gain":0.0,"event_name":"The Library","player_choice":"Read","floor":27.0,"gold_loss":0.0,"damage_taken":0.0,"cards_obtained":["Leg Sweep"]},{"damage_healed":0.0,"max_hp_gain":0.0,"max_hp_loss":0.0,"gold_gain":0.0,"event_name":"MindBloom","player_choice":"Fight","floor":38.0,"gold_loss":0.0,"damage_taken":0.0},{"damage_healed":0.0,"max_hp_gain":0.0,"max_hp_loss":4.0,"gold_gain":0.0,"event_name":"Winding Halls","player_choice":"Max HP","floor":47.0,"gold_loss":0.0,"damage_taken":0.0}],"is_beta":false,"boss_relics":[{"not_picked":["Ring of the Serpent","Empty Cage"],"picked":"Velvet Choker"},{"not_picked":["Tiny House","Black Star"],"picked":"Snecko Eye"}],"items_purged_floors":[4,25,54],"is_endless":false,"potions_floor_spawned":[1,12,13,19,20,21,30,36,39,40,42,48],"ascension_level":20}