{"gold_per_floor":[117,135,135,145,163,163,198,198,198,123,155,174,74,74,74,74],"floor_reached":16,"playtime":644,"items_purged":["Strike_R","Decay"],"score":132,"play_id":"20203fca-5493-4cbb-9476-5694fa8932e3","local_time":"20190605202131","is_ascension_mode":true,"campfire_choices":[{"data":"Dropkick","floor":6,"key":"SMITH"},{"floor":8,"key":"REST"},{"floor":15,"key":"REST"}],"neow_cost":"NONE","seed_source_timestamp":211475741215844,"circlet_count":0,"master_deck":["Strike_R","Strike_R","Strike_R","Strike_R","Defend_R","Defend_R","Defend_R","Defend_R","Bash","Pommel Strike","Dropkick+1","Thunderclap","Shockwave+1"],"relics":["Burning Blood","Bronze Scales","Thread and Needle","Toxic Egg 2","Kunai"],"potions_floor_usage":[16,16],"damage_taken":[{"damage":7,"enemies":"Jaw Worm","floor":1,"turns":3},{"damage":1,"enemies":"Cultist","floor":2,"turns":3},{"damage":10,"enemies":"Small Slimes","floor":4,"turns":4},{"damage":11,"enemies":"2 Fungi Beasts","floor":5,"turns":4},{"damage":59,"enemies":"Lagavulin","floor":7,"turns":6},{"damage":27,"enemies":"Gremlin Nob","floor":11,"turns":4},{"damage":5,"enemies":"3 Louse","floor":12,"turns":3},{"damage":46,"enemies":"Hexaghost","floor":16,"turns":9}],"seed_played":"703379137415337005","potions_obtained":[{"floor":1,"key":"Energy Potion"},{"floor":2,"key":"FearPotion"},{"floor":7,"key":"Dexterity Potion"}],"is_trial":false,"path_per_floor":["M","M","?","M","M","R","E","R","T","$","E","M","$","?","R","B"],"character_chosen":"IRONCLAD","items_purchased":[],"campfire_rested":2,"item_purchase_floors":[],"current_hp_per_floor":[79,80,80,76,71,71,18,42,42,42,21,22,22,22,46,0],"gold":74,"neow_bonus":"RANDOM_COMMON_RELIC","is_prod":false,"is_daily":false,"chose_seed":false,"campfire_upgraded":1,"win_rate":0,"timestamp":1559758891,"path_taken":["M","M","?","M","M","R","E","R","T","$","E","?","$","?","R","BOSS"],"build_version":"2019-01-23","purchased_purges":2,"victory":false,"max_hp_per_floor":[80,80,80,80,80,80,80,80,80,80,80,80,80,80,80,80],"card_choices":[{"not_picked":["Second Wind","Flex"],"picked":"Pommel Strike","floor":1},{"not_picked":["True Grit","Armaments"],"picked":"Dropkick","floor":2},{"not_picked":["Flex","Iron Wave","Hemokinesis"],"picked":"SKIP","floor":4},{"not_picked":["Evolve","Rupture"],"picked":"Thunderclap","floor":5},{"not_picked":["Clash","Wild Strike","Inflame"],"picked":"SKIP","floor":7},{"not_picked":["Battle Trance+1","Headbutt"],"picked":"Shockwave+1","floor":11},{"not_picked":["Twin Strike","Rage+1","Blood for Blood"],"picked":"SKIP","floor":12}],"player_experience":189908,"relics_obtained":[{"floor":7,"key":"Thread and Needle"},{"floor":9,"key":"Toxic Egg 2"},{"floor":11,"key":"Kunai"}],"event_choices":[{"damage_healed":0,"gold_gain":0,"player_choice":"Cursed","damage_taken":0,"max_hp_gain":0,"max_hp_loss":0,"event_name":"Wheel of Change","floor":3,"gold_loss":0,"cards_obtained":["Decay"]},{"damage_healed":0,"gold_gain":0,"player_choice":"Ignored","damage_taken":0,"max_hp_gain":0,"max_hp_loss":0,"event_name":"Shining Light","floor":14,"gold_loss":0}],"is_beta":false,"boss_relics":[],"items_purged_floors":[10,13],"is_endless":false,"potions_floor_spawned":[1,2,7,11],"killed_by":"Hexaghost","ascension_level":4}