{"gold_per_floor":[14,32,46,46,24,58,58,75,98,98,98,109,121,141,141,141],"floor_reached":16,"playtime":1021,"items_purged":[],"score":135,"play_id":"02497e62-7e42-4844-8555-d4207aeef993","local_time":"20190824105336","is_ascension_mode":true,"campfire_choices":[{"data":"Limit Break","floor":7,"key":"SMITH"},{"data":"Shrug It Off","floor":10,"key":"SMITH"},{"data":"Armaments","floor":15,"key":"SMITH"}],"neow_cost":"NO_GOLD","seed_source_timestamp":52282969190500,"circlet_count":0,"master_deck":["Strike_R","Strike_R","Strike_R","Strike_R","Strike_R","Defend_R","Defend_R","Defend_R","Defend_R","Bash","Limit Break+1","Sword Boomerang","Shrug It Off+1","Whirlwind","Sword Boomerang","Clothesline","Battle Trance","Armaments+1","Spot Weakness"],"relics":["Burning Blood","Omamori","Boot","CultistMask"],"potions_floor_usage":[6,16],"damage_taken":[{"damage":6,"enemies":"Cultist","floor":1,"turns":4},{"damage":6,"enemies":"Jaw Worm","floor":2,"turns":5},{"damage":0,"enemies":"Small Slimes","floor":3,"turns":4},{"damage":32,"enemies":"Gremlin Nob","floor":6,"turns":4},{"damage":14,"enemies":"Red Slaver","floor":8,"turns":4},{"damage":3,"enemies":"Looter","floor":12,"turns":3},{"damage":30,"enemies":"Exordium Thugs","floor":13,"turns":4},{"damage":8,"enemies":"Large Slime","floor":14,"turns":4},{"damage":47,"enemies":"The Guardian","floor":16,"turns":10}],"seed_played":"7155265248643590386","potions_obtained":[{"floor":2,"key":"Strength Potion"},{"floor":4,"key":"FairyPotion"},{"floor":4,"key":"SmokeBomb"},{"floor":6,"key":"GamblersBrew"}],"is_trial":false,"path_per_floor":["M","M","M","?","$","E","R","M","T","R","?","M","M","M","R","B"],"character_chosen":"IRONCLAD","items_purchased":["Sword Boomerang"],"campfire_rested":0,"item_purchase_floors":[5],"current_hp_per_floor":[72,72,78,78,78,52,52,44,44,44,44,47,23,21,21,0],"gold":141,"neow_bonus":"THREE_RARE_CARDS","is_prod":false,"is_daily":false,"chose_seed":false,"campfire_upgraded":3,"win_rate":0,"timestamp":1566636816,"path_taken":["M","?","M","?","$","E","R","?","T","R","?","M","?","M","R","BOSS"],"build_version":"2019-07-17","purchased_purges":0,"victory":false,"max_hp_per_floor":[80,80,80,80,80,80,80,80,80,80,80,80,80,80,80,80],"card_choices":[{"not_picked":["Exhume","Juggernaut"],"picked":"Limit Break","floor":0},{"not_picked":["Headbutt","Perfected Strike"],"picked":"Sword Boomerang","floor":1},{"not_picked":["Warcry","Anger"],"picked":"Shrug It Off","floor":2},{"not_picked":["Sever Soul","Sword Boomerang"],"picked":"Whirlwind","floor":3},{"not_picked":["Juggernaut","Rage"],"picked":"Clothesline","floor":6},{"not_picked":["Power Through","Sever Soul"],"picked":"Battle Trance","floor":8},{"not_picked":["Dual Wield","Perfected Strike"],"picked":"Armaments","floor":12},{"not_picked":["Whirlwind","Thunderclap"],"picked":"Spot Weakness","floor":13},{"not_picked":["Whirlwind","Cleave","Iron Wave"],"picked":"SKIP","floor":14}],"player_experience":329561,"relics_obtained":[{"floor":6,"key":"Omamori"},{"floor":9,"key":"Boot"}],"event_choices":[{"damage_healed":0,"gold_gain":0,"player_choice":"Got Potions","damage_taken":0,"max_hp_gain":0,"max_hp_loss":0,"event_name":"Lab","floor":4,"gold_loss":0},{"damage_healed":0,"gold_gain":0,"player_choice":"Trade","damage_taken":0,"relics_obtained":["CultistMask"],"max_hp_gain":0,"max_hp_loss":0,"event_name":"FaceTrader","floor":11,"gold_loss":0}],"is_beta":false,"boss_relics":[],"items_purged_floors":[],"is_endless":false,"potions_floor_spawned":[2,6,8,14],"killed_by":"The Guardian","ascension_level":6}