{"gold_per_floor":[367,0,19,30,40,40,75,75,75,108,108,143,143,143,143,222,222,238,78,78,78,93,93,119,119,119,148,168,201,223,255,267,279],"floor_reached":33,"playtime":1280,"items_purged":["Doubt","Pain"],"score":696,"play_id":"eefbc088-18a6-431f-8555-c2314a1d51f0","local_time":"20190721192429","is_ascension_mode":true,"campfire_choices":[{"data":"Bash","floor":6,"key":"SMITH"},{"floor":8,"key":"REST"},{"floor":11,"key":"REST"},{"floor":13,"key":"REST"},{"data":"Immolate","floor":15,"key":"SMITH"},{"floor":23,"key":"REST"},{"floor":25,"key":"REST"},{"data":"Disarm","floor":32,"key":"SMITH"}],"neow_cost":"CURSE","seed_source_timestamp":74968163581422,"circlet_count":0,"master_deck":["AscendersBane","Strike_R","Strike_R+1","Strike_R+1","Strike_R","Strike_R","Defend_R","Defend_R","Defend_R","Defend_R","Bash+1","Heavy Blade","Anger","Flame Barrier","Armaments","Disarm+1","True Grit","Immolate+1","Exhume","Shockwave+1","Immolate+1","Feel No Pain","Second Wind","Metallicize"],"relics":["Burning Blood","Membership Card","Whetstone","Juzu Bracelet","Lantern","Bottled Flame","PreservedInsect","WarpedTongs","Velvet Choker","DollysMirror","Enchiridion","Smiling Mask","Pocketwatch","Centennial Puzzle","MawBank"],"potions_floor_usage":[7,10],"damage_taken":[{"damage":2,"enemies":"Cultist","floor":1,"turns":4},{"damage":12,"enemies":"Jaw Worm","floor":3,"turns":3},{"damage":5,"enemies":"2 Louse","floor":4,"turns":2},{"damage":8,"enemies":"Blue Slaver","floor":5,"turns":4},{"damage":50,"enemies":"3 Sentries","floor":7,"turns":12},{"damage":42,"enemies":"Gremlin Nob","floor":10,"turns":5},{"damage":42,"enemies":"Lagavulin","floor":12,"turns":6},{"damage":9,"enemies":"Slime Boss","floor":16,"turns":5},{"damage":29,"enemies":"Shell Parasite","floor":18,"turns":7},{"damage":0,"enemies":"Spheric Guardian","floor":22,"turns":3},{"damage":16,"enemies":"Book of Stabbing","floor":24,"turns":3},{"damage":0,"enemies":"Slavers","floor":27,"turns":1},{"damage":0,"enemies":"3 Cultists","floor":28,"turns":2},{"damage":6,"enemies":"Book of Stabbing","floor":29,"turns":6},{"damage":0,"enemies":"Chosen and Byrds","floor":30,"turns":3},{"damage":3,"enemies":"Snake Plant","floor":31,"turns":4},{"damage":124,"enemies":"Automaton","floor":33,"turns":12}],"seed_played":"-7420111215130489157","potions_obtained":[{"floor":1,"key":"LiquidBronze"},{"floor":4,"key":"Regen Potion"},{"floor":7,"key":"Weak Potion"},{"floor":22,"key":"Regen Potion"}],"is_trial":false,"path_per_floor":["M","$","M","M","M","R","E","R","T","E","R","E","R","?","R","B",null,"M","$","?","?","M","R","E","R","T","E","M","E","M","M","R","B"],"character_chosen":"IRONCLAD","items_purchased":["Membership Card","Whetstone","Anger","DollysMirror"],"campfire_rested":5,"item_purchase_floors":[2,2,2,19],"current_hp_per_floor":[72,72,66,67,65,65,36,58,58,22,44,8,30,30,30,27,63,40,40,19,19,25,47,37,59,59,65,71,71,75,75,75,0],"gold":279,"neow_bonus":"TWO_FIFTY_GOLD","is_prod":false,"is_daily":false,"chose_seed":false,"campfire_upgraded":3,"win_rate":0,"timestamp":1563751469,"path_taken":["M","$","M","M","M","R","E","R","T","E","R","E","R","?","R","BOSS","M","$","?","?","M","R","E","R","T","E","M","E","M","M","R","BOSS"],"build_version":"2019-07-17","purchased_purges":2,"victory":false,"max_hp_per_floor":[75,75,75,75,75,75,75,75,75,75,75,75,75,75,75,75,75,75,75,75,75,75,75,75,75,75,75,75,75,75,75,75,75],"card_choices":[{"not_picked":["True Grit","Rupture"],"picked":"Heavy Blade","floor":1},{"not_picked":["Corruption","Rage"],"picked":"Flame Barrier","floor":3},{"not_picked":["Blood for Blood","Infernal Blade"],"picked":"Armaments","floor":4},{"not_picked":["Barricade","Anger","Perfected Strike"],"picked":"SKIP","floor":5},{"not_picked":["Warcry","Flex"],"picked":"Disarm","floor":7},{"not_picked":["Hemokinesis","Rampage"],"picked":"True Grit","floor":10},{"not_picked":["Shockwave","Rage"],"picked":"Immolate","floor":12},{"not_picked":["Brutality","Fiend Fire"],"picked":"Exhume","floor":16},{"not_picked":["Heavy Blade","Cleave"],"picked":"Shockwave+1","floor":18},{"not_picked":["Cleave","Clothesline"],"picked":"Feel No Pain","floor":22},{"not_picked":["Thunderclap","Anger","Twin Strike"],"picked":"SKIP","floor":24},{"not_picked":["Thunderclap","Clothesline"],"picked":"Second Wind","floor":27},{"not_picked":["Flame Barrier","True Grit"],"picked":"Metallicize","floor":28},{"not_picked":["Bloodletting+1","Heavy Blade+1","Pommel Strike"],"picked":"SKIP","floor":29},{"not_picked":["Uppercut","Infernal Blade","Berserk"],"picked":"SKIP","floor":30},{"not_picked":["Second Wind","Anger","Uppercut"],"picked":"SKIP","floor":31}],"player_experience":978256,"relics_obtained":[{"floor":7,"key":"Juzu Bracelet"},{"floor":9,"key":"Lantern"},{"floor":10,"key":"Bottled Flame"},{"floor":12,"key":"PreservedInsect"},{"floor":20,"key":"Enchiridion"},{"floor":24,"key":"Smiling Mask"},{"floor":26,"key":"Pocketwatch"},{"floor":27,"key":"Centennial Puzzle"},{"floor":29,"key":"MawBank"}],"event_choices":[{"damage_healed":0,"gold_gain":0,"player_choice":"Rummage","damage_taken":0,"relics_obtained":["WarpedTongs"],"max_hp_gain":0,"max_hp_loss":0,"event_name":"Accursed Blacksmith","floor":14,"gold_loss":0,"cards_obtained":["Pain"]},{"damage_healed":0,"gold_gain":0,"player_choice":"Obtained Book","damage_taken":21,"max_hp_gain":0,"max_hp_loss":0,"event_name":"Cursed Tome","floor":20,"gold_loss":0},{"damage_healed":0,"gold_gain":0,"player_choice":"Ignored","damage_taken":0,"max_hp_gain":0,"max_hp_loss":0,"event_name":"Vampires","floor":21,"gold_loss":0}],"is_beta":false,"boss_relics":[{"not_picked":["Busted Crown","Pandora\u0027s Box"],"picked":"Velvet Choker"}],"items_purged_floors":[2,19],"is_endless":false,"potions_floor_spawned":[1,4,7,22,27,30],"killed_by":"Automaton","ascension_level":20}