{"gold_per_floor":[112,123,123,140,160,160,189,201,226,258,272,272,121,136,136,136],"floor_reached":16,"playtime":613,"items_purged":["Strike_R"],"score":228,"play_id":"18cdb138-31ba-4354-b276-362426fda0c7","local_time":"20190818160559","is_ascension_mode":true,"campfire_choices":[{"data":"Shockwave","floor":6,"key":"SMITH"},{"data":"Carnage","floor":12,"key":"SMITH"},{"data":"Pommel Strike","floor":15,"key":"SMITH"}],"neow_cost":"NONE","seed_source_timestamp":151982277402500,"circlet_count":0,"master_deck":["AscendersBane","Strike_R","Strike_R","Strike_R","Strike_R","Defend_R","Defend_R","Defend_R","Defend_R","Bash+1","Combust+1","Shockwave+1","Metallicize","Metallicize","Pommel Strike+1","Shrug It Off","Carnage+1","Brutality","Corruption"],"relics":["Burning Blood","Torii","Strawberry","Bag of Marbles"],"potions_floor_usage":[7,10,16],"damage_taken":[{"damage":6,"enemies":"Jaw Worm","floor":1,"turns":5},{"damage":4,"enemies":"2 Louse","floor":2,"turns":3},{"damage":3,"enemies":"Cultist","floor":4,"turns":4},{"damage":3,"enemies":"Exordium Wildlife","floor":5,"turns":4},{"damage":18,"enemies":"3 Sentries","floor":7,"turns":5},{"damage":14,"enemies":"Red Slaver","floor":8,"turns":6},{"damage":31,"enemies":"Gremlin Nob","floor":10,"turns":5},{"damage":2,"enemies":"Looter","floor":11,"turns":3},{"damage":3,"enemies":"Blue Slaver","floor":14,"turns":5},{"damage":44,"enemies":"Slime Boss","floor":16,"turns":6}],"seed_played":"-8534915779713341097","potions_obtained":[{"floor":1,"key":"Swift Potion"},{"floor":5,"key":"AttackPotion"},{"floor":7,"key":"LiquidBronze"},{"floor":10,"key":"PowerPotion"}],"is_trial":false,"path_per_floor":["M","M","?","M","M","R","E","M","T","E","M","R","$","M","R","B"],"character_chosen":"IRONCLAD","items_purchased":["Corruption"],"campfire_rested":0,"item_purchase_floors":[13],"current_hp_per_floor":[68,70,70,73,75,75,63,55,62,37,41,41,41,44,44,0],"gold":136,"neow_bonus":"UPGRADE_CARD","is_prod":false,"is_daily":false,"chose_seed":false,"campfire_upgraded":3,"win_rate":0,"timestamp":1566158759,"path_taken":["M","M","?","M","M","R","E","M","T","E","M","R","$","M","R","BOSS"],"build_version":"2019-07-17","purchased_purges":1,"victory":false,"max_hp_per_floor":[75,75,75,75,75,75,75,75,82,82,82,82,82,82,82,82],"card_choices":[{"not_picked":["Blood for Blood","Sword Boomerang"],"picked":"Combust","floor":1},{"not_picked":["Sentinel","Perfected Strike"],"picked":"Shockwave","floor":2},{"not_picked":["Sever Soul","Sword Boomerang"],"picked":"Metallicize","floor":4},{"not_picked":["Wild Strike","Iron Wave"],"picked":"Metallicize","floor":5},{"not_picked":["Infernal Blade","Seeing Red"],"picked":"Pommel Strike","floor":7},{"not_picked":["True Grit","Pommel Strike"],"picked":"Shrug It Off","floor":8},{"not_picked":["Flex","Perfected Strike"],"picked":"Carnage","floor":10},{"not_picked":["Havoc","Sword Boomerang"],"picked":"Brutality","floor":11},{"not_picked":["Sever Soul","Warcry","Perfected Strike"],"picked":"SKIP","floor":14}],"player_experience":1010414,"relics_obtained":[{"floor":7,"key":"Torii"},{"floor":9,"key":"Strawberry"},{"floor":10,"key":"Bag of Marbles"}],"event_choices":[{"damage_healed":0,"gold_gain":0,"player_choice":"Grow","damage_taken":0,"max_hp_gain":0,"max_hp_loss":0,"event_name":"Living Wall","floor":3,"gold_loss":0,"cards_upgraded":["Combust"]}],"is_beta":false,"boss_relics":[],"items_purged_floors":[13],"is_endless":false,"potions_floor_spawned":[1,5,7,10,11],"killed_by":"Slime Boss","ascension_level":20}