{"gold_per_floor":[114,129,144,144,144,174,174,234,259,274,274,289,319,334,334,434,434,449,464,464,298,313,343,358,358,383,413,428,443,443,473,473,573,573,588,596,596,235,250,250,280,280,355,385,400,430,445,76,76,76],"floor_reached":51,"playtime":1566,"items_purged":[],"score":1042,"play_id":"2f3a6877-e6ef-4542-aa3a-49192ce60c98","local_time":"20180628092038","daily_mods":["Allstar","Time Dilation","Night Terrors"],"is_ascension_mode":false,"campfire_choices":[{"data":"Mind Blast","floor":7,"key":"SMITH"},{"data":"Mind Blast","floor":11,"key":"SMITH"},{"data":"Flex","floor":15,"key":"SMITH"},{"data":"Trip","floor":25,"key":"SMITH"},{"data":"Offering","floor":32,"key":"SMITH"},{"data":"Whirlwind","floor":40,"key":"SMITH"},{"data":"Whirlwind","floor":42,"key":"SMITH"},{"data":"Dual Wield","floor":49,"key":"SMITH"}],"neow_cost":"","seed_source_timestamp":0,"circlet_count":0,"master_deck":["Bash","Mind Blast+1","Mind Blast+1","Swift Strike","Dark Shackles+1","Trip+1","Pommel Strike","Whirlwind+1","Pommel Strike","Clothesline","Limit Break","Pummel","Flex+1","Clothesline","Offering+1","Dual Wield+1","Body Slam","Twin Strike","Hemokinesis","Ghostly Armor","Dropkick","Iron Wave","Armaments","Evolve","Whirlwind+1","Heavy Blade","Headbutt","Flash of Steel","Shockwave","Pommel Strike+1","Armaments+1","Seeing Red","Evolve","Flex","Cleave+1","Reaper","Sever Soul+1","Pommel Strike+1","Body Slam","Havoc","True Grit","Searing Blow","Metallicize+1","Dark Embrace","Power Through+1","Burning Pact","Twin Strike","Searing Blow+1","Iron Wave","True Grit"],"special_seed":17710,"relics":["Burning Blood","Singing Bowl","Tiny Chest","War Paint","Letter Opener","Pandora\u0027s Box","Incense Burner","Juzu Bracelet","Happy Flower","Nilry\u0027s Codex","Mercury Hourglass","Busted Crown","Ice Cream","Bag of Marbles","Toolbox","Matryoshka","Thread and Needle","Blood Vial","Bottled Lightning"],"potions_floor_usage":[6,6,16,23,31,33,33,50,50,50],"damage_taken":[{"damage":0,"enemies":"2 Louse","floor":1,"turns":2},{"damage":6,"enemies":"Cultist","floor":2,"turns":3},{"damage":0,"enemies":"Small Slimes","floor":3,"turns":2},{"damage":14,"enemies":"Gremlin Nob","floor":6,"turns":3},{"damage":8,"enemies":"3 Sentries","floor":8,"turns":4},{"damage":0,"enemies":"Exordium Wildlife","floor":10,"turns":2},{"damage":0,"enemies":"3 Louse","floor":12,"turns":2},{"damage":0,"enemies":"Gremlin Nob","floor":13,"turns":3},{"damage":0,"enemies":"2 Fungi Beasts","floor":14,"turns":1},{"damage":0,"enemies":"Slime Boss","floor":16,"turns":4},{"damage":5,"enemies":"Spheric Guardian","floor":18,"turns":3},{"damage":13,"enemies":"3 Byrds","floor":19,"turns":3},{"damage":0,"enemies":"Snake Plant","floor":22,"turns":1},{"damage":21,"enemies":"Book of Stabbing","floor":23,"turns":3},{"damage":6,"enemies":"Centurion and Healer","floor":24,"turns":3},{"damage":0,"enemies":"Gremlin Leader","floor":27,"turns":3},{"damage":0,"enemies":"Sentry and Sphere","floor":28,"turns":3},{"damage":0,"enemies":"Snake Plant","floor":29,"turns":1},{"damage":10,"enemies":"Slavers","floor":31,"turns":2},{"damage":23,"enemies":"Collector","floor":33,"turns":4},{"damage":0,"enemies":"3 Darklings","floor":35,"turns":4},{"damage":11,"floor":36,"turns":3},{"damage":0,"enemies":"Flame Bruiser 1 Orb","floor":39,"turns":1},{"damage":0,"enemies":"2 Orb Walkers","floor":41,"turns":2},{"damage":16,"enemies":"Giant Head","floor":44,"turns":5},{"damage":0,"enemies":"4 Shapes","floor":45,"turns":1},{"damage":0,"enemies":"Nemesis","floor":46,"turns":1},{"damage":0,"enemies":"Maw","floor":47,"turns":2},{"damage":61,"enemies":"Donu and Deca","floor":50,"turns":9}],"seed_played":"8379956509153837283","potions_obtained":[{"floor":1,"key":"Poison Potion"},{"floor":3,"key":"AttackPotion"},{"floor":8,"key":"SpeedPotion"},{"floor":10,"key":"SpeedPotion"},{"floor":14,"key":"SteroidPotion"},{"floor":16,"key":"Block Potion"},{"floor":18,"key":"PowerPotion"},{"floor":19,"key":"GamblersBrew"},{"floor":27,"key":"AttackPotion"},{"floor":31,"key":"Block Potion"},{"floor":35,"key":"Poison Potion"},{"floor":44,"key":"Regen Potion"}],"is_trial":false,"path_per_floor":["M","M","M","?","?","E","R","E","T","M","R","M","E","M","R","B",null,"M","M","?","$","M","E","M","R","T","E","M","M","?","E","R","B",null,"M","?","?","$","M","R","E","R","T","E","M","E","M","$","R","B"],"character_chosen":"IRONCLAD","items_purchased":["Heavy Blade","Headbutt","Flash of Steel","Bag of Marbles","Body Slam","Havoc","True Grit","Searing Blow","Iron Wave","True Grit","Bottled Lightning","Dexterity Potion"],"campfire_rested":0,"item_purchase_floors":[21,21,21,38,38,38,38,38,48,48,48,48],"current_hp_per_floor":[80,80,80,80,80,72,72,70,70,78,78,82,82,82,82,82,82,84,79,79,79,85,70,70,70,70,76,82,86,70,66,66,49,86,86,81,81,81,86,86,86,86,86,76,82,86,86,86,86,35],"gold":76,"neow_bonus":"","is_prod":false,"is_daily":true,"chose_seed":false,"campfire_upgraded":8,"win_rate":0,"timestamp":1530154238,"path_taken":["M","M","M","?","?","E","R","E","T","M","R","M","E","M","R","BOSS","M","M","?","$","M","E","M","R","T","E","M","M","?","E","R","BOSS","M","?","?","$","M","R","E","R","T","E","M","E","M","$","R","BOSS"],"build_version":"2018-06-26","purchased_purges":0,"victory":true,"max_hp_per_floor":[80,80,80,80,80,80,80,80,80,82,82,82,82,82,82,82,82,84,86,86,86,86,86,86,86,86,86,86,86,86,86,86,86,86,86,86,86,86,86,86,86,86,86,86,86,86,86,86,86,86],"card_choices":[{"not_picked":["Body Slam","Clash"],"picked":"Pommel Strike","floor":1},{"not_picked":["True Grit","Shrug It Off"],"picked":"Whirlwind","floor":2},{"not_picked":["Entrench","Rupture"],"picked":"Pommel Strike","floor":3},{"not_picked":["Pummel","Sword Boomerang"],"picked":"Clothesline","floor":6},{"not_picked":["Second Wind","Rampage"],"picked":"Limit Break","floor":8},{"not_picked":["Body Slam","Anger","Combust"],"picked":"Singing Bowl","floor":10},{"not_picked":["Sever Soul","Searing Blow"],"picked":"Pummel","floor":12},{"not_picked":["Feel No Pain","Second Wind"],"picked":"Flex","floor":13},{"not_picked":["Pummel","Fire Breathing"],"picked":"Clothesline","floor":14},{"not_picked":["Bludgeon","Immolate"],"picked":"Offering","floor":16},{"not_picked":["Wild Strike","Havoc","Bloodletting"],"picked":"Singing Bowl","floor":18},{"not_picked":["Iron Wave","Thunderclap","Feel No Pain"],"picked":"Singing Bowl","floor":19},{"not_picked":["Second Wind","Pommel Strike"],"picked":"Shockwave","floor":22},{"not_picked":["Body Slam+1","Perfected Strike"],"picked":"Pommel Strike+1","floor":23},{"not_picked":["Clash","Cleave"],"picked":"Armaments+1","floor":24},{"not_picked":["Bloodletting","Clothesline"],"picked":"Seeing Red","floor":27},{"not_picked":["Power Through","Sword Boomerang"],"picked":"Evolve","floor":28},{"not_picked":["Ghostly Armor","Clash+1"],"picked":"Flex","floor":29},{"not_picked":["Body Slam","Reckless Charge"],"picked":"Cleave+1","floor":31},{"not_picked":["Exhume","Limit Break"],"picked":"Reaper","floor":33},{"not_picked":[],"picked":"Sever Soul+1","floor":35},{"not_picked":[],"picked":"Pommel Strike+1","floor":36},{"not_picked":[],"picked":"Metallicize+1","floor":39},{"not_picked":[],"picked":"Dark Embrace","floor":41},{"not_picked":[],"picked":"Power Through+1","floor":44},{"not_picked":[],"picked":"Burning Pact","floor":45},{"not_picked":[],"picked":"Twin Strike","floor":46},{"not_picked":[],"picked":"Searing Blow+1","floor":47}],"player_experience":122182,"relics_obtained":[{"floor":6,"key":"Singing Bowl"},{"floor":8,"key":"Tiny Chest"},{"floor":9,"key":"War Paint"},{"floor":13,"key":"Letter Opener"},{"floor":23,"key":"Incense Burner"},{"floor":26,"key":"Juzu Bracelet"},{"floor":27,"key":"Happy Flower"},{"floor":30,"key":"Nilry\u0027s Codex"},{"floor":31,"key":"Mercury Hourglass"},{"floor":36,"key":"Ice Cream"},{"floor":41,"key":"Toolbox"},{"floor":43,"key":"Matryoshka"},{"floor":44,"key":"Thread and Needle"},{"floor":46,"key":"Blood Vial"}],"event_choices":[{"event_name":"The Woman in Blue","player_choice":"Bought 0 Potions","floor":4,"damage_taken":0},{"event_name":"The Cleric","player_choice":"Leave","floor":5,"damage_taken":0},{"event_name":"The Library","player_choice":"Read","floor":20,"damage_taken":0},{"event_name":"Cursed Tome","player_choice":"Obtained Book","floor":30,"damage_taken":0},{"event_name":"Mysterious Sphere","player_choice":"Fight","floor":36,"damage_taken":0},{"event_name":"Purifier","player_choice":"Skipped","floor":37,"damage_taken":0}],"boss_relics":[{"not_picked":["Snecko Eye","Empty Cage"],"picked":"Pandora\u0027s Box"},{"not_picked":["White Beast Statue","Velvet Choker"],"picked":"Busted Crown"}],"items_purged_floors":[],"is_endless":false,"potions_floor_spawned":[1,3,8,10,14,16,18,19,27,29,31,35,44],"ascension_level":0}