{"gold_per_floor":[111,124,139,26,39,71,84,116,161,186,86,86,125,90,90,216,216,236,260,260,260],"floor_reached":21,"playtime":2752,"items_purged":["Strike_G","Strike_G"],"score":316,"play_id":"abf7a865-3df9-499a-aea1-c2a842797857","local_time":"20180915203319","is_ascension_mode":true,"campfire_choices":[{"floor":15,"key":"REST"}],"neow_cost":"NONE","seed_source_timestamp":207894933004819,"circlet_count":0,"master_deck":["Survivor","Neutralize","Footwork","Poisoned Stab","Noxious Fumes","Phantasmal Killer","Cloak And Dagger","Poisoned Stab","Bouncing Flask","Concentrate","Corpse Explosion","Acrobatics","Flying Knee","Flying Knee","PiercingWail","Underhanded Strike","Crippling Poison","Dodge and Roll","Concentrate","Well Laid Plans","Blur+1"],"relics":["Velvet Choker","Whetstone","Sundial","Bag of Preparation","Meat on the Bone","Golden Idol","Orichalcum","Pandora\u0027s Box"],"potions_floor_usage":[5,8,10,16,16,21,21],"damage_taken":[{"damage":0,"enemies":"Cultist","floor":1,"turns":4},{"damage":9,"enemies":"Jaw Worm","floor":2,"turns":5},{"damage":0,"enemies":"2 Louse","floor":3,"turns":3},{"damage":0,"enemies":"Red Slaver","floor":5,"turns":4},{"damage":21,"enemies":"Gremlin Nob","floor":6,"turns":5},{"damage":2,"enemies":"Large Slime","floor":7,"turns":6},{"damage":9,"enemies":"Lagavulin","floor":8,"turns":6},{"damage":0,"enemies":"3 Sentries","floor":10,"turns":7},{"damage":7,"enemies":"Lagavulin","floor":13,"turns":6},{"damage":27,"enemies":"Slime Boss","floor":16,"turns":11},{"damage":16,"enemies":"Shell Parasite","floor":18,"turns":5},{"damage":0,"enemies":"Spheric Guardian","floor":19,"turns":3},{"damage":10,"enemies":"Colosseum Slavers","floor":21,"turns":4},{"damage":59,"enemies":"Colosseum Nobs","floor":21,"turns":3}],"seed_played":"-8500310569783750416","potions_obtained":[{"floor":1,"key":"Dexterity Potion"},{"floor":2,"key":"Block Potion"},{"floor":7,"key":"AttackPotion"},{"floor":8,"key":"Explosive Potion"},{"floor":13,"key":"PowerPotion"},{"floor":18,"key":"GamblersBrew"},{"floor":19,"key":"EssenceOfSteel"}],"is_trial":false,"path_per_floor":["M","M","M","$","M","E","M","E","T","E","$","?","E","?","R","B",null,"M","M","?"],"character_chosen":"THE_SILENT","items_purchased":["Noxious Fumes"],"campfire_rested":1,"item_purchase_floors":[4],"current_hp_per_floor":[63,54,54,54,54,33,31,22,22,22,22,22,27,27,46,31,57,41,41,41,0],"gold":260,"neow_bonus":"BOSS_RELIC","is_prod":false,"is_daily":false,"chose_seed":false,"campfire_upgraded":0,"win_rate":0,"timestamp":1537061599,"path_taken":["M","M","M","$","M","E","M","E","T","E","?","?","E","?","R","BOSS","M","M","?","?"],"build_version":"2018-09-06","purchased_purges":2,"victory":false,"max_hp_per_floor":[70,70,70,70,70,70,70,70,70,70,70,65,65,65,65,65,65,65,65,65,65],"card_choices":[{"not_picked":["Finisher","Concentrate"],"picked":"Footwork","floor":1},{"not_picked":["Deflect","Quick Slash","Flying Knee"],"picked":"SKIP","floor":2},{"not_picked":["Bane","Deadly Poison"],"picked":"Poisoned Stab","floor":3},{"not_picked":["Dagger Throw","All Out Attack","Underhanded Strike"],"picked":"SKIP","floor":5},{"not_picked":["Prepared","Tactician"],"picked":"Phantasmal Killer","floor":6},{"not_picked":["Quick Slash","Finisher"],"picked":"Cloak And Dagger","floor":7},{"not_picked":["Prepared","Dagger Spray"],"picked":"Poisoned Stab","floor":8},{"not_picked":["Doppelganger","Sucker Punch"],"picked":"Bouncing Flask","floor":10},{"not_picked":["Slice","Deflect"],"picked":"Concentrate","floor":13},{"not_picked":["Night Terror","Tools of the Trade"],"picked":"Corpse Explosion","floor":16},{"not_picked":["Flying Knee+1","Outmaneuver"],"picked":"Well Laid Plans","floor":18},{"not_picked":["Flying Knee","Dagger Throw+1"],"picked":"Blur+1","floor":19}],"player_experience":525362,"relics_obtained":[{"floor":6,"key":"Whetstone"},{"floor":8,"key":"Sundial"},{"floor":9,"key":"Bag of Preparation"},{"floor":10,"key":"Meat on the Bone"},{"floor":13,"key":"Orichalcum"}],"event_choices":[{"event_name":"Golden Idol","player_choice":"Lose Max HP","floor":12,"damage_taken":0},{"event_name":"World of Goop","player_choice":"Left","floor":14,"damage_taken":0},{"event_name":"Ghosts","player_choice":"Ignored","floor":20,"damage_taken":0},{"event_name":"Colosseum","player_choice":"Fight","floor":21,"damage_taken":0},{"event_name":"Colosseum","player_choice":"Fought Nobs","floor":21,"damage_taken":0}],"is_beta":false,"boss_relics":[{"not_picked":["Philosopher\u0027s Stone","WristBlade"],"picked":"Pandora\u0027s Box"}],"items_purged_floors":[4,11],"is_endless":false,"potions_floor_spawned":[1,2,7,8,13,18,19],"killed_by":"Colosseum Nobs","ascension_level":7}