{"gold_per_floor":[113,127,139,158,176,201,201,236,236,250,250,315,315,326,326,326],"floor_reached":16,"playtime":680,"items_purged":[],"score":228,"play_id":"c3ce56ad-ee12-45ff-a331-ac7d81132726","local_time":"20190729205740","is_ascension_mode":true,"campfire_choices":[{"floor":7.0,"key":"REST"},{"floor":11.0,"key":"REST"},{"floor":13,"key":"REST"},{"floor":15,"key":"REST"}],"neow_cost":"NONE","seed_source_timestamp":772285458279837,"circlet_count":0,"master_deck":["AscendersBane","Strike_B","Strike_B","Strike_B","Strike_B","Defend_B","Defend_B","Defend_B","Defend_B","Zap","Dualcast","Reboot","Cold Snap","Defragment","Static Discharge","Cold Snap","Ball Lightning","Capacitor","Coolheaded","Coolheaded","Sweeping Beam"],"special_seed":0,"relics":["Cracked Core","Oddly Smooth Stone","Dodecahedron","Vajra","Omamori"],"potions_floor_usage":[12,12],"damage_taken":[{"damage":7.0,"enemies":"Jaw Worm","floor":1.0,"turns":5.0},{"damage":0.0,"enemies":"Cultist","floor":2.0,"turns":3.0},{"damage":0.0,"enemies":"2 Louse","floor":3.0,"turns":3.0},{"damage":24.0,"enemies":"Lots of Slimes","floor":4.0,"turns":3.0},{"damage":4.0,"enemies":"Blue Slaver","floor":5.0,"turns":4.0},{"damage":22.0,"enemies":"Lagavulin","floor":6.0,"turns":6.0},{"damage":23.0,"enemies":"Gremlin Nob","floor":8.0,"turns":4.0},{"damage":0.0,"enemies":"Large Slime","floor":10.0,"turns":5.0},{"damage":24,"enemies":"Lagavulin Event","floor":12,"turns":8},{"damage":12,"enemies":"Exordium Wildlife","floor":14,"turns":7},{"damage":35,"enemies":"Slime Boss","floor":16,"turns":3}],"seed_played":"-4884940597859250851","potions_obtained":[{"floor":1.0,"key":"Swift Potion"},{"floor":3.0,"key":"FearPotion"},{"floor":6.0,"key":"SpeedPotion"},{"floor":8.0,"key":"Dexterity Potion"}],"is_trial":false,"path_per_floor":["M","M","M","M","M","E","R","E","T","M","R","?","R","M","R","B"],"character_chosen":"DEFECT","items_purchased":[],"campfire_rested":4,"item_purchase_floors":[],"current_hp_per_floor":[57,57,57,33,29,7,28,5,5,5,26,2,23,11,32,0],"gold":326,"neow_bonus":"ONE_RANDOM_RARE_CARD","is_prod":false,"is_daily":false,"chose_seed":false,"campfire_upgraded":0,"win_rate":0,"timestamp":1564448260,"path_taken":["M","M","M","M","M","E","R","E","T","M","R","?","R","M","R","BOSS"],"build_version":"2019-07-17","purchased_purges":0,"victory":false,"max_hp_per_floor":[71,71,71,71,71,71,71,71,71,71,71,71,71,71,71,71],"card_choices":[{"not_picked":["Fusion","Coolheaded"],"picked":"Cold Snap","floor":1.0},{"not_picked":["Streamline","Loop"],"picked":"Defragment","floor":2.0},{"not_picked":["Compile Driver","Steam Power"],"picked":"Static Discharge","floor":3.0},{"not_picked":["FTL","Skim"],"picked":"Cold Snap","floor":4.0},{"not_picked":["Genetic Algorithm","Rebound"],"picked":"Ball Lightning","floor":5.0},{"not_picked":["Coolheaded","Steam"],"picked":"Capacitor","floor":6.0},{"not_picked":["Beam Cell","Hello World","Lockon"],"picked":"SKIP","floor":8.0},{"not_picked":["Static Discharge","Leap"],"picked":"Coolheaded","floor":10.0},{"not_picked":["Barrage","Conserve Battery"],"picked":"Coolheaded","floor":12},{"not_picked":["Rainbow","Chaos"],"picked":"Sweeping Beam","floor":14}],"player_experience":1006798,"relics_obtained":[{"floor":6.0,"key":"Oddly Smooth Stone"},{"floor":8.0,"key":"Dodecahedron"},{"floor":9.0,"key":"Vajra"},{"floor":12,"key":"Omamori"}],"event_choices":[{"damage_healed":0,"gold_gain":0,"player_choice":"Searched \u00271\u0027 times","damage_taken":0,"max_hp_gain":0,"max_hp_loss":0,"event_name":"Dead Adventurer","floor":12,"gold_loss":0}],"is_beta":false,"boss_relics":[],"items_purged_floors":[],"is_endless":false,"potions_floor_spawned":[1,3,4,6,8],"killed_by":"Slime Boss","ascension_level":20}