{"gold_per_floor":[109,109,109,120,131,156,156,190,190,210,229,229,87,105,105,207,207,218,15,29,29,0,0,14,14,40,40],"floor_reached":27,"playtime":1312,"items_purged":["Strike_R","Strike_R"],"score":315,"play_id":"4132b7fd-217d-47ae-b10b-e7a8ac41e897","local_time":"20190927103350","is_ascension_mode":true,"campfire_choices":[{"floor":7,"key":"REST"},{"data":"Whirlwind","floor":12,"key":"SMITH"},{"data":"Barricade","floor":15,"key":"SMITH"},{"floor":23,"key":"RECALL"},{"data":"Entrench","floor":25,"key":"SMITH"}],"neow_cost":"NONE","seed_source_timestamp":1279848035539200,"circlet_count":0,"master_deck":["Defend_R","Defend_R","Defend_R","Defend_R","Bash","Shockwave","Battle Trance","Barricade+1","Burning Pact","Whirlwind+1","Body Slam","Flame Barrier","Iron Wave","Feed","Feel No Pain+1","Reaper+1","Juggernaut+1","Armaments","Entrench+1","Shrug It Off","Rage+1","Bite","Bite","Bite","Bite","Bite","Body Slam"],"relics":["Burning Blood","NeowsBlessing","Boot","Magic Flower","Dodecahedron","Bottled Lightning","Astrolabe"],"potions_floor_usage":[16,16,18,24,27],"damage_taken":[{"damage":0,"enemies":"2 Louse","floor":1,"turns":1},{"damage":0,"enemies":"Cultist","floor":4,"turns":1},{"damage":7,"enemies":"Small Slimes","floor":5,"turns":2},{"damage":45,"enemies":"3 Sentries","floor":6,"turns":10},{"damage":32,"enemies":"Gremlin Nob","floor":8,"turns":4},{"damage":3,"enemies":"Looter","floor":10,"turns":2},{"damage":10,"enemies":"Lots of Slimes","floor":11,"turns":2},{"damage":0,"enemies":"3 Louse","floor":14,"turns":2},{"damage":44,"enemies":"The Guardian","floor":16,"turns":14},{"damage":9,"enemies":"Chosen","floor":18,"turns":6},{"damage":16,"enemies":"Shell Parasite","floor":20,"turns":7},{"damage":22,"enemies":"Centurion and Healer","floor":24,"turns":4},{"damage":60,"enemies":"Slavers","floor":27,"turns":4}],"seed_played":"4903940009642571672","potions_obtained":[{"floor":4,"key":"Swift Potion"},{"floor":5,"key":"LiquidBronze"},{"floor":14,"key":"AttackPotion"},{"floor":18,"key":"SneckoOil"},{"floor":20,"key":"AttackPotion"}],"is_trial":false,"path_per_floor":["M","?","?","M","M","E","R","E","T","M","M","R","$","M","R","B",null,"M","$","M","?","?","R","M","R","T","E"],"character_chosen":"IRONCLAD","items_purchased":["Flame Barrier","Entrench","Shrug It Off"],"campfire_rested":1,"item_purchase_floors":[13,19,19],"current_hp_per_floor":[78,75,75,80,79,40,64,41,41,47,46,46,46,55,55,20,65,65,65,69,56,56,56,43,43,43,0],"gold":40,"neow_bonus":"THREE_ENEMY_KILL","is_prod":false,"is_daily":false,"chose_seed":false,"campfire_upgraded":3,"win_rate":0,"timestamp":1569594830,"path_taken":["M","?","?","M","?","E","R","E","T","M","M","R","$","M","R","BOSS","M","$","M","?","?","R","M","R","T","E"],"build_version":"2019-07-17","purchased_purges":2,"victory":false,"max_hp_per_floor":[80,80,80,80,80,80,80,80,80,80,80,80,80,80,80,80,80,80,80,80,56,56,56,56,56,56,56],"card_choices":[{"not_picked":["True Grit","Warcry"],"picked":"Perfected Strike","floor":1},{"not_picked":["Pommel Strike","Shrug It Off"],"picked":"Shockwave","floor":4},{"not_picked":["Clothesline","Shrug It Off"],"picked":"Battle Trance","floor":5},{"not_picked":["Second Wind","Warcry"],"picked":"Barricade","floor":6},{"not_picked":["Combust","Blood for Blood"],"picked":"Burning Pact","floor":8},{"not_picked":["Combust","Clash"],"picked":"Whirlwind","floor":10},{"not_picked":["Sword Boomerang","Anger"],"picked":"Body Slam","floor":11},{"not_picked":["Sever Soul","Clash"],"picked":"Iron Wave","floor":14},{"not_picked":["Limit Break","Exhume"],"picked":"Feed","floor":16},{"not_picked":["Wild Strike+1","Iron Wave"],"picked":"Armaments","floor":18},{"not_picked":["Iron Wave","Anger+1"],"picked":"Rage+1","floor":20},{"not_picked":["Flex","Havoc"],"picked":"Body Slam","floor":24}],"player_experience":124393,"relics_obtained":[{"floor":6,"key":"Magic Flower"},{"floor":8,"key":"Dodecahedron"},{"floor":9,"key":"Bottled Lightning"}],"event_choices":[{"damage_healed":0,"gold_gain":0,"player_choice":"Success","damage_taken":3,"relics_obtained":["Boot"],"max_hp_gain":0,"max_hp_loss":0,"event_name":"Scrap Ooze","floor":2,"gold_loss":0},{"damage_healed":0,"gold_gain":0,"player_choice":"Forge","damage_taken":0,"max_hp_gain":0,"max_hp_loss":0,"event_name":"Accursed Blacksmith","floor":3,"gold_loss":0,"cards_upgraded":["Perfected Strike"]},{"damage_healed":0,"gold_gain":0,"player_choice":"Became a vampire","damage_taken":0,"max_hp_gain":0,"max_hp_loss":24,"event_name":"Vampires","floor":21,"gold_loss":0,"cards_obtained":["Bite","Bite","Bite","Bite","Bite"]},{"damage_healed":0,"gold_gain":0,"player_choice":"Paid Fearfully","damage_taken":0,"max_hp_gain":0,"max_hp_loss":0,"event_name":"Masked Bandits","floor":22,"gold_loss":29}],"is_beta":false,"boss_relics":[{"not_picked":["Busted Crown","Calling Bell"],"picked":"Astrolabe"}],"items_purged_floors":[13,19],"is_endless":false,"potions_floor_spawned":[4,5,14,18,20],"killed_by":"Slavers","ascension_level":6}