{"gold_per_floor":[109,109,9,9,18,43,53,86,158,181,200,219,229,264,274,311,321,345,6,6,14,25,35,45,0,0,0,16,16,31,45,45,105,105,120,120],"floor_reached":36,"playtime":2331,"items_purged":["Defend_G","Defend_G"],"score":947,"play_id":"1d4fd2dd-48f8-4eed-9503-9e4efbeb10a1","local_time":"20190827143534","is_ascension_mode":true,"campfire_choices":[{"data":"Poisoned Stab","floor":7.0,"key":"SMITH"},{"data":"Leg Sweep","floor":13.0,"key":"SMITH"},{"data":"Survivor","floor":15.0,"key":"SMITH"},{"data":"Wraith Form v2","floor":27,"key":"SMITH"},{"data":"Footwork","floor":32,"key":"SMITH"}],"neow_cost":"NONE","seed_source_timestamp":174163805490886,"circlet_count":0,"master_deck":["Strike_G","Strike_G+1","Defend_G","Defend_G","Survivor+1","Neutralize+1","Poisoned Stab+1","Leg Sweep+1","Skewer+1","Wraith Form v2+1","Well Laid Plans","Footwork+1","Night Terror","Clumsy","Regret","Malaise"],"special_seed":0,"relics":["Ring of the Snake","NeowsBlessing","MawBank","Orichalcum","Mercury Hourglass","Whetstone","Ancient Tea Set","Empty Cage","TheAbacus","Paper Crane","Busted Crown"],"potions_floor_usage":[16,33,33,36],"damage_taken":[{"damage":0.0,"enemies":"Jaw Worm","floor":1.0,"turns":1.0},{"damage":0.0,"enemies":"Cultist","floor":5.0,"turns":1.0},{"damage":0.0,"enemies":"Gremlin Nob","floor":6.0,"turns":1.0},{"damage":18.0,"enemies":"Lagavulin","floor":8.0,"turns":7.0},{"damage":0.0,"enemies":"2 Louse","floor":10.0,"turns":2.0},{"damage":0.0,"enemies":"2 Fungi Beasts","floor":11.0,"turns":3.0},{"damage":18.0,"enemies":"3 Sentries","floor":12.0,"turns":8.0},{"damage":5.0,"enemies":"Lagavulin","floor":14.0,"turns":6.0},{"damage":16,"enemies":"Hexaghost","floor":16,"turns":11},{"damage":1,"enemies":"Shell Parasite","floor":18,"turns":10},{"damage":4,"enemies":"2 Thieves","floor":21,"turns":4},{"damage":5,"enemies":"Centurion and Healer","floor":22,"turns":11},{"damage":2,"enemies":"Snake Plant","floor":23,"turns":5},{"damage":8,"enemies":"Chosen and Byrds","floor":24,"turns":7},{"damage":0,"enemies":"Centurion and Healer","floor":28,"turns":8},{"damage":0,"enemies":"Snake Plant","floor":30,"turns":5},{"damage":2,"enemies":"Sentry and Sphere","floor":31,"turns":8},{"damage":7,"enemies":"Automaton","floor":33,"turns":17},{"damage":29,"enemies":"Orb Walker","floor":35,"turns":8},{"damage":1,"enemies":"3 Darklings","floor":36,"turns":4}],"seed_played":"-7258233183157377685","potions_obtained":[{"floor":5.0,"key":"Poison Potion"},{"floor":10.0,"key":"GamblersBrew"},{"floor":11.0,"key":"Weak Potion"},{"floor":23,"key":"Strength Potion"},{"floor":24,"key":"GhostInAJar"},{"floor":35,"key":"PowerPotion"}],"is_trial":false,"path_per_floor":["M","?","$","?","M","E","R","E","T","M","M","E","R","E","R","B",null,"M","$","?","M","M","M","M","?","T","R","M","?","M","M","R","B",null,"M","M"],"character_chosen":"THE_SILENT","items_purchased":["TheAbacus"],"campfire_rested":0,"item_purchase_floors":[19],"current_hp_per_floor":[59,59,59,59,59,59,59,41,41,41,41,23,23,18,18,2,40,39,39,39,35,30,28,20,20,20,20,20,20,20,18,18,11,44,15,14],"gold":120,"neow_bonus":"THREE_ENEMY_KILL","is_prod":false,"is_daily":false,"chose_seed":false,"campfire_upgraded":5,"win_rate":0,"timestamp":1566891334,"path_taken":["M","?","?","?","M","E","R","E","T","M","M","E","R","E","R","BOSS","M","$","?","?","M","M","M","?","T","R","M","?","M","M","R","BOSS","M","M"],"build_version":"2019-07-17","purchased_purges":2,"victory":false,"max_hp_per_floor":[66,66,66,66,66,66,66,66,66,66,66,66,66,66,66,66,66,66,66,66,66,66,66,66,66,66,66,66,66,66,66,66,66,66,66,66],"card_choices":[{"not_picked":["Underhanded Strike","Flying Knee","Slice"],"picked":"SKIP","floor":1.0},{"not_picked":["Caltrops","Slice"],"picked":"Poisoned Stab","floor":5.0},{"not_picked":["Venomology","Slice"],"picked":"Leg Sweep","floor":6.0},{"not_picked":["Prepared","Flying Knee","Quick Slash"],"picked":"SKIP","floor":8.0},{"not_picked":["Bane","Catalyst","Backflip"],"picked":"SKIP","floor":10.0},{"not_picked":["Infinite Blades","Quick Slash","Sucker Punch"],"picked":"SKIP","floor":11.0},{"not_picked":["Infinite Blades","Grand Finale"],"picked":"Skewer","floor":12.0},{"not_picked":["Finisher","Blur","Dagger Throw"],"picked":"SKIP","floor":14.0},{"not_picked":["Venomology","Envenom"],"picked":"Wraith Form v2","floor":16},{"not_picked":["Skewer","Quick Slash"],"picked":"Well Laid Plans","floor":18},{"not_picked":["Bane","Blade Dance","Prepared"],"picked":"SKIP","floor":21},{"not_picked":["Crippling Poison","Bane","Poisoned Stab"],"picked":"SKIP","floor":22},{"not_picked":["Sucker Punch","Cloak And Dagger+1","Quick Slash"],"picked":"SKIP","floor":23},{"not_picked":["Deflect","Acrobatics","Blade Dance"],"picked":"SKIP","floor":24},{"not_picked":["Dash","PiercingWail","Acrobatics"],"picked":"SKIP","floor":28},{"not_picked":["Terror","Underhanded Strike"],"picked":"Footwork","floor":30},{"not_picked":["Underhanded Strike","Acrobatics"],"picked":"Night Terror","floor":31},{"not_picked":["Tools of the Trade","Unload"],"picked":"Malaise","floor":33},{"not_picked":["Underhanded Strike"],"picked":"SKIP","floor":35}],"player_experience":1095773,"relics_obtained":[{"floor":6.0,"key":"MawBank"},{"floor":8.0,"key":"Orichalcum"},{"floor":9.0,"key":"Mercury Hourglass"},{"floor":12.0,"key":"Whetstone"},{"floor":14.0,"key":"Ancient Tea Set"},{"floor":26,"key":"Paper Crane"}],"event_choices":[{"damage_healed":0.0,"max_hp_gain":0.0,"max_hp_loss":0.0,"gold_gain":0.0,"event_name":"Upgrade Shrine","player_choice":"Upgraded","floor":2.0,"gold_loss":0.0,"damage_taken":0.0,"cards_upgraded":["Neutralize"]},{"cards_removed":["Strike_G"],"damage_healed":0.0,"max_hp_gain":0.0,"max_hp_loss":0.0,"gold_gain":0.0,"event_name":"Living Wall","player_choice":"Forget","floor":4.0,"gold_loss":0.0,"damage_taken":0.0},{"cards_removed":["AscMod:ascendersbane"],"damage_healed":0,"gold_gain":0,"player_choice":"Removed Curses","damage_taken":0,"max_hp_gain":0,"max_hp_loss":0,"event_name":"Fountain of Cleansing","floor":20,"gold_loss":0},{"damage_healed":0,"gold_gain":0,"player_choice":"Paid Fearfully","damage_taken":0,"max_hp_gain":0,"max_hp_loss":0,"event_name":"Masked Bandits","floor":25,"gold_loss":45},{"cards_removed":["Defend_G"],"damage_healed":0,"gold_gain":0,"player_choice":"Elegance","damage_taken":0,"max_hp_gain":0,"max_hp_loss":0,"event_name":"Back to Basics","floor":29,"gold_loss":0}],"is_beta":false,"boss_relics":[{"not_picked":["TwistingMind"],"picked":"Accursed"},{"not_picked":["TwistingMind"],"picked":"Accursed"},{"not_picked":["Ring of the Serpent","Eternal Feather"],"picked":"Empty Cage"},{"not_picked":["TwistingMind"],"picked":"MetallicRebirth"},{"not_picked":["TwistingMind"],"picked":"MetallicRebirth"},{"not_picked":["Pandora\u0027s Box","Orrery"],"picked":"Busted Crown"}],"items_purged_floors":[3,19],"is_endless":false,"potions_floor_spawned":[5,10,11,23,24,28,35],"killed_by":"3 Darklings","ascension_level":25}