{"gold_per_floor":[116,116,116,130,146,146,187,187,187,187],"floor_reached":10,"playtime":178,"items_purged":[],"score":116,"play_id":"b1b9c2ea-d166-4cd2-8fb0-bdf0947f1009","local_time":"20190930000733","is_ascension_mode":true,"campfire_choices":[{"data":"Vigilance","floor":6,"key":"SMITH"},{"data":"Collect","floor":8,"key":"SMITH"}],"neow_cost":"NONE","seed_source_timestamp":591311775810800,"circlet_count":0,"master_deck":["AscendersBane","Strike_P","Strike_P","Strike_P","Strike_P+1","Defend_P","Defend_P","Defend_P+1","Defend_P","Eruption","Vigilance+1","Indignation","Collect+1"],"relics":["Coffee Dripper","Golden Idol","TungstenRod","Pantograph"],"potions_floor_usage":[7],"damage_taken":[{"damage":0,"enemies":"Jaw Worm","floor":1,"turns":3},{"damage":0,"enemies":"Small Slimes","floor":4,"turns":2},{"damage":0,"enemies":"2 Louse","floor":5,"turns":1},{"damage":24,"enemies":"3 Sentries","floor":7,"turns":7},{"damage":18,"enemies":"Gremlin Gang","floor":10,"turns":1}],"seed_played":"5140554333002626357","potions_obtained":[{"floor":1,"key":"Explosive Potion"},{"floor":4,"key":"Ancient Potion"}],"is_trial":false,"path_per_floor":["M","?","?","M","M","R","E","R","T","M"],"character_chosen":"WATCHER","items_purchased":[],"campfire_rested":0,"item_purchase_floors":[],"current_hp_per_floor":[61,41,41,41,41,41,17,17,17,0],"gold":187,"neow_bonus":"BOSS_RELIC","is_prod":false,"is_daily":false,"chose_seed":false,"campfire_upgraded":2,"win_rate":0,"timestamp":1569776853,"path_taken":["M","?","?","M","M","R","E","R","T","M"],"build_version":"2019-09-27","purchased_purges":0,"victory":false,"max_hp_per_floor":[68,68,62,62,62,62,62,62,62,62],"card_choices":[{"not_picked":["CarveReality","EmptyBody"],"picked":"Indignation","floor":1},{"not_picked":["Consecrate","FlyingSleeves"],"picked":"Collect","floor":4},{"not_picked":["WaveOfTheHand","Wireheading","CarveReality"],"picked":"SKIP","floor":5},{"not_picked":["Prostrate","Evaluate","Fasting"],"picked":"SKIP","floor":7}],"player_experience":1172368,"relics_obtained":[{"floor":7,"key":"TungstenRod"},{"floor":9,"key":"Pantograph"}],"event_choices":[{"damage_healed":0,"gold_gain":0,"player_choice":"Entered Light","damage_taken":20,"max_hp_gain":0,"max_hp_loss":0,"event_name":"Shining Light","floor":2,"gold_loss":0,"cards_upgraded":["Defend_P","Strike_P"]},{"damage_healed":0,"gold_gain":0,"player_choice":"Lose Max HP","damage_taken":0,"relics_obtained":["Golden Idol"],"max_hp_gain":0,"max_hp_loss":6,"event_name":"Golden Idol","floor":3,"gold_loss":0}],"is_beta":true,"boss_relics":[],"items_purged_floors":[],"is_endless":false,"potions_floor_spawned":[1,4],"killed_by":"Gremlin Gang","ascension_level":15}