{"gold_per_floor":[111,129,129,141,161,190,209,209,209,235,235,270,270,280,280,383,383,399,399,80,91,91,119,119,139,193,193,193,226,226,69,69,69],"floor_reached":33,"playtime":2976,"items_purged":[],"score":328,"play_id":"66b86eeb-5ca5-412f-9d38-dc4f1991864c","local_time":"20190727163932","is_ascension_mode":false,"campfire_choices":[{"floor":8,"key":"REST"},{"data":"Havoc","floor":15,"key":"SMITH"},{"data":"Inflame","floor":24,"key":"SMITH"},{"data":"Armaments","floor":27,"key":"SMITH"},{"data":"Heavy Blade","floor":30,"key":"SMITH"},{"floor":32,"key":"RECALL"}],"neow_cost":"NONE","seed_source_timestamp":69948038100255,"circlet_count":0,"master_deck":["Strike_R","Strike_R","Strike_R","Strike_R","Defend_R","Defend_R","Defend_R","Defend_R","Bash","Twin Strike","Headbutt","Anger","Immolate","Havoc+1","Inflame+1","Thunderclap","Armaments+1","Shrug It Off","Offering","Cleave","Feed","Heavy Blade+1","Rampage","Iron Wave+1","Pommel Strike","Twin Strike+1","Armaments+1","Dropkick","Trip+1"],"relics":["Burning Blood","NeowsBlessing","NlothsMask","Champion Belt","Lantern","Mummified Hand","Black Star","MealTicket","Toxic Egg 2","Prayer Wheel","Bag of Preparation","Nunchaku","Regal Pillow","Happy Flower"],"potions_floor_usage":[23,23,33],"damage_taken":[{"damage":0,"enemies":"Cultist","floor":1,"turns":1},{"damage":0,"enemies":"2 Louse","floor":2,"turns":1},{"damage":0,"enemies":"Jaw Worm","floor":4,"turns":1},{"damage":7,"enemies":"Exordium Wildlife","floor":5,"turns":4},{"damage":27,"enemies":"Gremlin Nob","floor":6,"turns":4},{"damage":14,"enemies":"Blue Slaver","floor":7,"turns":3},{"damage":13,"enemies":"3 Sentries","floor":10,"turns":4},{"damage":8,"enemies":"Gremlin Nob","floor":12,"turns":3},{"damage":6,"enemies":"Large Slime","floor":14,"turns":3},{"damage":10,"enemies":"Slime Boss","floor":16,"turns":7},{"damage":6,"enemies":"2 Thieves","floor":18,"turns":3},{"damage":27,"enemies":"Spheric Guardian","floor":21,"turns":4},{"damage":33,"enemies":"Gremlin Leader","floor":23,"turns":7},{"damage":19,"enemies":"3 Cultists","floor":25,"turns":4},{"damage":20,"enemies":"Slavers","floor":29,"turns":5},{"damage":81,"enemies":"Collector","floor":33,"turns":7}],"seed_played":"6034990947236648890","potions_obtained":[{"floor":1,"key":"BloodPotion"},{"floor":4,"key":"SpeedPotion"},{"floor":6,"key":"PowerPotion"},{"floor":16,"key":"BloodPotion"},{"floor":29,"key":"Dexterity Potion"}],"is_trial":false,"path_per_floor":["M","M","?","M","M","E","M","R","T","E","?","E","?","M","R","B",null,"M","?","$","M","T","E","R","M","T","R","T","E","R","$","R","B"],"character_chosen":"IRONCLAD","items_purchased":["MealTicket","Feed","Heavy Blade","Dropkick","Trip+1"],"campfire_rested":1,"item_purchase_floors":[20,20,20,31,31],"current_hp_per_floor":[80,80,80,80,79,58,50,74,74,67,60,58,63,63,63,59,85,85,69,69,48,48,65,65,55,55,55,55,44,44,59,59,0],"gold":69,"neow_bonus":"THREE_ENEMY_KILL","is_prod":false,"is_daily":false,"chose_seed":false,"campfire_upgraded":4,"win_rate":0,"timestamp":1564263572,"path_taken":["M","M","?","?","M","E","M","R","T","E","?","E","?","M","R","BOSS","M","?","$","M","?","E","R","M","T","R","?","E","R","?","R","BOSS"],"build_version":"2019-07-17","purchased_purges":0,"victory":false,"max_hp_per_floor":[80,80,80,80,80,80,80,80,80,80,80,80,85,85,85,85,85,85,90,90,90,90,90,90,93,93,93,93,96,96,96,96,96],"card_choices":[{"not_picked":["Rupture","Pommel Strike"],"picked":"Twin Strike","floor":1},{"not_picked":["Anger","Sentinel"],"picked":"Headbutt","floor":2},{"not_picked":["Battle Trance","Heavy Blade"],"picked":"Anger","floor":4},{"not_picked":["Fire Breathing","Headbutt"],"picked":"Immolate","floor":5},{"not_picked":["Fire Breathing","Dual Wield"],"picked":"Havoc","floor":6},{"not_picked":["Intimidate","Feel No Pain"],"picked":"Inflame","floor":7},{"not_picked":["Power Through","Warcry"],"picked":"Thunderclap","floor":10},{"not_picked":["Combust","Seeing Red"],"picked":"Armaments","floor":12},{"not_picked":["Cleave","Warcry"],"picked":"Shrug It Off","floor":14},{"not_picked":["Barricade","Berserk"],"picked":"Offering","floor":16},{"not_picked":["Clothesline","Ghostly Armor"],"picked":"Cleave","floor":18},{"not_picked":["Hemokinesis+1","Corruption"],"picked":"Rampage","floor":21},{"not_picked":["True Grit+1","Sentinel"],"picked":"Iron Wave+1","floor":23},{"not_picked":["Immolate","Perfected Strike+1"],"picked":"Pommel Strike","floor":25},{"not_picked":["Warcry+1","Whirlwind"],"picked":"Twin Strike+1","floor":25},{"not_picked":["Wild Strike","Thunderclap"],"picked":"Armaments+1","floor":29}],"player_experience":147456,"relics_obtained":[{"floor":6,"key":"Champion Belt"},{"floor":10,"key":"Lantern"},{"floor":12,"key":"Mummified Hand"},{"floor":23,"key":"Toxic Egg 2"},{"floor":23,"key":"Prayer Wheel"},{"floor":26,"key":"Bag of Preparation"},{"floor":28,"key":"Nunchaku"},{"floor":29,"key":"Regal Pillow"},{"floor":29,"key":"Happy Flower"}],"event_choices":[{"damage_healed":0,"gold_gain":0,"player_choice":"Trade","damage_taken":0,"relics_obtained":["NlothsMask"],"max_hp_gain":0,"max_hp_loss":0,"event_name":"FaceTrader","floor":3,"gold_loss":0},{"cards_removed":["Strike_R"],"damage_healed":0,"gold_gain":0,"player_choice":"Card Removal","damage_taken":7,"max_hp_gain":0,"max_hp_loss":0,"event_name":"Golden Wing","floor":11,"gold_loss":0},{"damage_healed":0,"gold_gain":0,"player_choice":"Donut","damage_taken":0,"max_hp_gain":5,"max_hp_loss":0,"event_name":"Big Fish","floor":13,"gold_loss":0},{"damage_healed":0,"gold_gain":0,"player_choice":"Shed Blood","damage_taken":21,"max_hp_gain":5,"max_hp_loss":0,"event_name":"Forgotten Altar","floor":19,"gold_loss":0}],"is_beta":false,"boss_relics":[{"not_picked":["White Beast Statue","Calling Bell"],"picked":"Black Star"}],"items_purged_floors":[],"is_endless":false,"potions_floor_spawned":[1,4,6,16,18,21,29],"killed_by":"Collector","ascension_level":0}