{"gold_per_floor":[144,144,189,234,279,279,369,319,369,414,414,504,639,684,684,984,984,984,1029,1074,424,424],"floor_reached":22,"playtime":854,"items_purged":["Strike_G"],"score":248,"play_id":"511f3262-bf3e-42e3-819f-a9fb12660694","local_time":"20180704084500","daily_mods":["Allstar","Midas","Binary"],"is_ascension_mode":false,"campfire_choices":[{"floor":6,"key":"REST"},{"floor":11,"key":"REST"},{"floor":15,"key":"REST"}],"neow_cost":"","seed_source_timestamp":0,"circlet_count":0,"master_deck":["Defend_G","Defend_G","Defend_G","Defend_G","Strike_G","Strike_G","Strike_G","Strike_G","Survivor+1","Neutralize","Swift Strike","Dramatic Entrance","PanicButton","Good Instincts+1","Sadistic Nature","Slice","Dagger Throw","Cloak And Dagger","Night Terror","Heel Hook","Outmaneuver","Riddle With Holes+1","Footwork+1"],"special_seed":17716,"relics":["Ring of the Snake","Bag of Marbles","Oddly Smooth Stone","Unceasing Top","Strawberry","Runic Dome","Blood Vial","Bag of Preparation","Ancient Tea Set"],"potions_floor_usage":[7,12,16,16,16,22,22],"damage_taken":[{"damage":14,"enemies":"Jaw Worm","floor":1,"turns":5},{"damage":0,"enemies":"2 Louse","floor":3,"turns":2},{"damage":0,"enemies":"Cultist","floor":4,"turns":3},{"damage":0,"enemies":"2 Fungi Beasts","floor":5,"turns":2},{"damage":7,"enemies":"Gremlin Nob","floor":7,"turns":4},{"damage":0,"enemies":"Looter","floor":10,"turns":3},{"damage":0,"enemies":"3 Sentries","floor":12,"turns":6},{"damage":0,"enemies":"3 Sentries","floor":13,"turns":8},{"damage":0,"enemies":"3 Louse","floor":14,"turns":2},{"damage":35,"enemies":"Hexaghost","floor":16,"turns":13},{"damage":4,"enemies":"2 Thieves","floor":18,"turns":5},{"damage":0,"enemies":"Chosen","floor":19,"turns":5},{"damage":61,"enemies":"Sentry and Sphere","floor":20,"turns":8},{"damage":16,"enemies":"Snake Plant","floor":22,"turns":3}],"seed_played":"-71874081359169380","potions_obtained":[{"floor":3,"key":"FearPotion"},{"floor":5,"key":"LiquidBronze"},{"floor":7,"key":"AttackPotion"},{"floor":12,"key":"Swift Potion"},{"floor":13,"key":"GhostInAJar"},{"floor":16,"key":"Energy Potion"}],"is_trial":false,"path_per_floor":["M","?","M","M","M","R","E","?","T","M","R","E","?","M","R","B",null,"M","M","M","$"],"character_chosen":"THE_SILENT","items_purchased":["Blood Vial","GamblersBrew","SpeedPotion","Bag of Preparation","Ancient Tea Set"],"campfire_rested":3,"item_purchase_floors":[21,21,21,21,21],"current_hp_per_floor":[56,42,42,42,42,63,56,56,56,56,70,70,77,77,77,42,77,73,73,12,12,0],"gold":424,"neow_bonus":"","is_prod":false,"is_daily":true,"chose_seed":false,"campfire_upgraded":0,"win_rate":0,"timestamp":1530670500,"path_taken":["M","?","M","?","M","R","E","?","T","M","R","E","?","?","R","BOSS","M","M","M","$","?"],"build_version":"2018-07-02","purchased_purges":1,"victory":false,"max_hp_per_floor":[70,70,70,70,70,70,70,70,70,70,70,70,77,77,77,77,77,77,77,77,77,77],"card_choices":[{"not_picked":["Prepared"],"picked":"Slice","floor":1},{"not_picked":["Endless Agony"],"picked":"Dagger Throw","floor":3},{"not_picked":["Deflect","Caltrops"],"picked":"SKIP","floor":4},{"not_picked":["Acrobatics"],"picked":"Cloak And Dagger","floor":5},{"not_picked":["Deadly Poison","Dodge and Roll"],"picked":"SKIP","floor":7},{"not_picked":["Dash"],"picked":"Night Terror","floor":10},{"not_picked":["Flechettes"],"picked":"Heel Hook","floor":12},{"not_picked":["Expertise","Deflect"],"picked":"SKIP","floor":14},{"not_picked":["Slice"],"picked":"Outmaneuver","floor":18},{"not_picked":["Outmaneuver"],"picked":"Riddle With Holes+1","floor":19},{"not_picked":["Slice"],"picked":"Footwork+1","floor":20}],"player_experience":135630,"relics_obtained":[{"floor":7,"key":"Bag of Marbles"},{"floor":9,"key":"Oddly Smooth Stone"},{"floor":12,"key":"Unceasing Top"},{"floor":13,"key":"Strawberry"}],"event_choices":[{"event_name":"Shining Light","player_choice":"Entered Light","floor":2,"damage_taken":0},{"event_name":"The Cleric","player_choice":"Card Removal","floor":8,"damage_taken":0},{"event_name":"Dead Adventurer","player_choice":"Searched \u00271\u0027 times","floor":13,"damage_taken":0}],"boss_relics":[{"not_picked":["White Beast Statue","Runic Pyramid"],"picked":"Runic Dome"}],"items_purged_floors":[21],"is_endless":false,"potions_floor_spawned":[3,5,7,12,13,16],"killed_by":"Snake Plant","ascension_level":0}