{"path_per_floor":["M","?","?","M","?","R","E","?","T","E","R","E","$","E","R","B",null,"M","?","M","$","M","E","M","E","T","E","?","E","$","E","R","B",null,"M","M","$","?","M","E","R","E","T","M","$","M","E","M","R","B"],"character_chosen":"DEFECT","items_purchased":["True Grit","Calipers","Jack Of All Trades","EssenceOfSteel"],"gold_per_floor":[114,114,114,129,129,129,159,209,209,239,239,269,194,224,224,324,324,339,389,404,304,319,349,364,394,394,424,397,427,300,330,330,430,430,445,460,310,360,375,405,405,435,485,550,74,139,169,234,234,234],"floor_reached":51,"campfire_rested":0,"playtime":2597,"item_purchase_floors":[],"current_hp_per_floor":[69,74,74,74,74,74,56,56,56,43,43,24,24,24,24,3,80,76,76,73,73,66,62,64,66,66,68,68,69,69,70,70,66,80,80,80,80,70,71,65,65,64,64,63,63,62,61,63,63,59],"items_purged":["Defend_B","Strike_B","Defend_B","All For One+1"],"gold":234,"score":1109,"play_id":"edaaa7a4-91e8-4488-ab19-5845aa0dbe42","local_time":"20180627111001","daily_mods":["Diverse","Elite Swarm","Night Terrors"],"is_prod":false,"is_daily":true,"chose_seed":false,"is_ascension_mode":false,"campfire_upgraded":4,"win_rate":0,"timestamp":1530074401,"campfire_choices":[{"data":"Clothesline","floor":6.0,"key":"SMITH"},{"data":"Adrenaline","floor":11.0,"key":"SMITH"},{"data":"Burst","floor":15.0,"key":"SMITH"},{"data":"Night Terror","floor":32.0,"key":"SMITH"},{"data":"1","floor":41.0,"key":"LIFT"},{"data":"2","floor":49,"key":"LIFT"}],"path_taken":["M","?","?","M","?","R","E","?","T","E","R","E","$","E","R","BOSS","M","?","M","$","M","E","M","E","T","E","?","E","?","E","R","BOSS","M","M","$","?","M","E","R","E","T","?","$","?","E","?","R","BOSS"],"build_version":"2018-06-21","seed_source_timestamp":0,"purchased_purges":4,"circlet_count":0,"victory":true,"master_deck":["Defend_B+1","Zap+1","Dualcast","Doppelganger","Clothesline+1","Burst+1","Adrenaline+1","Die Die Die","Wraith Form v2+1","After Image","Predator+1","Doom and Gloom+1","Electrodynamics","Night Terror+1","J.A.X.+1","Creative AI","True Grit","Double Tap","Electrodynamics+1","Heel Hook+1","Backflip","Madness","Madness","Flame Barrier+1","After Image","Hyperbeam+1","Jack Of All Trades","Tools of the Trade","Backflip"],"max_hp_per_floor":[75,80,80,80,80,80,80,80,80,80,80,80,80,80,80,80,80,80,80,80,80,80,80,80,80,80,80,80,80,80,80,80,80,80,80,80,80,80,80,80,80,80,80,80,80,80,80,80,80,80],"special_seed":17709,"relics":["Cracked Core","SsserpentHead","Anchor","Dodecahedron","Pen Nib","Thread and Needle","Molten Egg 2","Runic Dome","Blood Vial","Shovel","Mummified Hand","Girya","War Paint","Ancient Tea Set","Astrolabe","Potion Belt","Bronze Scales","Oddly Smooth Stone","Calipers","Ginger"],"card_choices":[{"not_picked":["Body Slam","Steam","Redo"],"picked":"SKIP","floor":1.0},{"not_picked":["Consume","Genetic Algorithm"],"picked":"Clothesline","floor":4.0},{"not_picked":["Night Terror","Creative AI"],"picked":"Burst","floor":7.0},{"not_picked":["Immolate","Amplify"],"picked":"Adrenaline","floor":10.0},{"not_picked":["Venomology","Barricade"],"picked":"Die Die Die","floor":12.0},{"not_picked":["Impervious","All For One"],"picked":"Wraith Form v2","floor":14.0},{"not_picked":["Echo Form","Unload+1"],"picked":"After Image","floor":16.0},{"not_picked":["Clothesline+1","Intimidate"],"picked":"Predator+1","floor":18.0},{"not_picked":["Underhanded Strike+1","Shockwave"],"picked":"Doom and Gloom+1","floor":20.0},{"not_picked":["Wild Strike+1","Coolheaded","Barrage+1"],"picked":"SKIP","floor":22.0},{"not_picked":["Exhume","Buffer"],"picked":"Electrodynamics","floor":23.0},{"not_picked":["Accuracy","Armaments","Twin Strike+1"],"picked":"SKIP","floor":24.0},{"not_picked":["Berserk","Reboot"],"picked":"Night Terror","floor":25.0},{"not_picked":["Berserk","Bludgeon+1","Juggernaut"],"picked":"SKIP","floor":27.0},{"not_picked":["All For One+1","Biased Cognition"],"picked":"Creative AI","floor":29.0},{"not_picked":["Storm of Steel","Venomology"],"picked":"Double Tap","floor":31.0},{"not_picked":["Defragment","Coolheaded+1"],"picked":"Backflip","floor":35.0},{"not_picked":["Noxious Fumes+1","Reflex+1","Blade Dance+1"],"picked":"SKIP","floor":36.0},{"not_picked":["Go for the Eyes+1","Catalyst+1"],"picked":"Flame Barrier+1","floor":39.0},{"not_picked":["Fiend Fire+1","Electrodynamics","After Image"],"picked":"SKIP","floor":40.0},{"not_picked":["Fiend Fire+1","Electrodynamics"],"picked":"After Image","floor":40.0},{"not_picked":["Envenom","Brutality"],"picked":"Hyperbeam+1","floor":42},{"not_picked":["Poisoned Stab+1","Streamline+1","Flying Knee+1"],"picked":"SKIP","floor":44},{"not_picked":["Infinite Blades+1","Cloak And Dagger","Crippling Poison+1"],"picked":"SKIP","floor":46},{"not_picked":["All For One+1","Machine Learning"],"picked":"Tools of the Trade","floor":47},{"not_picked":["Carnage+1","Turbo+1"],"picked":"Backflip","floor":48}],"player_experience":115819,"potions_floor_usage":[50,50,50,50],"damage_taken":[{"damage":6.0,"enemies":"Jaw Worm","floor":1.0,"turns":4.0},{"damage":0.0,"enemies":"2 Louse","floor":4.0,"turns":2.0},{"damage":18.0,"enemies":"Gremlin Nob","floor":7.0,"turns":4.0},{"damage":13.0,"enemies":"Lagavulin","floor":10.0,"turns":6.0},{"damage":19.0,"enemies":"3 Sentries","floor":12.0,"turns":6.0},{"damage":0.0,"enemies":"Gremlin Nob","floor":14.0,"turns":2.0},{"damage":21.0,"enemies":"The Guardian","floor":16.0,"turns":12.0},{"damage":4.0,"enemies":"Chosen","floor":18.0,"turns":4.0},{"damage":3.0,"enemies":"3 Byrds","floor":20.0,"turns":4.0},{"damage":7.0,"enemies":"Cultist and Chosen","floor":22.0,"turns":6.0},{"damage":4.0,"enemies":"Book of Stabbing","floor":23.0,"turns":5.0},{"damage":0.0,"enemies":"Snake Plant","floor":24.0,"turns":4.0},{"damage":0.0,"enemies":"Gremlin Leader","floor":25.0,"turns":5.0},{"damage":0.0,"enemies":"Book of Stabbing","floor":27.0,"turns":5.0},{"damage":1.0,"enemies":"Gremlin Leader","floor":29.0,"turns":7.0},{"damage":1.0,"enemies":"Book of Stabbing","floor":31.0,"turns":5.0},{"damage":6.0,"enemies":"Champ","floor":33.0,"turns":8.0},{"damage":0.0,"enemies":"3 Shapes","floor":35.0,"turns":2.0},{"damage":0.0,"enemies":"Orb Walker","floor":36.0,"turns":2.0},{"damage":1.0,"enemies":"Maw","floor":39.0,"turns":5.0},{"damage":8.0,"enemies":"Nemesis","floor":40.0,"turns":5.0},{"damage":3.0,"enemies":"Giant Head","floor":42.0,"turns":7.0},{"damage":3,"enemies":"Flame Bruiser 2 Orb","floor":44,"turns":1},{"damage":3,"enemies":"4 Shapes","floor":46,"turns":2},{"damage":3,"enemies":"2 Orb Walkers","floor":47,"turns":3},{"damage":0,"enemies":"Sphere and 2 Shapes","floor":48,"turns":1},{"damage":6,"enemies":"Awakened One","floor":50,"turns":8}],"relics_obtained":[{"floor":7.0,"key":"Anchor"},{"floor":9.0,"key":"Dodecahedron"},{"floor":10.0,"key":"Pen Nib"},{"floor":12.0,"key":"Thread and Needle"},{"floor":14.0,"key":"Molten Egg 2"},{"floor":23.0,"key":"Blood Vial"},{"floor":25.0,"key":"Shovel"},{"floor":26.0,"key":"Mummified Hand"},{"floor":27.0,"key":"Girya"},{"floor":29.0,"key":"War Paint"},{"floor":31.0,"key":"Ancient Tea Set"},{"floor":40.0,"key":"Potion Belt"},{"floor":42,"key":"Bronze Scales"},{"floor":43,"key":"Oddly Smooth Stone"},{"floor":47,"key":"Ginger"}],"event_choices":[{"event_name":"Big Fish","player_choice":"Donut","floor":2.0,"damage_taken":0.0},{"event_name":"Transmorgrifier","player_choice":"Transform","floor":3.0,"damage_taken":0.0},{"event_name":"FaceTrader","player_choice":"Took Mask Of The Ssserpant","floor":5.0,"damage_taken":0.0},{"event_name":"Accursed Blacksmith","player_choice":"Forge","floor":8.0,"damage_taken":0.0},{"event_name":"Upgrade Shrine","player_choice":"Upgraded","floor":19.0,"damage_taken":0.0},{"event_name":"Drug Dealer","player_choice":"Got JAXXED","floor":28.0,"damage_taken":0.0},{"event_name":"Winding Halls","player_choice":"Embrace Madness","floor":38.0,"damage_taken":0.0}],"boss_relics":[{"not_picked":["Black Star","Busted Crown"],"picked":"Runic Dome"},{"not_picked":["Calling Bell","Pandora\u0027s Box"],"picked":"Astrolabe"}],"items_purged_floors":[],"is_endless":false,"potions_floor_spawned":[7,10,23,25,29,33,36,42,44,46],"seed_played":"2115079789110549664","ascension_level":0,"potions_obtained":[{"floor":7.0,"key":"Weak Potion"},{"floor":10.0,"key":"FearPotion"},{"floor":23.0,"key":"Fire Potion"},{"floor":25.0,"key":"Strength Potion"},{"floor":29.0,"key":"FocusPotion"},{"floor":33.0,"key":"SteroidPotion"},{"floor":36.0,"key":"Ancient Potion"},{"floor":42,"key":"GamblersBrew"},{"floor":44,"key":"Fire Potion"}],"is_trial":false}