{"gold_per_floor":[118,19,35,54,54,81,81,114,114,114,124,144,144,144,144,243,243,258,203,203,216,233,233,261,261,310,359,372,399,418,434,434,539,539,557,568,588,176,22,22,32,32,32,32,52,69,5,5,5,5,5,5,5,33,33],"floor_reached":55,"playtime":3523,"items_purged":["Strike_G","Grand Finale+1"],"score":888,"play_id":"ade17bc3-249b-44d8-aed3-f8bdf000f455","local_time":"20190927154628","is_ascension_mode":true,"campfire_choices":[{"floor":7,"key":"REST"},{"floor":10,"key":"REST"},{"floor":15,"key":"REST"},{"floor":23,"key":"REST"},{"floor":32,"key":"REST"},{"floor":40,"key":"RECALL"},{"data":"A Thousand Cuts","floor":42,"key":"SMITH"},{"data":"Corpse Explosion","floor":44,"key":"SMITH"},{"floor":49,"key":"REST"},{"data":"Doppelganger","floor":52,"key":"SMITH"}],"neow_cost":"NONE","seed_source_timestamp":1296394993904300,"circlet_count":0,"master_deck":["Survivor","Neutralize+1","Underhanded Strike","PiercingWail","Leg Sweep+1","Acrobatics","Blur","Corpse Explosion","Poisoned Stab","Deadly Poison","Bullet Time","Dagger Spray+1","Dash+1","Corpse Explosion+1","RitualDagger+1","Eviscerate+1","A Thousand Cuts+1","Leg Sweep","Doppelganger+1","Glass Knife+1","Bouncing Flask","Adrenaline","Crippling Poison","Bullet Time","Backstab+1","Glass Knife+1","Bouncing Flask","Underhanded Strike+1","Footwork","Acrobatics+1","The Bomb","Predator+1","Magnetism","Poisoned Stab+1","Eviscerate+1","Crippling Poison+1","Malaise","Catalyst","Apotheosis","Discovery","Predator+1"],"relics":["Ring of the Snake","NeowsBlessing","Paper Crane","Ginger","Peace Pipe","Snecko Eye","Tiny Chest","Molten Egg 2","Shuriken","Anchor","Ancient Tea Set","Omamori","Pandora\u0027s Box","Membership Card","Juzu Bracelet","Question Card","The Specimen"],"potions_floor_usage":[6,8,8,16,16,16,22,24,29,41,45,55],"damage_taken":[{"damage":0,"enemies":"Cultist","floor":1,"turns":1},{"damage":0,"enemies":"Jaw Worm","floor":3,"turns":1},{"damage":0,"enemies":"2 Louse","floor":4,"turns":2},{"damage":29,"enemies":"Lagavulin","floor":6,"turns":10},{"damage":34,"enemies":"Gremlin Nob","floor":8,"turns":8},{"damage":0,"enemies":"Blue Slaver","floor":11,"turns":5},{"damage":2,"enemies":"Exordium Wildlife","floor":12,"turns":3},{"damage":37,"enemies":"Slime Boss","floor":16,"turns":16},{"damage":3,"enemies":"Spheric Guardian","floor":18,"turns":5},{"damage":3,"enemies":"Shell Parasite","floor":21,"turns":7},{"damage":18,"enemies":"Centurion and Healer","floor":22,"turns":6},{"damage":19,"enemies":"Book of Stabbing","floor":24,"turns":5},{"damage":0,"enemies":"Snecko","floor":28,"turns":4},{"damage":0,"enemies":"Slavers","floor":29,"turns":2},{"damage":0,"enemies":"3 Cultists","floor":30,"turns":2},{"damage":0,"enemies":"Sentry and Sphere","floor":31,"turns":2},{"damage":31,"enemies":"Automaton","floor":33,"turns":8},{"damage":0,"enemies":"3 Shapes","floor":35,"turns":2},{"damage":0,"enemies":"Orb Walker","floor":36,"turns":3},{"damage":0,"enemies":"Jaw Worm Horde","floor":37,"turns":2},{"damage":12,"enemies":"Transient","floor":41,"turns":5},{"damage":0,"enemies":"3 Darklings","floor":45,"turns":3},{"damage":0,"enemies":"Spire Growth","floor":46,"turns":3},{"damage":28,"enemies":"Time Eater","floor":50,"turns":11},{"damage":30,"enemies":"Shield and Spear","floor":54,"turns":4},{"damage":66,"enemies":"The Heart","floor":55,"turns":5}],"seed_played":"-4121332727891909628","potions_obtained":[{"floor":1,"key":"PowerPotion"},{"floor":3,"key":"Swift Potion"},{"floor":5,"key":"GhostInAJar"},{"floor":5,"key":"FairyPotion"},{"floor":6,"key":"Swift Potion"},{"floor":11,"key":"EntropicBrew"},{"floor":12,"key":"Energy Potion"},{"floor":22,"key":"Poison Potion"},{"floor":28,"key":"Swift Potion"},{"floor":29,"key":"LiquidBronze"},{"floor":33,"key":"Fire Potion"},{"floor":36,"key":"Poison Potion"}],"is_trial":false,"path_per_floor":["M","$","M","M","?","E","R","E","T","R","M","M","?","?","R","B",null,"M","?","T","M","M","R","E","?","T","T","M","E","M","M","R","B",null,"M","M","M","$","$","R","M","R","T","R","M","M","$","?","R","B",null,"R","$","E","B"],"character_chosen":"THE_SILENT","items_purchased":["PiercingWail","Membership Card","Juzu Bracelet","The Bomb","Predator+1","Magnetism","Poisoned Stab+1","Catalyst","Poison Potion"],"campfire_rested":6,"item_purchase_floors":[2,38,38,38,39,39,39,47,47],"current_hp_per_floor":[70,70,70,70,70,41,62,28,28,49,49,47,33,21,42,5,70,67,67,67,64,46,67,48,42,42,42,42,42,42,42,63,32,70,70,70,70,70,70,70,58,58,58,58,58,58,58,48,69,41,70,70,70,40,0],"gold":33,"neow_bonus":"THREE_ENEMY_KILL","is_prod":false,"is_daily":false,"chose_seed":false,"campfire_upgraded":3,"win_rate":0,"timestamp":1569613588,"path_taken":["M","$","M","?","?","E","R","E","T","R","M","?","?","?","R","BOSS","M","?","?","M","?","R","E","?","T","?","M","E","M","M","R","BOSS","M","?","M","?","$","R","M","R","T","R","M","M","$","?","R","BOSS","R","$","E","BOSS"],"build_version":"2019-07-17","purchased_purges":2,"victory":false,"max_hp_per_floor":[70,70,70,70,70,70,70,70,70,70,70,70,70,70,70,70,70,70,70,70,70,70,70,70,70,70,70,70,70,70,70,70,70,70,70,70,70,70,70,70,70,70,70,70,70,70,70,70,70,70,70,70,70,70,70],"card_choices":[{"not_picked":["Heel Hook","Bouncing Flask"],"picked":"Underhanded Strike","floor":1},{"not_picked":["Blade Dance","Caltrops"],"picked":"Leg Sweep","floor":3},{"not_picked":["Backflip","Outmaneuver"],"picked":"Acrobatics","floor":4},{"not_picked":["Burst","Blade Dance"],"picked":"Blur","floor":6},{"not_picked":["Outmaneuver","Blade Dance"],"picked":"Corpse Explosion","floor":8},{"not_picked":["Bane","Acrobatics"],"picked":"Poisoned Stab","floor":11},{"not_picked":["Bouncing Flask","Tactician"],"picked":"Deadly Poison","floor":12},{"not_picked":["Die Die Die","Venomology"],"picked":"Bullet Time","floor":16},{"not_picked":["Backflip","Prepared"],"picked":"Dagger Spray+1","floor":18},{"not_picked":["Footwork+1","Noxious Fumes"],"picked":"Dash+1","floor":21},{"not_picked":["Dagger Spray+1","Infinite Blades+1","Outmaneuver"],"picked":"SKIP","floor":22},{"not_picked":["Poisoned Stab+1","Underhanded Strike+1"],"picked":"Corpse Explosion","floor":24},{"not_picked":["Choke+1","Deflect"],"picked":"Eviscerate+1","floor":28},{"not_picked":["Terror","Bane+1"],"picked":"A Thousand Cuts","floor":29},{"not_picked":["PiercingWail","Masterful Stab+1","Bane+1"],"picked":"SKIP","floor":30},{"not_picked":["Distraction","Slice+1"],"picked":"Leg Sweep","floor":31},{"not_picked":["Malaise","Storm of Steel"],"picked":"Doppelganger","floor":33},{"not_picked":["Blade Dance+1","Flying Knee+1"],"picked":"Underhanded Strike+1","floor":35},{"not_picked":["Quick Slash+1","Dagger Throw+1"],"picked":"Footwork","floor":36},{"not_picked":["Dagger Throw+1","Finisher+1"],"picked":"Acrobatics+1","floor":37},{"not_picked":["Blade Dance+1","Quick Slash+1"],"picked":"Eviscerate+1","floor":41},{"not_picked":["Acrobatics+1","Riddle With Holes+1","Endless Agony+1"],"picked":"Crippling Poison+1","floor":45},{"not_picked":["Bane+1","Catalyst+1","Dagger Spray+1"],"picked":"Malaise","floor":46},{"not_picked":["Secret Weapon","Purity","Jack Of All Trades"],"picked":"Apotheosis","floor":48},{"not_picked":["Good Instincts","Mayhem","Flash of Steel+1"],"picked":"Discovery","floor":48},{"not_picked":["Dagger Throw+1","Bane+1","Calculated Gamble"],"picked":"Predator+1","floor":54}],"player_experience":140751,"relics_obtained":[{"floor":6,"key":"Paper Crane"},{"floor":8,"key":"Ginger"},{"floor":20,"key":"Molten Egg 2"},{"floor":24,"key":"Shuriken"},{"floor":26,"key":"Anchor"},{"floor":27,"key":"Ancient Tea Set"},{"floor":29,"key":"Omamori"},{"floor":43,"key":"Question Card"},{"floor":54,"key":"The Specimen"}],"event_choices":[{"damage_healed":0,"gold_gain":0,"player_choice":"Got Potions","damage_taken":0,"max_hp_gain":0,"max_hp_loss":0,"event_name":"Lab","floor":5,"gold_loss":0},{"damage_healed":0,"gold_gain":0,"player_choice":"Entered Light","damage_taken":14,"max_hp_gain":0,"max_hp_loss":0,"event_name":"Shining Light","floor":13,"gold_loss":0,"cards_upgraded":["Neutralize","Leg Sweep"]},{"damage_healed":0,"gold_gain":0,"player_choice":"Success","damage_taken":12,"relics_obtained":["Peace Pipe"],"max_hp_gain":0,"max_hp_loss":0,"event_name":"Scrap Ooze","floor":14,"gold_loss":0},{"damage_healed":0,"gold_gain":0,"player_choice":"Obtained Relic","damage_taken":0,"relics_obtained":["Tiny Chest"],"max_hp_gain":0,"max_hp_loss":0,"event_name":"Addict","floor":19,"gold_loss":85},{"damage_healed":0,"gold_gain":0,"player_choice":"Joined the Cult","damage_taken":6,"max_hp_gain":0,"max_hp_loss":0,"event_name":"Nest","floor":25,"gold_loss":0,"cards_obtained":["RitualDagger"]},{"damage_healed":0,"gold_gain":0,"player_choice":"Memory 3","damage_taken":10,"max_hp_gain":0,"max_hp_loss":0,"event_name":"SensoryStone","floor":48,"gold_loss":0}],"is_beta":false,"boss_relics":[{"not_picked":["Philosopher\u0027s Stone","Orrery"],"picked":"Snecko Eye"},{"not_picked":["Eternal Feather","HoveringKite"],"picked":"Pandora\u0027s Box"}],"items_purged_floors":[2,38],"is_endless":false,"potions_floor_spawned":[1,3,6,11,12,22,28,29,33,36],"killed_by":"The Heart","ascension_level":4}