{"gold_per_floor":[111,126,51,68,80,80,99,128,128,128,142,142],"floor_reached":12,"playtime":472,"items_purged":[],"score":164,"play_id":"b20586c5-7d5e-4939-8895-6f18d27d8f83","local_time":"20190928102819","is_ascension_mode":true,"campfire_choices":[{"data":"Armaments","floor":6,"key":"SMITH"},{"floor":10,"key":"REST"}],"neow_cost":"NONE","seed_source_timestamp":987229311982100,"circlet_count":0,"master_deck":["AscendersBane","Strike_R","Strike_R","Strike_R","Strike_R","Defend_R","Defend_R","Defend_R","Defend_R","Bash","Trip","Shrug It Off","Clothesline","Shrug It Off","Armaments+1","Berserk","Seeing Red"],"relics":["Burning Blood","Sundial","StoneCalendar"],"potions_floor_usage":[7],"damage_taken":[{"damage":9,"enemies":"Jaw Worm","floor":1,"turns":4},{"damage":0,"enemies":"2 Louse","floor":2,"turns":4},{"damage":8,"enemies":"Small Slimes","floor":4,"turns":4},{"damage":8,"enemies":"Looter","floor":5,"turns":3},{"damage":14,"enemies":"Exordium Thugs","floor":7,"turns":7},{"damage":52,"enemies":"3 Sentries","floor":8,"turns":13},{"damage":14,"enemies":"Lots of Slimes","floor":11,"turns":6},{"damage":41,"enemies":"Gremlin Nob","floor":12,"turns":4}],"seed_played":"4917238663621925556","potions_obtained":[{"floor":2,"key":"Weak Potion"}],"is_trial":false,"path_per_floor":["M","M","?","M","M","R","M","E","T","R","M","E"],"character_chosen":"IRONCLAD","items_purchased":[],"campfire_rested":1,"item_purchase_floors":[],"current_hp_per_floor":[65,71,71,69,67,67,59,13,13,35,27,0],"gold":142,"neow_bonus":"RANDOM_COLORLESS","is_prod":false,"is_daily":false,"chose_seed":false,"campfire_upgraded":1,"win_rate":0,"timestamp":1569691699,"path_taken":["M","M","?","M","M","R","M","E","T","R","M","E"],"build_version":"2019-09-27","purchased_purges":0,"victory":false,"max_hp_per_floor":[75,75,75,75,75,75,75,75,75,75,75,75],"card_choices":[{"not_picked":["Forethought","Deep Breath"],"picked":"Trip","floor":0},{"not_picked":["Twin Strike","Iron Wave"],"picked":"Shrug It Off","floor":1},{"not_picked":["Havoc","Perfected Strike"],"picked":"Clothesline","floor":2},{"not_picked":["Armaments","Flex"],"picked":"Shrug It Off","floor":4},{"not_picked":["Thunderclap","Flex"],"picked":"Armaments","floor":5},{"not_picked":["Flex","Cleave"],"picked":"Berserk","floor":7},{"not_picked":["Flex","Perfected Strike"],"picked":"Seeing Red","floor":8},{"not_picked":["Intimidate","Dual Wield","Body Slam"],"picked":"SKIP","floor":11}],"player_experience":1084373,"relics_obtained":[{"floor":8,"key":"Sundial"},{"floor":9,"key":"StoneCalendar"}],"event_choices":[{"cards_removed":["Strike_R"],"damage_healed":0,"gold_gain":0,"player_choice":"Card Removal","damage_taken":0,"max_hp_gain":0,"max_hp_loss":0,"event_name":"The Cleric","floor":3,"gold_loss":75}],"is_beta":true,"boss_relics":[],"items_purged_floors":[],"is_endless":false,"potions_floor_spawned":[2],"killed_by":"Gremlin Nob","ascension_level":20}