{"gold_per_floor":[112,112,112,42,58,84,96,109,133,133,158,158,158,168,168,246,246,256,272,371,371,151,177,177,189,189,199,222,252,167,195,195,267,267,277,70,0,100,113,113,113],"floor_reached":41,"playtime":5153,"items_purged":["Strike_G","Strike_G"],"score":903,"play_id":"d38cbd0e-781a-472e-ae00-adba18b91703","local_time":"20181225225055","is_ascension_mode":true,"campfire_choices":[{"data":"Well Laid Plans","floor":10,"key":"SMITH"},{"data":"Footwork","floor":12,"key":"SMITH"},{"data":"Terror","floor":15,"key":"SMITH"},{"data":"Corpse Explosion","floor":24,"key":"SMITH"},{"floor":32,"key":"REST"},{"data":"1","floor":40,"key":"LIFT"}],"neow_cost":"NONE","seed_source_timestamp":516616520577013,"circlet_count":0,"master_deck":["AscendersBane","Defend_G","Defend_G","Defend_G","Defend_G","Defend_G","Strike_G","Strike_G","Strike_G","Survivor","Neutralize","Dash","Neutralize","Footwork+1","Cloak And Dagger","Well Laid Plans+1","Poisoned Stab","Cloak And Dagger","Die Die Die","Terror+1","Corpse Explosion+1","All Out Attack","All Out Attack","Catalyst","Adrenaline","Noxious Fumes","Malaise","Caltrops"],"relics":["Ring of the Snake","NeowsBlessing","Omamori","Anchor","Strawberry","WarpedTongs","Sozu","PreservedInsect","Singing Bowl","Ninja Scroll","Juzu Bracelet","Mercury Hourglass","Blood Vial","The Courier","Coffee Dripper","Red Mask","Girya"],"potions_floor_usage":[16,16,23],"damage_taken":[{"damage":0,"enemies":"Small Slimes","floor":1,"turns":1},{"damage":0,"enemies":"2 Louse","floor":5,"turns":1},{"damage":0,"enemies":"Lagavulin","floor":6,"turns":1},{"damage":0,"enemies":"Cultist","floor":7,"turns":4},{"damage":0,"enemies":"Blue Slaver","floor":8,"turns":5},{"damage":15,"enemies":"3 Sentries","floor":11,"turns":15},{"damage":0,"enemies":"Red Slaver","floor":14,"turns":2},{"damage":6,"enemies":"Slime Boss","floor":16,"turns":12},{"damage":0,"enemies":"Chosen","floor":18,"turns":4},{"damage":0,"enemies":"Spheric Guardian","floor":19,"turns":3},{"damage":5,"enemies":"Gremlin Leader","floor":23,"turns":5},{"damage":9,"enemies":"Centurion and Healer","floor":25,"turns":4},{"damage":10,"enemies":"Snecko","floor":27,"turns":4},{"damage":0,"enemies":"Slavers","floor":29,"turns":2},{"damage":0,"enemies":"Gremlin Leader","floor":31,"turns":3},{"damage":48,"enemies":"Champ","floor":33,"turns":12},{"damage":0,"enemies":"3 Darklings","floor":35,"turns":3},{"damage":0,"enemies":"Mind Bloom Boss Battle","floor":38,"turns":7},{"damage":0,"enemies":"3 Shapes","floor":39,"turns":3},{"damage":90,"enemies":"Reptomancer","floor":41,"turns":3}],"seed_played":"-654641463143171684","potions_obtained":[{"floor":7,"key":"SpeedPotion"},{"floor":8,"key":"SteroidPotion"},{"floor":14,"key":"GhostInAJar"},{"floor":16,"key":"Strength Potion"}],"is_trial":false,"path_per_floor":["M","?","?","$","M","E","M","M","T","R","E","R","?","M","R","B",null,"M","M","?","?","$","E","R","M","T","M","T","E","?","E","R","B",null,"M","$","?","?","M","R","E"],"character_chosen":"THE_SILENT","items_purchased":["Footwork","PreservedInsect","Malaise"],"campfire_rested":1,"item_purchase_floors":[4,22,36],"current_hp_per_floor":[63,68,68,68,68,68,68,68,68,68,60,60,60,60,60,54,75,75,75,75,75,75,72,72,65,65,55,55,55,55,59,85,39,76,78,78,78,80,84,84,0],"gold":113,"neow_bonus":"THREE_ENEMY_KILL","is_prod":false,"is_daily":false,"chose_seed":false,"campfire_upgraded":4,"win_rate":0,"timestamp":1545799855,"path_taken":["M","?","?","$","?","E","M","M","T","R","E","R","?","M","R","BOSS","M","M","?","?","$","E","R","M","T","M","?","E","?","E","R","BOSS","M","$","?","?","M","R","E"],"build_version":"2018-12-20","purchased_purges":2,"victory":false,"max_hp_per_floor":[70,75,75,75,75,75,75,75,75,75,82,82,82,82,82,82,82,82,82,82,82,82,84,84,86,86,86,86,86,86,88,88,88,88,88,88,88,88,90,90,90],"card_choices":[{"not_picked":["Deadly Poison","Sucker Punch","Underhanded Strike"],"picked":"SKIP","floor":1},{"not_picked":["Distraction","Deadly Poison"],"picked":"Cloak And Dagger","floor":5},{"not_picked":["Terror","Setup"],"picked":"Well Laid Plans","floor":6},{"not_picked":["Quick Slash","Sucker Punch"],"picked":"Poisoned Stab","floor":7},{"not_picked":["Sucker Punch","PiercingWail"],"picked":"Cloak And Dagger","floor":8},{"not_picked":["Catalyst","Dagger Throw"],"picked":"Die Die Die","floor":11},{"not_picked":["Underhanded Strike","Dodge and Roll"],"picked":"Terror","floor":14},{"not_picked":["Wraith Form v2","Glass Knife"],"picked":"Corpse Explosion","floor":16},{"not_picked":["Concentrate+1","Flying Knee+1"],"picked":"All Out Attack","floor":18},{"not_picked":["Escape Plan","Dagger Spray","Accuracy"],"picked":"SKIP","floor":19},{"not_picked":["Riddle With Holes","PiercingWail+1","Accuracy"],"picked":"Singing Bowl","floor":23},{"not_picked":["Poisoned Stab","Deadly Poison","Finisher"],"picked":"Singing Bowl","floor":25},{"not_picked":["Slice","Phantasmal Killer"],"picked":"All Out Attack","floor":27},{"not_picked":["Endless Agony","Flying Knee"],"picked":"Catalyst","floor":29},{"not_picked":["Deflect","Dash","Endless Agony"],"picked":"Singing Bowl","floor":31},{"not_picked":["Burst","Corpse Explosion"],"picked":"Adrenaline","floor":33},{"not_picked":["Bouncing Flask+1","Sucker Punch+1"],"picked":"Noxious Fumes","floor":35},{"not_picked":["Deflect","Prepared"],"picked":"Caltrops","floor":38},{"not_picked":["Quick Slash","Bane","Cloak And Dagger"],"picked":"Singing Bowl","floor":39}],"player_experience":966682,"relics_obtained":[{"floor":6,"key":"Omamori"},{"floor":9,"key":"Anchor"},{"floor":11,"key":"Strawberry"},{"floor":23,"key":"Singing Bowl"},{"floor":26,"key":"Ninja Scroll"},{"floor":28,"key":"Juzu Bracelet"},{"floor":29,"key":"Mercury Hourglass"},{"floor":31,"key":"The Courier"},{"floor":38,"key":"Girya"}],"event_choices":[{"damage_healed":0,"gold_gain":0,"player_choice":"Donut","damage_taken":0,"max_hp_gain":5,"max_hp_loss":0,"event_name":"Big Fish","floor":2,"gold_loss":0},{"damage_healed":0,"gold_gain":0,"player_choice":"2 cards matched","damage_taken":0,"max_hp_gain":0,"max_hp_loss":0,"event_name":"Match and Keep!","floor":3,"gold_loss":0,"cards_obtained":["Dash","Neutralize"]},{"damage_healed":0,"gold_gain":0,"player_choice":"Rummage","damage_taken":0,"relics_obtained":["WarpedTongs"],"max_hp_gain":0,"max_hp_loss":0,"event_name":"Accursed Blacksmith","floor":13,"gold_loss":0,"cards_obtained":["Pain"]},{"damage_healed":0,"gold_gain":99,"player_choice":"Stole From Cult","damage_taken":0,"max_hp_gain":0,"max_hp_loss":0,"event_name":"Nest","floor":20,"gold_loss":0},{"damage_healed":0,"gold_gain":0,"player_choice":"Ignored","damage_taken":0,"max_hp_gain":0,"max_hp_loss":0,"event_name":"Ghosts","floor":21,"gold_loss":0},{"damage_healed":0,"gold_gain":0,"player_choice":"Obtained Relic","damage_taken":0,"relics_obtained":["Blood Vial"],"max_hp_gain":0,"max_hp_loss":0,"event_name":"Addict","floor":30,"gold_loss":85},{"damage_healed":0,"gold_gain":0,"player_choice":"Paid","damage_taken":0,"relics_obtained":["Red Mask"],"max_hp_gain":0,"max_hp_loss":0,"event_name":"Tomb of Lord Red Mask","floor":37,"gold_loss":70},{"damage_healed":0,"gold_gain":0,"player_choice":"Fight","damage_taken":0,"max_hp_gain":0,"max_hp_loss":0,"event_name":"MindBloom","floor":38,"gold_loss":0}],"is_beta":false,"boss_relics":[{"not_picked":["Ectoplasm","HoveringKite"],"picked":"Sozu"},{"not_picked":["Orrery","Eternal Feather"],"picked":"Coffee Dripper"}],"items_purged_floors":[22,36],"is_endless":false,"potions_floor_spawned":[7,8,14,16,19,25,33,38],"killed_by":"Reptomancer","ascension_level":13}