{"gold_per_floor":[114,132,151,151,5,32,32,67,92,126,146,321,353,11,11,113,113,127,127,127,139,43,43,54,54,54,54,77,90,108,18,18,121,121,138,149,167,167,167,167,183,183,207,29,29,46,59,69,69,69],"floor_reached":50,"playtime":2261,"items_purged":["Strike_R","Strike_R"],"score":639,"play_id":"3934efb7-e0fb-4720-99e2-86d2e5b8d7db","local_time":"20190927114729","is_ascension_mode":true,"campfire_choices":[{"floor":7,"key":"REST"},{"floor":15,"key":"REST"},{"floor":23,"key":"REST"},{"floor":25,"key":"REST"},{"floor":27,"key":"RECALL"},{"floor":32,"key":"REST"},{"floor":40,"key":"REST"},{"data":"Heavy Blade","floor":45,"key":"SMITH"},{"floor":49,"key":"REST"}],"neow_cost":"NONE","seed_source_timestamp":1283318413592400,"circlet_count":0,"master_deck":["Defend_R","Defend_R","Defend_R","Defend_R","Bash+1","Battle Trance","Spot Weakness","Cleave","Uppercut","Carnage","Pommel Strike","Searing Blow","Iron Wave","Rampage","Armaments","Juggernaut","Rage","Bite","Bite","Bite","Bite","Shrug It Off","Heavy Blade+1","Iron Wave+1","Heavy Blade+1","Body Slam","Trip","Panache","Flame Barrier","Body Slam+1","Hemokinesis"],"relics":["Lizard Tail","PreservedInsect","Happy Flower","Ancient Tea Set","Gambling Chip","Brimstone","Runic Cube","Regal Pillow","Busted Crown","Omamori"],"potions_floor_usage":[6,13,16,18,18,21,24,29,36,41,47],"damage_taken":[{"damage":0,"enemies":"2 Louse","floor":1,"turns":3},{"damage":12,"enemies":"Jaw Worm","floor":2,"turns":5},{"damage":5,"enemies":"Cultist","floor":3,"turns":5},{"damage":7,"enemies":"Gremlin Nob","floor":6,"turns":3},{"damage":20,"enemies":"3 Sentries","floor":8,"turns":5},{"damage":15,"enemies":"Lagavulin","floor":10,"turns":4},{"damage":8,"enemies":"Blue Slaver","floor":11,"turns":4},{"damage":13,"enemies":"Gremlin Nob","floor":13,"turns":3},{"damage":53,"enemies":"The Guardian","floor":16,"turns":7},{"damage":37,"enemies":"3 Byrds","floor":18,"turns":3},{"damage":18,"enemies":"Shell Parasite","floor":21,"turns":3},{"damage":17,"enemies":"Snecko","floor":24,"turns":3},{"damage":21,"enemies":"Snake Plant","floor":29,"turns":3},{"damage":15,"enemies":"Cultist and Chosen","floor":30,"turns":4},{"damage":111,"enemies":"Automaton","floor":33,"turns":7},{"damage":0,"enemies":"Orb Walker","floor":35,"turns":2},{"damage":25,"enemies":"3 Shapes","floor":36,"turns":4},{"damage":47,"enemies":"Writhing Mass","floor":37,"turns":4},{"damage":24,"enemies":"Jaw Worm Horde","floor":41,"turns":3},{"damage":13,"enemies":"Sphere and 2 Shapes","floor":46,"turns":3},{"damage":48,"enemies":"Transient","floor":47,"turns":5},{"damage":27,"enemies":"Maw","floor":48,"turns":6},{"damage":62,"enemies":"Donu and Deca","floor":50,"turns":3}],"seed_played":"4998981221522706613","potions_obtained":[{"floor":1,"key":"Explosive Potion"},{"floor":8,"key":"BloodPotion"},{"floor":11,"key":"PowerPotion"},{"floor":13,"key":"SteroidPotion"},{"floor":16,"key":"AttackPotion"},{"floor":18,"key":"AttackPotion"},{"floor":24,"key":"Block Potion"},{"floor":33,"key":"SpeedPotion"},{"floor":35,"key":"AttackPotion"},{"floor":41,"key":"Energy Potion"}],"is_trial":false,"path_per_floor":["M","M","M","?","$","E","R","E","T","E","M","?","E","$","R","B",null,"M","?","?","M","$","R","M","R","T","R","T","M","M","?","R","B",null,"M","M","M","?","?","R","M","?","T","$","R","M","M","M","R","B"],"character_chosen":"IRONCLAD","items_purchased":["Uppercut","Brimstone","Armaments","Shrug It Off","PowerPotion","Panache"],"campfire_rested":7,"item_purchase_floors":[5,14,14,22,22,44],"current_hp_per_floor":[72,60,55,55,55,48,72,52,52,39,33,33,22,22,46,15,64,29,29,29,15,15,39,24,48,48,48,48,27,14,14,53,42,71,75,56,13,13,13,52,30,90,90,90,90,77,36,11,53,0],"gold":69,"neow_bonus":"BOSS_RELIC","is_prod":false,"is_daily":false,"chose_seed":false,"campfire_upgraded":1,"win_rate":0,"timestamp":1569599249,"path_taken":["M","M","M","?","?","E","R","E","T","E","?","?","E","$","R","BOSS","M","?","?","M","?","R","M","R","T","R","?","?","M","?","R","BOSS","M","?","M","?","?","R","M","?","T","$","R","M","M","M","R","BOSS"],"build_version":"2019-07-17","purchased_purges":2,"victory":false,"max_hp_per_floor":[80,80,80,80,80,80,80,80,80,80,80,80,80,80,80,80,80,80,80,80,80,80,80,80,80,80,80,80,80,80,80,80,80,80,80,80,80,80,80,80,80,90,90,90,90,90,90,90,90,90],"card_choices":[{"not_picked":["Evolve","True Grit"],"picked":"Battle Trance","floor":1},{"not_picked":["Havoc","Shrug It Off"],"picked":"Spot Weakness","floor":2},{"not_picked":["Clothesline","Rupture"],"picked":"Cleave","floor":3},{"not_picked":["Entrench","Iron Wave"],"picked":"Carnage","floor":6},{"not_picked":["Perfected Strike","Armaments"],"picked":"Pommel Strike","floor":8},{"not_picked":["Fiend Fire","Bloodletting"],"picked":"Searing Blow","floor":10},{"not_picked":["Headbutt","Flex"],"picked":"Iron Wave","floor":11},{"not_picked":["Entrench","Sever Soul"],"picked":"Rampage","floor":13},{"not_picked":["Exhume","Barricade"],"picked":"Juggernaut","floor":16},{"not_picked":["Hemokinesis","Twin Strike"],"picked":"Rage","floor":18},{"not_picked":["Thunderclap","Combust"],"picked":"Iron Wave","floor":21},{"not_picked":["Second Wind","Perfected Strike+1"],"picked":"Heavy Blade","floor":24},{"not_picked":["Anger","Headbutt+1"],"picked":"Iron Wave+1","floor":29},{"not_picked":["Sentinel","Ghostly Armor"],"picked":"Heavy Blade+1","floor":30},{"not_picked":["Exhume","Dark Embrace"],"picked":"Berserk","floor":33},{"not_picked":["Clash+1"],"picked":"SKIP","floor":35},{"not_picked":["Power Through"],"picked":"SKIP","floor":36},{"not_picked":[],"picked":"Body Slam","floor":37},{"not_picked":[],"picked":"Trip","floor":39},{"not_picked":["Headbutt"],"picked":"SKIP","floor":41},{"not_picked":[],"picked":"Flame Barrier","floor":46},{"not_picked":[],"picked":"Body Slam+1","floor":47},{"not_picked":[],"picked":"Hemokinesis","floor":48}],"player_experience":127836,"relics_obtained":[{"floor":6,"key":"PreservedInsect"},{"floor":8,"key":"Blood Vial"},{"floor":9,"key":"Happy Flower"},{"floor":10,"key":"Ancient Tea Set"},{"floor":13,"key":"Gambling Chip"},{"floor":28,"key":"Regal Pillow"},{"floor":43,"key":"Omamori"}],"event_choices":[{"damage_healed":0,"gold_gain":0,"player_choice":"Ignored","damage_taken":0,"max_hp_gain":0,"max_hp_loss":0,"event_name":"Shining Light","floor":4,"gold_loss":0},{"damage_healed":0,"gold_gain":175,"player_choice":"AGREE","damage_taken":0,"max_hp_gain":0,"max_hp_loss":0,"event_name":"Liars Game","floor":12,"gold_loss":0,"cards_obtained":["Doubt"]},{"damage_healed":0,"gold_gain":0,"player_choice":"Became a vampire (Vial)","damage_taken":0,"max_hp_gain":0,"max_hp_loss":0,"event_name":"Vampires","floor":19,"relics_lost":["Blood Vial"],"gold_loss":0,"cards_obtained":["Bite","Bite","Bite","Bite","Bite"]},{"cards_removed":["Doubt"],"damage_healed":0,"gold_gain":0,"player_choice":"Elegance","damage_taken":0,"max_hp_gain":0,"max_hp_loss":0,"event_name":"Back to Basics","floor":20,"gold_loss":0},{"cards_removed":["Iron Wave"],"damage_healed":0,"gold_gain":0,"player_choice":"Upgrade and Remove","damage_taken":0,"max_hp_gain":0,"max_hp_loss":0,"event_name":"Designer","floor":31,"gold_loss":90,"cards_upgraded":["Bash"]},{"cards_removed":["Bite"],"damage_healed":0,"gold_gain":0,"player_choice":"Removed Attack","damage_taken":0,"max_hp_gain":0,"max_hp_loss":0,"event_name":"Falling","floor":38,"gold_loss":0},{"damage_healed":0,"gold_gain":0,"player_choice":"Memory 1","damage_taken":0,"max_hp_gain":0,"max_hp_loss":0,"event_name":"SensoryStone","floor":39,"gold_loss":0},{"cards_removed":["Berserk"],"damage_healed":50,"gold_gain":0,"player_choice":"Offered Rare","damage_taken":0,"max_hp_gain":10,"max_hp_loss":0,"event_name":"Bonfire Elementals","floor":42,"gold_loss":0}],"is_beta":false,"boss_relics":[{"not_picked":["Coffee Dripper","Ectoplasm"],"picked":"Runic Cube"},{"not_picked":["Orrery","Tiny House"],"picked":"Busted Crown"}],"items_purged_floors":[5,14],"is_endless":false,"potions_floor_spawned":[1,8,11,13,16,18,24,33,35,41],"killed_by":"Donu and Deca","ascension_level":6}