{"gold_per_floor":[119,119,132,146,162,162,187,187,187,187,90,90,115,38,38,169,169,182,107,123,86,105,105],"floor_reached":23,"playtime":2517,"items_purged":["Strike_G"],"score":267,"play_id":"241e221a-5595-45df-9583-ee6256e81507","local_time":"20180918230446","is_ascension_mode":true,"campfire_choices":[{"data":"Dash","floor":6,"key":"SMITH"},{"floor":8,"key":"REST"},{"data":"Bouncing Flask","floor":10,"key":"SMITH"},{"floor":15,"key":"REST"}],"neow_cost":"NONE","seed_source_timestamp":479487032996115,"circlet_count":0,"master_deck":["Defend_G","Defend_G","Defend_G+1","Defend_G","Defend_G","Strike_G","Strike_G","Strike_G+1","Survivor","Neutralize+1","Heel Hook","Bouncing Flask+1","Dash+1","Crippling Poison","Backflip","Infinite Blades+1","A Thousand Cuts+1","Leg Sweep","Catalyst"],"relics":["Ring of the Snake","Meat on the Bone","Frozen Egg 2","Golden Idol","Busted Crown"],"potions_floor_usage":[7,16,17],"damage_taken":[{"damage":3,"enemies":"Jaw Worm","floor":1,"turns":6},{"damage":0,"enemies":"Cultist","floor":3,"turns":3},{"damage":1,"enemies":"2 Louse","floor":4,"turns":3},{"damage":0,"enemies":"Looter","floor":5,"turns":3},{"damage":17,"enemies":"3 Sentries","floor":7,"turns":8},{"damage":14,"enemies":"Large Slime","floor":13,"turns":7},{"damage":4,"enemies":"Hexaghost","floor":16,"turns":9},{"damage":14,"enemies":"Shell Parasite","floor":18,"turns":5},{"damage":0,"enemies":"Chosen","floor":20,"turns":5},{"damage":14,"enemies":"Shelled Parasite and Fungi","floor":22,"turns":6},{"damage":39,"enemies":"Gremlin Leader","floor":23,"turns":4}],"seed_played":"9112887165283706460","potions_obtained":[{"floor":4,"key":"LiquidBronze"},{"floor":7,"key":"AttackPotion"},{"floor":16,"key":"Fruit Juice"}],"is_trial":false,"path_per_floor":["M","?","M","M","M","R","E","R","T","R","$","?","M","$","R","B",null,"M","?","M","$","M"],"character_chosen":"THE_SILENT","items_purchased":["Backflip","Infinite Blades+1","Catalyst"],"campfire_rested":2,"item_purchase_floors":[11,14,21],"current_hp_per_floor":[60,46,46,45,45,45,28,49,49,49,49,49,35,35,54,50,66,52,52,52,52,38,0],"gold":105,"neow_bonus":"UPGRADE_CARD","is_prod":false,"is_daily":false,"chose_seed":false,"campfire_upgraded":2,"win_rate":0,"timestamp":1537329886,"path_taken":["M","?","M","?","M","R","E","R","T","R","$","?","M","?","R","BOSS","M","?","M","?","?","E"],"build_version":"2018-09-06","purchased_purges":1,"victory":false,"max_hp_per_floor":[70,70,70,70,70,70,70,70,70,70,70,65,65,65,65,65,70,70,70,70,70,70,70],"card_choices":[{"not_picked":["Deflect","Dagger Throw"],"picked":"Heel Hook","floor":1},{"not_picked":["Outmaneuver","Blade Dance","Dagger Spray"],"picked":"SKIP","floor":3},{"not_picked":["Catalyst","Flying Knee"],"picked":"Bouncing Flask","floor":4},{"not_picked":["Dodge and Roll","Prepared"],"picked":"Dash","floor":5},{"not_picked":["Doppelganger","Deadly Poison"],"picked":"Crippling Poison","floor":7},{"not_picked":["Poisoned Stab","Deflect","Deadly Poison"],"picked":"SKIP","floor":13},{"not_picked":["Malaise","Burst"],"picked":"A Thousand Cuts+1","floor":16},{"not_picked":[],"picked":"Leg Sweep","floor":18},{"not_picked":["Deflect"],"picked":"SKIP","floor":20},{"not_picked":["Underhanded Strike"],"picked":"SKIP","floor":22}],"player_experience":584375,"relics_obtained":[{"floor":7,"key":"Meat on the Bone"},{"floor":9,"key":"Frozen Egg 2"}],"event_choices":[{"event_name":"Shining Light","player_choice":"Entered Light","floor":2,"damage_taken":0},{"event_name":"Golden Idol","player_choice":"Lose Max HP","floor":12,"damage_taken":0},{"event_name":"Beggar","player_choice":"Gave Gold","floor":19,"damage_taken":0}],"is_beta":false,"boss_relics":[{"not_picked":["Eternal Feather","Pandora\u0027s Box"],"picked":"Busted Crown"}],"items_purged_floors":[11],"is_endless":false,"potions_floor_spawned":[4,7,16],"killed_by":"Gremlin Leader","ascension_level":8}