{"gold_per_floor":[115,133,145,160,85,85,99,99,99,99,111,111,122,157,157,231,231,242,262,44,94,19,19,50,150,150,150,166,197,197,222,222,222],"floor_reached":33,"playtime":1482,"items_purged":["Strike_B"],"score":660,"play_id":"f005fa81-8cb3-432f-86bd-59e2e6246cd1","local_time":"20190523231530","is_ascension_mode":true,"campfire_choices":[{"data":"Darkness","floor":6.0,"key":"SMITH"},{"data":"Zap","floor":8.0,"key":"SMITH"},{"data":"Conserve Battery","floor":10.0,"key":"SMITH"},{"data":"Loop","floor":15.0,"key":"SMITH"},{"data":"Defragment","floor":23.0,"key":"SMITH"},{"floor":27,"key":"REST"},{"data":"Coolheaded","floor":30,"key":"SMITH"},{"data":"Coolheaded","floor":32,"key":"SMITH"}],"neow_cost":"NONE","seed_source_timestamp":90439742715225,"circlet_count":0,"master_deck":["AscendersBane","Strike_B","Defend_B","Defend_B","Defend_B","Defend_B","Zap+1","Dualcast","Meteor Strike","Glacier","Ball Lightning","Darkness+1","Conserve Battery+1","Ball Lightning","Turbo","Loop+1","Meteor Strike","Reinforced Body","Coolheaded+1","Defragment+1","Hologram","Electrodynamics","Coolheaded+1","Conserve Battery+1","Creative AI"],"special_seed":0,"relics":["Cracked Core","Meat on the Bone","FossilizedHelix","Sozu","Sundial","Shovel","Letter Opener","Question Card","Omamori","StoneCalendar"],"potions_floor_usage":[24,25],"damage_taken":[{"damage":7.0,"enemies":"Jaw Worm","floor":1.0,"turns":4.0},{"damage":0.0,"enemies":"Cultist","floor":2.0,"turns":5.0},{"damage":8.0,"enemies":"Small Slimes","floor":3.0,"turns":3.0},{"damage":12.0,"enemies":"2 Fungi Beasts","floor":4.0,"turns":4.0},{"damage":6.0,"enemies":"Looter","floor":7.0,"turns":3.0},{"damage":13.0,"enemies":"Blue Slaver","floor":11.0,"turns":2.0},{"damage":4.0,"enemies":"3 Louse","floor":13.0,"turns":3.0},{"damage":10.0,"enemies":"3 Sentries","floor":14.0,"turns":6.0},{"damage":24.0,"enemies":"Slime Boss","floor":16.0,"turns":10.0},{"damage":7.0,"enemies":"Shell Parasite","floor":18.0,"turns":6.0},{"damage":0.0,"enemies":"Spheric Guardian","floor":19.0,"turns":4.0},{"damage":52,"enemies":"Slavers","floor":24,"turns":6},{"damage":0,"enemies":"Colosseum Slavers","floor":25,"turns":3},{"damage":14,"enemies":"Colosseum Nobs","floor":25,"turns":4},{"damage":8,"enemies":"Snake Plant","floor":28,"turns":3},{"damage":0,"enemies":"Gremlin Leader","floor":29,"turns":5},{"damage":14,"enemies":"Slavers","floor":31,"turns":3},{"damage":43,"enemies":"Automaton","floor":33,"turns":6}],"seed_played":"314774837553230958","potions_obtained":[{"floor":1.0,"key":"Swift Potion"},{"floor":7.0,"key":"EssenceOfSteel"},{"floor":16.0,"key":"Ancient Potion"}],"is_trial":false,"path_per_floor":["M","M","M","M","?","R","M","R","T","R","M","?","M","E","R","B",null,"M","M","$","?","?","R","E","?","T","R","M","E","R","E","R","B"],"character_chosen":"DEFECT","items_purchased":["Defragment","Hologram"],"campfire_rested":1,"item_purchase_floors":[20,20],"current_hp_per_floor":[57,57,49,37,37,37,31,31,31,31,30,71,67,57,57,45,65,58,58,58,58,58,58,18,28,28,49,41,41,41,39,39,0],"gold":222,"neow_bonus":"ONE_RANDOM_RARE_CARD","is_prod":false,"is_daily":false,"chose_seed":false,"campfire_upgraded":7,"win_rate":0,"timestamp":1558667730,"path_taken":["M","M","M","M","?","R","M","R","T","R","M","?","?","E","R","BOSS","M","M","$","?","?","R","E","?","T","R","M","E","R","E","R","BOSS"],"build_version":"2019-01-23","purchased_purges":1,"victory":false,"max_hp_per_floor":[71,71,71,71,71,71,71,71,71,71,71,71,71,71,71,71,71,71,71,71,71,71,71,71,71,71,71,71,71,71,71,71,71],"card_choices":[{"not_picked":["Blizzard","Barrage"],"picked":"Glacier","floor":1.0},{"not_picked":["Go for the Eyes","Coolheaded"],"picked":"Ball Lightning","floor":2.0},{"not_picked":["Barrage","Rip and Tear"],"picked":"Darkness","floor":3.0},{"not_picked":["Barrage","Leap"],"picked":"Conserve Battery","floor":4.0},{"not_picked":["Aggregate","Gash"],"picked":"Ball Lightning","floor":7.0},{"not_picked":["Hologram","Streamline"],"picked":"Turbo","floor":11.0},{"not_picked":["BootSequence","Sweeping Beam","Reprogram"],"picked":"SKIP","floor":13.0},{"not_picked":["Multi-Cast","Recycle"],"picked":"Loop","floor":14.0},{"not_picked":["Amplify","Reboot"],"picked":"Meteor Strike","floor":16.0},{"not_picked":["Gash","Aggregate"],"picked":"Reinforced Body","floor":18.0},{"not_picked":["White Noise","Doom and Gloom"],"picked":"Coolheaded","floor":19.0},{"not_picked":["Sweeping Beam+1","Storm+1"],"picked":"Electrodynamics","floor":24},{"not_picked":["Beam Cell","Conserve Battery"],"picked":"Coolheaded","floor":25},{"not_picked":["Stack","Cold Snap","Turbo"],"picked":"Conserve Battery+1","floor":28},{"not_picked":["Cold Snap","Leap","White Noise","Rebound"],"picked":"SKIP","floor":29},{"not_picked":["Redo","Beam Cell","Steam"],"picked":"Creative AI","floor":31}],"player_experience":881918,"relics_obtained":[{"floor":9.0,"key":"Meat on the Bone"},{"floor":14.0,"key":"FossilizedHelix"},{"floor":24,"key":"Sundial"},{"floor":25,"key":"Shovel"},{"floor":25,"key":"Letter Opener"},{"floor":26,"key":"Question Card"},{"floor":29,"key":"Omamori"},{"floor":31,"key":"StoneCalendar"}],"event_choices":[{"cards_removed":["Strike_B"],"damage_healed":0.0,"max_hp_gain":0.0,"max_hp_loss":0.0,"gold_gain":0.0,"event_name":"The Cleric","player_choice":"Card Removal","floor":5.0,"gold_loss":75.0,"damage_taken":0.0},{"damage_healed":41.0,"max_hp_gain":0.0,"max_hp_loss":0.0,"gold_gain":0.0,"event_name":"Wheel of Change","player_choice":"Full Heal","floor":12.0,"gold_loss":0.0,"damage_taken":0.0},{"damage_healed":0.0,"max_hp_gain":0.0,"max_hp_loss":0.0,"gold_gain":50.0,"event_name":"Nest","player_choice":"Stole From Cult","floor":21.0,"gold_loss":0.0,"damage_taken":0.0},{"cards_removed":["Strike_B"],"damage_healed":0.0,"max_hp_gain":0.0,"max_hp_loss":0.0,"gold_gain":0.0,"event_name":"Beggar","player_choice":"Gave Gold","floor":22.0,"gold_loss":75.0,"damage_taken":0.0},{"damage_healed":0,"gold_gain":0,"player_choice":"Fight","damage_taken":0,"max_hp_gain":0,"max_hp_loss":0,"event_name":"Colosseum","floor":25,"gold_loss":0},{"damage_healed":0,"gold_gain":0,"player_choice":"Fought Nobs","damage_taken":0,"max_hp_gain":0,"max_hp_loss":0,"event_name":"Colosseum","floor":25,"gold_loss":0}],"is_beta":false,"boss_relics":[{"not_picked":["White Beast Statue","Philosopher\u0027s Stone"],"picked":"Sozu"}],"items_purged_floors":[20],"is_endless":false,"potions_floor_spawned":[1,7,16,19,25],"killed_by":"Automaton","ascension_level":20}