{"gold_per_floor":[117,130,130,130,148,181,181,32,32,45,0,0,34,45,45,146,146,164,181,207,207,223,256,267,281,305,14,114,174,174,99,99,196,196,215,215,70,70,89,124,146,188,200,242,91,91,91,115,115,115,115,115,115,147,147],"floor_reached":55,"playtime":3310,"items_purged":["Clumsy","Strike_R","Strike_R"],"score":1131,"play_id":"ac1f7c44-4797-4563-9f95-5ce03dfe98fd","local_time":"20190607130321","is_ascension_mode":true,"campfire_choices":[{"data":"Armaments","floor":7,"key":"SMITH"},{"data":"Flame Barrier","floor":12,"key":"SMITH"},{"floor":15,"key":"REST"},{"data":"Body Slam","floor":32,"key":"SMITH"},{"floor":49,"key":"RECALL"},{"data":"Barricade","floor":52,"key":"SMITH"}],"neow_cost":"PERCENT_DAMAGE","seed_source_timestamp":12791781889139,"circlet_count":0,"master_deck":["Defend_R","Defend_R","Defend_R","Bash","Seeing Red","Cleave","Armaments+1","Flame Barrier+1","Bash+1","Madness","Headbutt+1","Shrug It Off","Shrug It Off+1","Body Slam+1","Flame Barrier","Battle Trance","Shrug It Off+1","Shrug It Off","Barricade+1","Rage+1","Shrug It Off+1","Shockwave","Entrench","Sever Soul","Body Slam+1"],"relics":["Burning Blood","Ornamental Fan","Bronze Scales","Mercury Hourglass","Anchor","Cursed Key","Red Mask","Enchiridion","Orichalcum","Lantern","PreservedInsect","Juzu Bracelet","Tiny Chest","Black Star","Omamori","MawBank","Letter Opener","Vajra","Art of War","Dream Catcher","Happy Flower","Boot","Whetstone"],"potions_floor_usage":[6,6,33,44,55,55,55,55],"damage_taken":[{"damage":4,"enemies":"2 Louse","floor":1,"turns":3},{"damage":1,"enemies":"Cultist","floor":2,"turns":4},{"damage":5,"enemies":"Small Slimes","floor":5,"turns":4},{"damage":29,"enemies":"Lagavulin","floor":6,"turns":9},{"damage":0,"enemies":"Blue Slaver","floor":10,"turns":4},{"damage":26,"enemies":"3 Sentries","floor":13,"turns":7},{"damage":0,"enemies":"3 Louse","floor":14,"turns":2},{"damage":28,"enemies":"The Guardian","floor":16,"turns":12},{"damage":15,"enemies":"2 Thieves","floor":18,"turns":4},{"damage":0,"enemies":"3 Byrds","floor":19,"turns":2},{"damage":18,"enemies":"Masked Bandits","floor":20,"turns":4},{"damage":2,"enemies":"3 Cultists","floor":22,"turns":4},{"damage":0,"enemies":"Book of Stabbing","floor":23,"turns":5},{"damage":0,"enemies":"Snecko","floor":24,"turns":3},{"damage":5,"enemies":"Centurion and Healer","floor":25,"turns":7},{"damage":0,"enemies":"Gremlin Leader","floor":29,"turns":4},{"damage":21,"enemies":"Automaton","floor":33,"turns":8},{"damage":0,"enemies":"3 Darklings","floor":35,"turns":5},{"damage":0,"enemies":"Orb Walker","floor":39,"turns":3},{"damage":26,"enemies":"Reptomancer","floor":40,"turns":6},{"damage":0,"enemies":"Maw","floor":41,"turns":7},{"damage":30,"enemies":"Nemesis","floor":42,"turns":9},{"damage":8,"enemies":"Reptomancer","floor":44,"turns":4},{"damage":0,"enemies":"Awakened One","floor":50,"turns":13},{"damage":0,"enemies":"Shield and Spear","floor":54,"turns":4},{"damage":111,"enemies":"The Heart","floor":55,"turns":6}],"seed_played":"4842014313316430773","potions_obtained":[{"floor":1,"key":"SkillPotion"},{"floor":5,"key":"AttackPotion"},{"floor":6,"key":"FearPotion"},{"floor":13,"key":"Swift Potion"},{"floor":14,"key":"Ancient Potion"},{"floor":23,"key":"Block Potion"},{"floor":38,"key":"EntropicBrew"},{"floor":42,"key":"EssenceOfSteel"}],"is_trial":false,"path_per_floor":["M","M","?","?","M","E","R","$","T","M","?","R","E","M","R","B",null,"M","M","?","?","M","E","M","M","T","$","?","E","?","$","R","B",null,"M","?","$","?","M","E","M","E","T","E","$","?","?","T","R","B",null,"R","$","E","B"],"character_chosen":"IRONCLAD","items_purchased":["Bronze Scales","PreservedInsect","Juzu Bracelet","Shrug It Off","Entrench"],"campfire_rested":1,"item_purchase_floors":[8,27,27,37,45],"current_hp_per_floor":[58,63,63,63,64,41,41,41,41,47,47,47,27,33,57,35,80,71,77,65,49,53,59,65,66,66,66,66,72,72,72,72,57,80,80,80,80,80,80,60,66,42,42,40,40,40,40,40,40,46,80,80,80,80,0],"gold":147,"neow_bonus":"TRANSFORM_TWO_CARDS","is_prod":false,"is_daily":false,"chose_seed":false,"campfire_upgraded":4,"win_rate":0,"timestamp":1559905401,"path_taken":["M","M","?","?","?","E","R","?","T","?","?","R","E","M","R","BOSS","M","M","?","?","M","E","?","M","T","$","?","E","?","?","R","BOSS","M","?","$","?","M","E","M","E","T","E","$","?","?","?","R","BOSS","R","$","E","BOSS"],"build_version":"2019-01-23","purchased_purges":3,"victory":false,"max_hp_per_floor":[80,80,80,80,80,80,80,80,80,80,80,80,80,80,80,80,80,80,80,80,80,80,80,80,80,80,80,80,80,80,80,80,80,80,80,80,80,80,80,80,80,80,80,80,80,80,80,80,80,80,80,80,80,80,80],"card_choices":[{"not_picked":["Burning Pact","Clothesline"],"picked":"Armaments","floor":1},{"not_picked":["Pommel Strike","Rupture"],"picked":"Flame Barrier","floor":2},{"not_picked":["Perfected Strike","Sever Soul"],"picked":"Headbutt","floor":5},{"not_picked":["Clash","Warcry"],"picked":"Shrug It Off","floor":6},{"not_picked":["Flex","Wild Strike","Anger"],"picked":"SKIP","floor":10},{"not_picked":["Pommel Strike","Heavy Blade","True Grit"],"picked":"SKIP","floor":13},{"not_picked":["Exhume","Wild Strike","Perfected Strike"],"picked":"SKIP","floor":14},{"not_picked":["Corruption","Rage+1"],"picked":"Shrug It Off+1","floor":18},{"not_picked":["Dropkick","Wild Strike"],"picked":"Body Slam","floor":19},{"not_picked":["Clothesline+1","Heavy Blade+1"],"picked":"Flame Barrier","floor":20},{"not_picked":["Sentinel","Heavy Blade","Clothesline"],"picked":"SKIP","floor":22},{"not_picked":["Burning Pact","Armaments","Juggernaut"],"picked":"SKIP","floor":23},{"not_picked":["Heavy Blade","Anger"],"picked":"Battle Trance","floor":24},{"not_picked":["Feel No Pain+1","Cleave+1"],"picked":"Shrug It Off+1","floor":25},{"not_picked":["True Grit","Heavy Blade","Havoc"],"picked":"SKIP","floor":29},{"not_picked":["Searing Blow","Flex","Disarm"],"picked":"SKIP","floor":35},{"not_picked":["Heavy Blade+1","Corruption+1","True Grit+1"],"picked":"SKIP","floor":39},{"not_picked":["Perfected Strike+1","Hemokinesis"],"picked":"Barricade","floor":40},{"not_picked":["Bloodletting","Sword Boomerang+1"],"picked":"Rage+1","floor":41},{"not_picked":["Whirlwind","Juggernaut"],"picked":"Shrug It Off+1","floor":42},{"not_picked":["Uppercut","Berserk"],"picked":"Shockwave","floor":44},{"not_picked":["Anger+1","Corruption","Dropkick+1"],"picked":"SKIP","floor":54}],"player_experience":199683,"relics_obtained":[{"floor":6,"key":"Ornamental Fan"},{"floor":9,"key":"Mercury Hourglass"},{"floor":13,"key":"Anchor"},{"floor":20,"key":"Red Mask"},{"floor":21,"key":"Enchiridion"},{"floor":23,"key":"Orichalcum"},{"floor":26,"key":"Lantern"},{"floor":29,"key":"Tiny Chest"},{"floor":40,"key":"Omamori"},{"floor":40,"key":"MawBank"},{"floor":42,"key":"Letter Opener"},{"floor":42,"key":"Vajra"},{"floor":44,"key":"Art of War"},{"floor":44,"key":"Dream Catcher"},{"floor":48,"key":"Happy Flower"},{"floor":54,"key":"Boot"},{"floor":54,"key":"Whetstone"}],"event_choices":[{"cards_removed":["Strike_R"],"damage_healed":0,"gold_gain":0,"player_choice":"Forget","damage_taken":0,"max_hp_gain":0,"max_hp_loss":0,"event_name":"Living Wall","floor":3,"gold_loss":0},{"damage_healed":0,"gold_gain":0,"player_choice":"2 cards matched","damage_taken":0,"max_hp_gain":0,"max_hp_loss":0,"event_name":"Match and Keep!","floor":4,"gold_loss":0,"cards_obtained":["Bash","Madness"]},{"damage_healed":0,"gold_gain":0,"player_choice":"2 cards matched","damage_taken":0,"max_hp_gain":0,"max_hp_loss":0,"event_name":"Match and Keep!","floor":4,"gold_loss":0,"cards_obtained":["Bash","Madness"]},{"damage_healed":0,"gold_gain":0,"player_choice":"Left Gold","damage_taken":0,"max_hp_gain":0,"max_hp_loss":0,"event_name":"World of Goop","floor":11,"gold_loss":45},{"damage_healed":0,"gold_gain":0,"player_choice":"Fought Bandits","damage_taken":0,"max_hp_gain":0,"max_hp_loss":0,"event_name":"Masked Bandits","floor":20,"gold_loss":0},{"damage_healed":0,"gold_gain":0,"player_choice":"Obtained Book","damage_taken":16,"max_hp_gain":0,"max_hp_loss":0,"event_name":"Cursed Tome","floor":21,"gold_loss":0},{"damage_healed":0,"gold_gain":100,"player_choice":"Pray","damage_taken":0,"max_hp_gain":0,"max_hp_loss":0,"event_name":"Golden Shrine","floor":28,"gold_loss":0},{"damage_healed":0,"gold_gain":0,"player_choice":"Bought 0 Potions","damage_taken":0,"max_hp_gain":0,"max_hp_loss":0,"event_name":"The Woman in Blue","floor":30,"gold_loss":0},{"damage_healed":0,"gold_gain":0,"player_choice":"Ignored","damage_taken":0,"max_hp_gain":0,"max_hp_loss":0,"event_name":"Tomb of Lord Red Mask","floor":36,"gold_loss":0},{"damage_healed":0,"gold_gain":0,"player_choice":"Got Potions","damage_taken":0,"max_hp_gain":0,"max_hp_loss":0,"event_name":"Lab","floor":38,"gold_loss":0},{"damage_healed":0,"gold_gain":0,"cards_transformed":["Defend_R"],"player_choice":"Transformed","damage_taken":0,"max_hp_gain":0,"max_hp_loss":0,"event_name":"Transmorgrifier","floor":46,"gold_loss":0,"cards_obtained":["Sever Soul"]},{"damage_healed":0,"gold_gain":0,"player_choice":"Copied","damage_taken":0,"max_hp_gain":0,"max_hp_loss":0,"event_name":"Duplicator","floor":47,"gold_loss":0,"cards_obtained":["Body Slam"]}],"is_beta":false,"boss_relics":[{"not_picked":["White Beast Statue","Black Blood"],"picked":"Cursed Key"},{"not_picked":["Velvet Choker","Snecko Eye"],"picked":"Black Star"}],"items_purged_floors":[31,37,45],"is_endless":false,"potions_floor_spawned":[1,5,6,13,14,22,23,29,39,42],"killed_by":"The Heart","ascension_level":4}