{"gold_per_floor":[115,135,146,146,159,159,193,193,216,216,226,11,25,52,52,127,127,142,142,159,2,17,51,51,51],"floor_reached":25,"playtime":1164,"items_purged":[],"score":466,"play_id":"0a43cb25-1e08-4f60-a924-c7fa831da7a0","local_time":"20190401220141","is_ascension_mode":true,"campfire_choices":[{"data":"Barrage","floor":6,"key":"SMITH"},{"floor":8,"key":"REST"},{"data":"Heatsinks","floor":15,"key":"SMITH"},{"floor":24,"key":"REST"}],"neow_cost":"NONE","seed_source_timestamp":347519039921600,"circlet_count":0,"master_deck":["AscendersBane","Strike_B","Strike_B","Strike_B","Strike_B","Defend_B","Defend_B","Defend_B","Defend_B","Zap","Dualcast","Ball Lightning","Barrage+1","Static Discharge","Glacier","Doom and Gloom","Electrodynamics","Cold Snap","Heatsinks+1","Creative AI","Hologram","Reinforced Body","Defragment+1","Glacier"],"relics":["Cracked Core","Omamori","Dream Catcher","Happy Flower","Lee\u0027s Waffle","Incense Burner","Black Star","Pantograph","DataDisk","Centennial Puzzle","Smiling Mask"],"potions_floor_usage":[22,23],"damage_taken":[{"damage":1,"enemies":"2 Louse","floor":1,"turns":3},{"damage":7,"enemies":"Jaw Worm","floor":2,"turns":4},{"damage":9,"enemies":"Small Slimes","floor":3,"turns":3},{"damage":11,"enemies":"Blue Slaver","floor":5,"turns":3},{"damage":23,"enemies":"Lagavulin","floor":7,"turns":6},{"damage":0,"enemies":"Looter","floor":11,"turns":4},{"damage":1,"enemies":"2 Fungi Beasts","floor":13,"turns":2},{"damage":9,"enemies":"3 Sentries","floor":14,"turns":5},{"damage":39,"enemies":"Slime Boss","floor":16,"turns":8},{"damage":11,"enemies":"3 Byrds","floor":18,"turns":3},{"damage":34,"enemies":"Spheric Guardian","floor":20,"turns":6},{"damage":4,"enemies":"3 Cultists","floor":22,"turns":6},{"damage":9,"enemies":"Slavers","floor":23,"turns":6},{"damage":42,"enemies":"Gremlin Leader","floor":25,"turns":6}],"seed_played":"-4790035639247729882","potions_obtained":[{"floor":7,"key":"Block Potion"},{"floor":14,"key":"SkillPotion"},{"floor":18,"key":"Fire Potion"}],"is_trial":false,"path_per_floor":["M","M","M","?","M","R","E","R","T","?","M","$","M","E","R","B",null,"M","?","M","$","M","E","R","E"],"character_chosen":"DEFECT","items_purchased":["Lee\u0027s Waffle","DataDisk"],"campfire_rested":2,"item_purchase_floors":[12,21],"current_hp_per_floor":[70,63,54,54,43,43,20,43,43,8,8,85,84,75,75,36,73,62,62,28,28,24,15,40,0],"gold":51,"neow_bonus":"TEN_PERCENT_HP_BONUS","is_prod":false,"is_daily":false,"chose_seed":false,"campfire_upgraded":2,"win_rate":0,"timestamp":1554170501,"path_taken":["M","M","M","?","M","R","E","R","T","?","M","$","M","E","R","BOSS","M","?","M","$","M","E","R","E"],"build_version":"2019-01-23","purchased_purges":0,"victory":false,"max_hp_per_floor":[78,78,78,78,78,78,78,78,78,78,78,85,85,85,85,85,85,85,85,85,85,85,85,85,85],"card_choices":[{"not_picked":["Conserve Battery","Beam Cell"],"picked":"Ball Lightning","floor":1},{"not_picked":["Lockon","Turbo"],"picked":"Barrage","floor":2},{"not_picked":["Heatsinks","Go for the Eyes"],"picked":"Static Discharge","floor":3},{"not_picked":["Ball Lightning","Coolheaded"],"picked":"Glacier","floor":5},{"not_picked":["Leap","Double Energy"],"picked":"Doom and Gloom","floor":7},{"not_picked":["Beam Cell","Stack"],"picked":"Electrodynamics","floor":11},{"not_picked":["Redo","Skim"],"picked":"Cold Snap","floor":13},{"not_picked":["Stack","Hologram"],"picked":"Heatsinks","floor":14},{"not_picked":["Core Surge","All For One"],"picked":"Creative AI","floor":16},{"not_picked":["Turbo","Cold Snap"],"picked":"Hologram","floor":18},{"not_picked":["Darkness","Reprogram"],"picked":"Reinforced Body","floor":20},{"not_picked":["Coolheaded","Gash","Static Discharge"],"picked":"SKIP","floor":22},{"not_picked":["Go for the Eyes+1","Skim"],"picked":"Defragment+1","floor":23},{"not_picked":["Consume","Turbo"],"picked":"Glacier","floor":24}],"player_experience":626795,"relics_obtained":[{"floor":7,"key":"Omamori"},{"floor":9,"key":"Dream Catcher"},{"floor":14,"key":"Incense Burner"},{"floor":23,"key":"Centennial Puzzle"},{"floor":23,"key":"Smiling Mask"}],"event_choices":[{"damage_healed":0,"gold_gain":0,"player_choice":"Ignored","damage_taken":0,"max_hp_gain":0,"max_hp_loss":0,"event_name":"Liars Game","floor":4,"gold_loss":0},{"damage_healed":0,"gold_gain":0,"player_choice":"Success","damage_taken":35,"relics_obtained":["Happy Flower"],"max_hp_gain":0,"max_hp_loss":0,"event_name":"Scrap Ooze","floor":10,"gold_loss":0},{"damage_healed":0,"gold_gain":0,"player_choice":"Opened","damage_taken":0,"relics_obtained":["Pantograph"],"max_hp_gain":0,"max_hp_loss":0,"event_name":"The Mausoleum","floor":19,"gold_loss":0,"cards_obtained":["Writhe"]}],"is_beta":false,"boss_relics":[{"not_picked":["Coffee Dripper","Ectoplasm"],"picked":"Black Star"}],"items_purged_floors":[],"is_endless":false,"potions_floor_spawned":[7,14,18],"killed_by":"Gremlin Leader","ascension_level":20}