{"gold_per_floor":[115,47,47,47,57,91,105,139,193,193,204,204,204],"floor_reached":13,"playtime":4010,"items_purged":[],"score":143,"play_id":"db96fbf2-c5fe-4ad6-a2e8-e0d29b74c3b9","local_time":"20180825233804","is_ascension_mode":true,"campfire_choices":[],"neow_cost":"PERCENT_DAMAGE","seed_source_timestamp":951483070000210,"circlet_count":0,"master_deck":["Defend_G","Defend_G","Defend_G","Defend_G","Defend_G","Strike_G","Strike_G","Strike_G","Strike_G","Strike_G","Survivor","Neutralize","Dash","Noxious Fumes","Escape Plan","Venomology","Infinite Blades","Well Laid Plans","Leg Sweep+1"],"relics":["Ring of the Snake","Dodecahedron","Bag of Marbles","Boot"],"potions_floor_usage":[6,8,8,10,10,11,11],"damage_taken":[{"damage":2,"enemies":"2 Louse","floor":1,"turns":4},{"damage":4,"enemies":"Jaw Worm","floor":5,"turns":5},{"damage":38,"enemies":"Gremlin Nob","floor":6,"turns":5},{"damage":0,"enemies":"Cultist","floor":7,"turns":4},{"damage":11,"enemies":"3 Sentries","floor":8,"turns":7},{"damage":9,"enemies":"Lagavulin","floor":10,"turns":5},{"damage":0,"enemies":"Gremlin Gang","floor":11,"turns":4},{"damage":2,"enemies":"2 Fungi Beasts","floor":13,"turns":3}],"seed_played":"-6090012589429563314","potions_obtained":[{"floor":1,"key":"Swift Potion"},{"floor":7,"key":"GamblersBrew"},{"floor":8,"key":"Fire Potion"},{"floor":11,"key":"Strength Potion"}],"is_trial":false,"path_per_floor":["M","$","?","$","M","E","M","E","T","E","M","?"],"character_chosen":"THE_SILENT","items_purchased":["Noxious Fumes"],"campfire_rested":0,"item_purchase_floors":[2],"current_hp_per_floor":[58,58,63,63,59,21,21,10,10,1,1,1,0],"gold":204,"neow_bonus":"TWENTY_PERCENT_HP_BONUS","is_prod":false,"is_daily":false,"chose_seed":false,"campfire_upgraded":0,"win_rate":0,"timestamp":1535258284,"path_taken":["M","$","?","?","M","E","?","E","T","E","M","?","M"],"build_version":"2018-08-23v2","purchased_purges":0,"victory":false,"max_hp_per_floor":[84,84,89,89,89,89,89,89,89,89,89,89,89],"card_choices":[{"not_picked":["Deadly Poison","Deflect"],"picked":"Dash","floor":1},{"not_picked":["PiercingWail","Slice"],"picked":"Escape Plan","floor":5},{"not_picked":["Backflip","Dodge and Roll"],"picked":"Venomology","floor":6},{"not_picked":["Deadly Poison","PiercingWail"],"picked":"Infinite Blades","floor":7},{"not_picked":["Unload","Sucker Punch"],"picked":"Well Laid Plans","floor":8},{"not_picked":["Underhanded Strike","Sucker Punch"],"picked":"Leg Sweep","floor":11}],"player_experience":270638,"relics_obtained":[{"floor":6,"key":"Dodecahedron"},{"floor":8,"key":"Bag of Marbles"},{"floor":9,"key":"Boot"}],"event_choices":[{"event_name":"Big Fish","player_choice":"Donut","floor":3,"damage_taken":0},{"event_name":"Upgrade Shrine","player_choice":"Upgraded","floor":12,"damage_taken":0}],"is_beta":false,"boss_relics":[],"items_purged_floors":[],"is_endless":false,"potions_floor_spawned":[1,7,8,11],"killed_by":"2 Fungi Beasts","ascension_level":3}