{"gold_per_floor":[118,118,118,136,33,59,59,90,139,190,217,228,228,10,10,82,82,93,107,107,119,130,130,165,165,188,103,122,122,138,153,153,153],"floor_reached":33,"playtime":999,"items_purged":["Defend_G"],"score":636,"play_id":"6fca1f50-f884-4f29-8059-5f43200fb200","local_time":"20190826135454","is_ascension_mode":true,"campfire_choices":[{"data":"Bouncing Flask","floor":7.0,"key":"SMITH"},{"data":"Crippling Poison","floor":13.0,"key":"SMITH"},{"data":"Neutralize","floor":15.0,"key":"SMITH"},{"data":"Wraith Form v2","floor":23.0,"key":"SMITH"},{"data":"Footwork","floor":29.0,"key":"SMITH"},{"data":"Corpse Explosion","floor":32,"key":"SMITH"}],"neow_cost":"NONE","seed_source_timestamp":86596104488732,"circlet_count":0,"master_deck":["AscendersBane","Strike_G","Strike_G","Strike_G","Strike_G","Defend_G","Defend_G","Defend_G","Defend_G","Survivor","Neutralize+1","Bouncing Flask+1","Footwork+1","Crippling Poison+1","Wraith Form v2+1","Catalyst","Corpse Explosion+1","Leg Sweep"],"special_seed":0,"relics":["Ring of the Snake","NeowsBlessing","Smiling Mask","Strawberry","The Courier","Boot","Ancient Tea Set","Potion Belt","Mercury Hourglass","Runic Pyramid","Enchiridion","Letter Opener","PreservedInsect","Bronze Scales"],"potions_floor_usage":[33,33,33,33,33],"damage_taken":[{"damage":0.0,"enemies":"Small Slimes","floor":1.0,"turns":1.0},{"damage":0.0,"enemies":"Jaw Worm","floor":4.0,"turns":1.0},{"damage":0.0,"enemies":"3 Sentries","floor":6.0,"turns":1.0},{"damage":22.0,"enemies":"Lagavulin","floor":8.0,"turns":5.0},{"damage":19.0,"enemies":"3 Sentries","floor":11.0,"turns":8.0},{"damage":0.0,"enemies":"Cultist","floor":12.0,"turns":3.0},{"damage":5.0,"enemies":"The Guardian","floor":16.0,"turns":8.0},{"damage":4.0,"enemies":"Shell Parasite","floor":18.0,"turns":7.0},{"damage":0.0,"enemies":"3 Byrds","floor":19.0,"turns":2.0},{"damage":13.0,"enemies":"Snake Plant","floor":21.0,"turns":4.0},{"damage":0.0,"enemies":"Snecko","floor":22.0,"turns":4.0},{"damage":6.0,"enemies":"Book of Stabbing","floor":24.0,"turns":6.0},{"damage":8.0,"enemies":"Chosen and Byrds","floor":28.0,"turns":5.0},{"damage":1.0,"enemies":"Snake Plant","floor":30.0,"turns":3.0},{"damage":1.0,"enemies":"Cultist and Chosen","floor":31.0,"turns":4.0},{"damage":33,"enemies":"Collector","floor":33,"turns":6}],"seed_played":"2220778782149207391","potions_obtained":[{"floor":1.0,"key":"Explosive Potion"},{"floor":6.0,"key":"AttackPotion"},{"floor":12.0,"key":"EntropicBrew"},{"floor":16.0,"key":"Poison Potion"},{"floor":18.0,"key":"Ancient Potion"},{"floor":21.0,"key":"Energy Potion"}],"is_trial":false,"path_per_floor":["M","?","?","M","$","E","R","E","T","T","E","M","R","$","R","B",null,"M","M","?","M","M","R","E","?","T","?","M","R","M","M","R","B"],"character_chosen":"THE_SILENT","items_purchased":["Fire Potion","Mercury Hourglass"],"campfire_rested":0,"item_purchase_floors":[5,14],"current_hp_per_floor":[59,59,41,41,41,48,48,26,26,26,7,7,7,7,7,2,55,51,51,30,17,17,17,11,11,11,11,3,3,2,1,1,0],"gold":153,"neow_bonus":"THREE_ENEMY_KILL","is_prod":false,"is_daily":false,"chose_seed":false,"campfire_upgraded":6,"win_rate":0,"timestamp":1566802494,"path_taken":["M","?","?","M","$","E","R","E","T","?","E","M","R","$","R","BOSS","M","M","?","M","M","R","E","?","T","?","?","R","?","M","R","BOSS"],"build_version":"2019-07-17","purchased_purges":1,"victory":false,"max_hp_per_floor":[66,66,66,66,66,73,73,73,73,73,73,73,73,73,73,73,73,73,73,73,73,73,73,73,73,73,73,73,73,73,73,73,73],"card_choices":[{"not_picked":["Infinite Blades","Accuracy","Dodge and Roll"],"picked":"SKIP","floor":1.0},{"not_picked":["Dagger Spray","Bane","Sucker Punch"],"picked":"SKIP","floor":4.0},{"not_picked":["Acrobatics","Tools of the Trade"],"picked":"Bouncing Flask","floor":6.0},{"not_picked":["Slice","Deflect"],"picked":"Footwork","floor":8.0},{"not_picked":["Distraction","Escape Plan"],"picked":"Crippling Poison","floor":11.0},{"not_picked":["Dodge and Roll","Acrobatics","Bane"],"picked":"SKIP","floor":12.0},{"not_picked":["Burst","Unload"],"picked":"Wraith Form v2","floor":16.0},{"not_picked":["Escape Plan","Tactician","Poisoned Stab"],"picked":"SKIP","floor":18.0},{"not_picked":["Deadly Poison","Acrobatics+1","Slice"],"picked":"SKIP","floor":19.0},{"not_picked":["Outmaneuver","Flying Knee"],"picked":"Catalyst","floor":21.0},{"not_picked":["PiercingWail","Outmaneuver"],"picked":"Corpse Explosion","floor":22.0},{"not_picked":["Backflip","Well Laid Plans","Outmaneuver"],"picked":"SKIP","floor":24.0},{"not_picked":["Poisoned Stab","Dodge and Roll"],"picked":"Leg Sweep","floor":28.0},{"not_picked":["Blade Dance+1","Slice+1","Deadly Poison"],"picked":"SKIP","floor":30.0},{"not_picked":["Distraction","Escape Plan+1","Dagger Throw"],"picked":"SKIP","floor":31.0}],"player_experience":1083351,"relics_obtained":[{"floor":6.0,"key":"Strawberry"},{"floor":8.0,"key":"The Courier"},{"floor":9.0,"key":"Boot"},{"floor":10.0,"key":"Ancient Tea Set"},{"floor":11.0,"key":"Potion Belt"},{"floor":20.0,"key":"Enchiridion"},{"floor":24.0,"key":"Letter Opener"},{"floor":26.0,"key":"PreservedInsect"}],"event_choices":[{"cards_removed":["Strike_G"],"damage_healed":0.0,"max_hp_gain":0.0,"max_hp_loss":0.0,"gold_gain":0.0,"event_name":"Living Wall","player_choice":"Forget","floor":2.0,"gold_loss":0.0,"damage_taken":0.0},{"damage_healed":0.0,"max_hp_gain":0.0,"max_hp_loss":0.0,"gold_gain":0.0,"event_name":"Scrap Ooze","player_choice":"Success","floor":3.0,"gold_loss":0.0,"damage_taken":18.0,"relics_obtained":["Smiling Mask"]},{"damage_healed":0.0,"max_hp_gain":0.0,"max_hp_loss":0.0,"gold_gain":0.0,"event_name":"Cursed Tome","player_choice":"Obtained Book","floor":20.0,"gold_loss":0.0,"damage_taken":21.0},{"damage_healed":0.0,"max_hp_gain":0.0,"max_hp_loss":0.0,"gold_gain":0.0,"event_name":"Vampires","player_choice":"Ignored","floor":25.0,"gold_loss":0.0,"damage_taken":0.0},{"damage_healed":0.0,"max_hp_gain":0.0,"max_hp_loss":0.0,"gold_gain":0.0,"event_name":"Addict","player_choice":"Obtained Relic","floor":27.0,"gold_loss":85.0,"damage_taken":0.0,"relics_obtained":["Bronze Scales"]}],"is_beta":false,"boss_relics":[{"not_picked":["Runic Dome","Ring of the Serpent"],"picked":"Runic Pyramid"}],"items_purged_floors":[5],"is_endless":false,"potions_floor_spawned":[1,6,12,16,18,21],"killed_by":"Collector","ascension_level":21}