{"gold_per_floor":[14,29,29,29,29,29,47,64,89,52,62,131,77,93,93,190,190,202,218,25,25,25,25,25,35,35,35],"floor_reached":27,"playtime":1138,"items_purged":[],"score":294,"play_id":"4b37ec75-985f-43ba-b575-afaf8102c929","local_time":"20190928102604","is_ascension_mode":true,"campfire_choices":[{"data":"Entrench","floor":6.0,"key":"SMITH"},{"data":"Body Slam","floor":15.0,"key":"SMITH"},{"data":"Shrug It Off","floor":23,"key":"SMITH"}],"neow_cost":"NO_GOLD","seed_source_timestamp":0,"circlet_count":0,"master_deck":["Strike_R","Strike_R","Strike_R","Strike_R","Defend_R+1","Defend_R","Defend_R","Bash","Battle Trance+1","Entrench+1","Carnage","Body Slam+1","Uppercut","Metallicize","Shrug It Off+1","Demon Form"],"special_seed":0,"relics":["Burning Blood","Boot","War Paint","Busted Crown","Membership Card","MutagenicStrength","Pen Nib"],"potions_floor_usage":[],"damage_taken":[{"damage":6.0,"enemies":"Cultist","floor":1.0,"turns":4.0},{"damage":9.0,"enemies":"Jaw Worm","floor":2.0,"turns":3.0},{"damage":7.0,"enemies":"Small Slimes","floor":7.0,"turns":4.0},{"damage":18.0,"enemies":"3 Louse","floor":8.0,"turns":3.0},{"damage":15.0,"enemies":"2 Fungi Beasts","floor":11.0,"turns":4.0},{"damage":8.0,"enemies":"Looter","floor":14.0,"turns":4.0},{"damage":30.0,"enemies":"The Guardian","floor":16.0,"turns":12.0},{"damage":40,"enemies":"3 Byrds","floor":18,"turns":7},{"damage":1,"enemies":"Spheric Guardian","floor":19,"turns":4},{"damage":13,"enemies":"Snake Plant","floor":25,"turns":5},{"damage":34,"enemies":"Book of Stabbing","floor":27,"turns":6}],"seed_played":"1329673619543353359","potions_obtained":[{"floor":2.0,"key":"Explosive Potion"},{"floor":7.0,"key":"AttackPotion"},{"floor":14.0,"key":"PowerPotion"}],"is_trial":false,"path_per_floor":["M","M","?","?","$","R","M","M","T","$","M","?","$","M","R","B",null,"M","M","$","?","?","R","?","M","T","E"],"character_chosen":"IRONCLAD","items_purchased":["Metallicize","Shrug It Off","Membership Card"],"campfire_rested":0,"item_purchase_floors":[10,13,20],"current_hp_per_floor":[72,69,69,69,69,69,68,56,56,56,47,47,47,45,45,21,65,31,36,36,36,36,36,36,29,29,0],"gold":35,"neow_bonus":"TRANSFORM_TWO_CARDS","is_prod":false,"is_daily":false,"chose_seed":false,"campfire_upgraded":3,"win_rate":0,"timestamp":1569659164,"path_taken":["M","?","?","?","$","R","M","M","T","$","M","?","$","M","R","BOSS","M","M","$","?","?","R","?","M","T","E"],"build_version":"2019-07-17","purchased_purges":0,"victory":false,"max_hp_per_floor":[80,80,80,80,80,80,80,80,80,80,80,80,80,80,80,80,80,80,80,80,80,80,80,80,80,80,80],"card_choices":[{"not_picked":["Thunderclap","Rupture"],"picked":"Carnage","floor":1.0},{"not_picked":["Rampage","Perfected Strike"],"picked":"Body Slam","floor":2.0},{"not_picked":["Power Through","Anger"],"picked":"Uppercut","floor":7.0},{"not_picked":["Heavy Blade","Anger","Pommel Strike"],"picked":"SKIP","floor":8.0},{"not_picked":["Iron Wave","Cleave","Second Wind"],"picked":"SKIP","floor":11.0},{"not_picked":["Heavy Blade","Fire Breathing","Double Tap"],"picked":"SKIP","floor":14.0},{"not_picked":["Impervious","Reaper"],"picked":"Demon Form","floor":16.0},{"not_picked":["Clash"],"picked":"SKIP","floor":18},{"not_picked":["Bloodletting+1"],"picked":"SKIP","floor":19},{"not_picked":["Evolve"],"picked":"SKIP","floor":25}],"player_experience":406881,"relics_obtained":[{"floor":9.0,"key":"War Paint"},{"floor":26,"key":"Pen Nib"}],"event_choices":[{"damage_healed":0.0,"max_hp_gain":0.0,"max_hp_loss":0.0,"gold_gain":0.0,"event_name":"Big Fish","player_choice":"Box","floor":3.0,"gold_loss":0.0,"damage_taken":0.0,"relics_obtained":["Boot"],"cards_obtained":["Regret"]},{"cards_removed":["Regret"],"damage_healed":0.0,"max_hp_gain":0.0,"max_hp_loss":0.0,"gold_gain":0.0,"event_name":"Living Wall","player_choice":"Forget","floor":4.0,"gold_loss":0.0,"damage_taken":0.0},{"damage_healed":0.0,"max_hp_gain":0.0,"max_hp_loss":0.0,"gold_gain":69.0,"event_name":"Golden Wing","player_choice":"Gained Gold","floor":12.0,"gold_loss":0.0,"damage_taken":0.0},{"damage_healed":0,"gold_gain":0,"player_choice":"Inject Mutagens","damage_taken":0,"relics_obtained":["MutagenicStrength"],"max_hp_gain":0,"max_hp_loss":0,"event_name":"Drug Dealer","floor":21,"gold_loss":0},{"damage_healed":0,"gold_gain":0,"player_choice":"Ignored","damage_taken":0,"max_hp_gain":0,"max_hp_loss":0,"event_name":"Cursed Tome","floor":22,"gold_loss":0},{"damage_healed":0,"gold_gain":0,"player_choice":"Ignored","damage_taken":0,"max_hp_gain":0,"max_hp_loss":0,"event_name":"WeMeetAgain","floor":24,"gold_loss":0}],"is_beta":false,"boss_relics":[{"not_picked":["Coffee Dripper","White Beast Statue"],"picked":"Busted Crown"}],"items_purged_floors":[],"is_endless":false,"potions_floor_spawned":[2,7,14],"killed_by":"Book of Stabbing","ascension_level":9}