{"gold_per_floor":[216,227,239,239,239,239,272,285,285,285,303,303,303,268,268,363,363,382,252,252,232,232],"floor_reached":22,"playtime":850,"items_purged":["Strike_R"],"score":393,"play_id":"69656110-e129-4367-a7eb-71a4547d398a","local_time":"20190514173055","is_ascension_mode":true,"campfire_choices":[{"floor":6.0,"key":"REST"},{"data":"Bash","floor":10.0,"key":"SMITH"},{"data":"Carnage","floor":15.0,"key":"SMITH"}],"neow_cost":"NONE","seed_source_timestamp":283434080934044,"circlet_count":0,"master_deck":["AscendersBane","Defend_R","Defend_R","Defend_R","Defend_R","Bash+1","Sword Boomerang","Clothesline+1","Anger","Carnage+1","True Grit","Reaper","Ghostly Armor+1","Shrug It Off","Bite","Bite","Bite","Bite","Bite","Headbutt"],"special_seed":0,"relics":["Burning Blood","Blue Candle","Gremlin Horn","Golden Idol","Fusion Hammer"],"potions_floor_usage":[16,16,22],"damage_taken":[{"damage":14.0,"enemies":"Jaw Worm","floor":1.0,"turns":4.0},{"damage":6.0,"enemies":"2 Louse","floor":2.0,"turns":3.0},{"damage":14.0,"enemies":"Small Slimes","floor":3.0,"turns":3.0},{"damage":36.0,"enemies":"Lagavulin","floor":7.0,"turns":8.0},{"damage":9.0,"enemies":"Looter","floor":8.0,"turns":4.0},{"damage":16.0,"enemies":"3 Louse","floor":11.0,"turns":3.0},{"damage":17,"enemies":"Slime Boss","floor":16,"turns":7},{"damage":37,"enemies":"3 Byrds","floor":18,"turns":6},{"damage":11,"enemies":"2 Thieves","floor":21,"turns":4},{"damage":64,"enemies":"3 Cultists","floor":22,"turns":6}],"seed_played":"1760666486564315690","potions_obtained":[{"floor":1.0,"key":"SpeedPotion"},{"floor":8.0,"key":"Strength Potion"},{"floor":11.0,"key":"Fire Potion"},{"floor":21,"key":"AttackPotion"}],"is_trial":false,"path_per_floor":["M","M","M","?","?","R","E","M","T","R","M","?","T","?","R","B",null,"M","$","?","M","M"],"character_chosen":"IRONCLAD","items_purchased":["Shrug It Off"],"campfire_rested":1,"item_purchase_floors":[19],"current_hp_per_floor":[60,60,52,52,29,51,21,18,18,18,8,8,8,25,25,14,55,31,31,31,44,0],"gold":232,"neow_bonus":"HUNDRED_GOLD","is_prod":false,"is_daily":false,"chose_seed":false,"campfire_upgraded":2,"win_rate":0,"timestamp":1557869455,"path_taken":["M","M","M","?","?","R","E","M","T","R","M","?","?","?","R","BOSS","M","$","?","M","M"],"build_version":"2019-01-23","purchased_purges":1,"victory":false,"max_hp_per_floor":[75,75,75,75,75,75,75,75,75,75,75,68,68,68,68,68,68,68,68,47,47,47],"card_choices":[{"not_picked":["Fire Breathing","Shockwave"],"picked":"Sword Boomerang","floor":1.0},{"not_picked":["Combust","Body Slam"],"picked":"Clothesline","floor":2.0},{"not_picked":["Flame Barrier","Clothesline"],"picked":"Anger","floor":3.0},{"not_picked":["Fire Breathing","Anger","Infernal Blade"],"picked":"SKIP","floor":7.0},{"not_picked":["Warcry","Dual Wield"],"picked":"Carnage","floor":8.0},{"not_picked":["Iron Wave","Flex"],"picked":"True Grit","floor":11.0},{"not_picked":["Bludgeon","Fiend Fire"],"picked":"Reaper","floor":16},{"not_picked":["Twin Strike","Armaments"],"picked":"Ghostly Armor+1","floor":18},{"not_picked":["Pommel Strike","Cleave"],"picked":"Headbutt","floor":21}],"player_experience":832714,"relics_obtained":[{"floor":7.0,"key":"Blue Candle"},{"floor":9.0,"key":"Gremlin Horn"}],"event_choices":[{"damage_healed":0.0,"max_hp_gain":0.0,"max_hp_loss":0.0,"gold_gain":0.0,"event_name":"Liars Game","player_choice":"Ignored","floor":4.0,"gold_loss":0.0,"damage_taken":0.0},{"damage_healed":0.0,"max_hp_gain":0.0,"max_hp_loss":0.0,"gold_gain":0.0,"event_name":"Shining Light","player_choice":"Entered Light","floor":5.0,"gold_loss":0.0,"damage_taken":23.0,"cards_upgraded":["Clothesline","Strike_R"]},{"damage_healed":0.0,"max_hp_gain":0.0,"max_hp_loss":7.0,"gold_gain":0.0,"event_name":"Golden Idol","player_choice":"Lose Max HP","floor":12.0,"gold_loss":0.0,"damage_taken":0.0,"relics_obtained":["Golden Idol"]},{"damage_healed":17.0,"max_hp_gain":0.0,"max_hp_loss":0.0,"gold_gain":0.0,"event_name":"The Cleric","player_choice":"Healed","floor":14.0,"gold_loss":35.0,"damage_taken":0.0},{"damage_healed":0,"gold_gain":0,"player_choice":"Became a vampire","damage_taken":0,"max_hp_gain":0,"max_hp_loss":21,"event_name":"Vampires","floor":20,"gold_loss":0,"cards_obtained":["Bite","Bite","Bite","Bite","Bite"]}],"is_beta":false,"boss_relics":[{"not_picked":["Eternal Feather","White Beast Statue"],"picked":"Fusion Hammer"}],"items_purged_floors":[19],"is_endless":false,"potions_floor_spawned":[1,8,11,21],"killed_by":"3 Cultists","ascension_level":20}