{"gold_per_floor":[111,111,11,11,11,42,42,82,108,126,142,173,173,198,198,287,287,310,185,200,200,200,233,27,43,43,50,50,50],"floor_reached":29,"playtime":793,"items_purged":["Defend_P","Strike_P"],"score":715,"play_id":"50ab1bcc-0ac2-408e-9af0-3f7f12254d8f","local_time":"20190924174624","is_ascension_mode":true,"campfire_choices":[{"data":"Eruption","floor":7.0,"key":"SMITH"},{"data":"SandsOfTime","floor":13.0,"key":"SMITH"},{"data":"Vigilance","floor":15.0,"key":"SMITH"},{"data":"MasterReality","floor":28,"key":"SMITH"}],"neow_cost":"NONE","seed_source_timestamp":135755585400000,"circlet_count":0,"master_deck":["AscendersBane","Strike_P","Strike_P","Defend_P","Defend_P","Eruption+1","Vigilance+1","Vault","SandsOfTime+1","FlurryOfBlows","Protect","MasterReality+1","Protect","Establishment","Sanctity"],"special_seed":0,"relics":["PureWater","NeowsBlessing","Golden Idol","Bag of Marbles","Du-Vu Doll","Dream Catcher","Odd Mushroom","Calling Bell","Melange","Blue Candle","Shovel","InkBottle","Membership Card","CeramicFish"],"potions_floor_usage":[23,25],"damage_taken":[{"damage":0.0,"enemies":"Small Slimes","floor":1.0,"turns":1.0},{"damage":0.0,"enemies":"Lagavulin","floor":6.0,"turns":1.0},{"damage":0.0,"enemies":"Gremlin Nob","floor":8.0,"turns":1.0},{"damage":0.0,"enemies":"2 Louse","floor":10.0,"turns":1.0},{"damage":1.0,"enemies":"Cultist","floor":11.0,"turns":3.0},{"damage":0.0,"enemies":"The Mushroom Lair","floor":12.0,"turns":4.0},{"damage":0.0,"enemies":"Large Slime","floor":14.0,"turns":2.0},{"damage":0.0,"enemies":"Slime Boss","floor":16.0,"turns":3.0},{"damage":1.0,"enemies":"Spheric Guardian","floor":18.0,"turns":4.0},{"damage":32.0,"enemies":"Shell Parasite","floor":20.0,"turns":7.0},{"damage":28,"enemies":"Gremlin Leader","floor":23,"turns":8},{"damage":2,"enemies":"Sentry and Sphere","floor":25,"turns":3},{"damage":11,"enemies":"Cultist and Chosen","floor":29,"turns":2}],"seed_played":"7564075390818952427","potions_obtained":[{"floor":1.0,"key":"Block Potion"},{"floor":8.0,"key":"Strength Potion"},{"floor":16.0,"key":"StancePotion"},{"floor":18.0,"key":"SteroidPotion"},{"floor":25,"key":"Fire Potion"}],"is_trial":false,"path_per_floor":["M","?","$","?","?","E","R","E","T","M","M","?","R","M","R","B",null,"M","$","M","?","?","E","$","M","T","?","R","M"],"character_chosen":"WATCHER","items_purchased":["Membership Card","Regen Potion"],"campfire_rested":0,"item_purchase_floors":[24,24],"current_hp_per_floor":[55,60,60,60,37,37,37,37,37,37,36,36,36,36,36,36,59,58,58,26,26,31,3,3,10,10,10,10,0],"gold":50,"neow_bonus":"THREE_ENEMY_KILL","is_prod":false,"is_daily":false,"chose_seed":false,"campfire_upgraded":4,"win_rate":0,"timestamp":1569321984,"path_taken":["M","?","$","?","?","E","R","E","T","M","M","?","R","M","R","BOSS","M","$","M","?","?","E","$","?","T","?","R","M"],"build_version":"2019-09-23","purchased_purges":2,"victory":false,"max_hp_per_floor":[61,66,66,66,66,66,66,66,66,66,66,66,66,66,66,66,66,66,66,66,66,66,66,66,66,66,66,66,66],"card_choices":[{"not_picked":["WreathOfFlame","FlowState","SpiritShield"],"picked":"SKIP","floor":1.0},{"not_picked":["FlyingSleeves","FollowUp"],"picked":"Vault","floor":6.0},{"not_picked":["FlyingSleeves","Conclude"],"picked":"SandsOfTime","floor":8.0},{"not_picked":["Establishment","EmptyBody"],"picked":"FlurryOfBlows","floor":10.0},{"not_picked":["Prostrate","JustLucky","FlowState"],"picked":"SKIP","floor":11.0},{"not_picked":["Weave","CutThroughFate"],"picked":"Protect","floor":14.0},{"not_picked":["Ragnarok","Nirvana"],"picked":"MasterReality","floor":16.0},{"not_picked":["Conclude","Fasting"],"picked":"Protect","floor":18.0},{"not_picked":["Evaluate+1","Wallop+1","FlyingSleeves"],"picked":"SKIP","floor":20.0},{"not_picked":["SandsOfTime","EmptyFist"],"picked":"Establishment","floor":23},{"not_picked":["ClearTheMind","WaveOfTheHand","Devotion"],"picked":"SKIP","floor":25}],"player_experience":1144053,"relics_obtained":[{"floor":6.0,"key":"Bag of Marbles"},{"floor":8.0,"key":"Du-Vu Doll"},{"floor":9.0,"key":"Dream Catcher"},{"floor":12.0,"key":"Odd Mushroom"},{"floor":17.0,"key":"Melange"},{"floor":17.0,"key":"Blue Candle"},{"floor":17.0,"key":"Shovel"},{"floor":23,"key":"InkBottle"},{"floor":26,"key":"CeramicFish"}],"event_choices":[{"damage_healed":0.0,"max_hp_gain":5.0,"max_hp_loss":0.0,"gold_gain":0.0,"event_name":"Big Fish","player_choice":"Donut","floor":2.0,"gold_loss":0.0,"damage_taken":0.0},{"cards_removed":["Strike_P"],"damage_healed":0.0,"max_hp_gain":0.0,"max_hp_loss":0.0,"gold_gain":0.0,"event_name":"Living Wall","player_choice":"Forget","floor":4.0,"gold_loss":0.0,"damage_taken":0.0},{"damage_healed":0.0,"max_hp_gain":0.0,"max_hp_loss":0.0,"gold_gain":0.0,"event_name":"Golden Idol","player_choice":"Take Damage","floor":5.0,"gold_loss":0.0,"damage_taken":23.0,"relics_obtained":["Golden Idol"]},{"damage_healed":0.0,"max_hp_gain":0.0,"max_hp_loss":0.0,"gold_gain":0.0,"event_name":"Mushrooms","player_choice":"Fought Mushrooms","floor":12.0,"gold_loss":0.0,"damage_taken":0.0},{"damage_healed":0.0,"max_hp_gain":0.0,"max_hp_loss":0.0,"gold_gain":0.0,"event_name":"Vampires","player_choice":"Ignored","floor":21.0,"gold_loss":0.0,"damage_taken":0.0},{"cards_removed":["CurseOfTheBell"],"damage_healed":5.0,"max_hp_gain":0.0,"max_hp_loss":0.0,"gold_gain":0.0,"event_name":"Bonfire Elementals","player_choice":"Offered Special","floor":22.0,"gold_loss":0.0,"damage_taken":0.0},{"damage_healed":0,"gold_gain":0,"cards_transformed":["Defend_P"],"player_choice":"Transformed","damage_taken":0,"max_hp_gain":0,"max_hp_loss":0,"event_name":"Transmorgrifier","floor":27,"gold_loss":0,"cards_obtained":["Sanctity"]}],"is_beta":true,"boss_relics":[{"not_picked":["Tiny House","Black Star"],"picked":"Calling Bell"}],"items_purged_floors":[3,19],"is_endless":false,"potions_floor_spawned":[1,8,14,16,18,25],"killed_by":"Cultist and Chosen","ascension_level":21}