{"gold_per_floor":[112,187,107,57,57,57,57,88,88,120,120,131,148,175,175,272,272,284,384,400,315,335,363,29,62,62,87,87,12,26,26,26,123,123,133,133,185,42,62,96,96,96,96,115,115,115,146,162,162,162,162,162,14,49,49],"floor_reached":56,"playtime":5175,"items_purged":["Strike_G"],"score":1530,"play_id":"8b6bbdc8-7eb0-4adb-996e-591a06085511","local_time":"20190611185410","is_ascension_mode":true,"campfire_choices":[{"data":"Leg Sweep","floor":7.0,"key":"SMITH"},{"data":"A Thousand Cuts","floor":15.0,"key":"SMITH"},{"floor":32.0,"key":"REST"},{"data":"Infinite Blades","floor":41.0,"key":"SMITH"},{"floor":46.0,"key":"RECALL"},{"floor":49.0,"key":"REST"},{"data":"1","floor":52.0,"key":"LIFT"}],"neow_cost":"NONE","seed_source_timestamp":0,"circlet_count":0,"master_deck":["Defend_G","Defend_G","Defend_G","Defend_G","Strike_G","Strike_G+1","Strike_G+1","Survivor","Neutralize","Leg Sweep+1","Infinite Blades+1","PiercingWail","Finisher","Deflect","A Thousand Cuts+1","Venomology","Infinite Blades","Blade Dance+1","Dagger Spray+1","Prepared+1","Backflip+1","Well Laid Plans+1","Infinite Blades+1","Well Laid Plans+1","Backflip+1","Malaise+1","Footwork+1","Madness+1","Madness+1","Prepared+1","Cloak And Dagger+1","Deflect+1","Outmaneuver+1","Cloak And Dagger+1"],"special_seed":0,"relics":["Ring of the Snake","NeowsBlessing","Meat on the Bone","Potion Belt","Orichalcum","Gremlin Horn","PreservedInsect","Pear","Sozu","Ice Cream","Toxic Egg 2","Anchor","Frozen Egg 2","Incense Burner","Matryoshka","Dream Catcher","Vajra","Ornamental Fan","Enchiridion","Cursed Key","Girya","Oddly Smooth Stone","Letter Opener","Pantograph","Spirit Poop","Singing Bowl","Tingsha"],"potions_floor_usage":[55],"damage_taken":[{"damage":0.0,"enemies":"Cultist","floor":1.0,"turns":1.0},{"damage":0.0,"enemies":"Gremlin Nob","floor":8.0,"turns":1.0},{"damage":0.0,"enemies":"3 Sentries","floor":10.0,"turns":1.0},{"damage":6.0,"enemies":"Small Slimes","floor":12.0,"turns":4.0},{"damage":1.0,"enemies":"Jaw Worm","floor":13.0,"turns":4.0},{"damage":10.0,"enemies":"Gremlin Nob","floor":14.0,"turns":4.0},{"damage":21.0,"enemies":"Hexaghost","floor":16.0,"turns":12.0},{"damage":28.0,"enemies":"3 Byrds","floor":18.0,"turns":6.0},{"damage":17.0,"enemies":"Colosseum Slavers","floor":19.0,"turns":5.0},{"damage":20.0,"enemies":"Colosseum Nobs","floor":19.0,"turns":6.0},{"damage":17.0,"enemies":"2 Thieves","floor":20.0,"turns":4.0},{"damage":10.0,"enemies":"3 Cultists","floor":22.0,"turns":3.0},{"damage":6.0,"enemies":"Gremlin Leader","floor":23.0,"turns":4.0},{"damage":11.0,"enemies":"Book of Stabbing","floor":25.0,"turns":4.0},{"damage":1.0,"enemies":"Gremlin Leader","floor":27.0,"turns":3.0},{"damage":0.0,"enemies":"Chosen and Byrds","floor":30.0,"turns":5.0},{"damage":35.0,"enemies":"Champ","floor":33.0,"turns":9.0},{"damage":0.0,"enemies":"3 Shapes","floor":35.0,"turns":4.0},{"damage":23.0,"enemies":"2 Orb Walkers","floor":37.0,"turns":5.0},{"damage":3.0,"enemies":"Orb Walker","floor":39.0,"turns":4.0},{"damage":14.0,"enemies":"Nemesis","floor":40.0,"turns":8.0},{"damage":1.0,"enemies":"Sphere and 2 Shapes","floor":44.0,"turns":3.0},{"damage":30.0,"enemies":"Reptomancer","floor":47.0,"turns":5.0},{"damage":0.0,"enemies":"Jaw Worm Horde","floor":48.0,"turns":3.0},{"damage":62.0,"enemies":"Time Eater","floor":50.0,"turns":13.0},{"damage":53.0,"enemies":"Shield and Spear","floor":54.0,"turns":6.0},{"damage":52,"enemies":"The Heart","floor":55,"turns":12}],"seed_played":"-5957096758862459801","potions_obtained":[{"floor":1.0,"key":"SpeedPotion"},{"floor":8.0,"key":"EssenceOfSteel"},{"floor":14.0,"key":"GhostInAJar"}],"is_trial":false,"path_per_floor":["M","?","$","?","?","T","R","E","T","E","?","M","M","E","R","B",null,"M","?","M","?","M","E","$","E","T","E","?","?","M","$","R","B",null,"M","?","?","$","M","E","R","?","T","M","?","R","E","M","R","B",null,"R","$","E","B",null],"character_chosen":"THE_SILENT","items_purchased":["Infinite Blades","Well Laid Plans+1","Incense Burner","Oddly Smooth Stone","Deflect+1","Outmaneuver+1"],"campfire_rested":2,"item_purchase_floors":[3,24,24,38,53,53],"current_hp_per_floor":[70,59,59,59,59,59,59,59,59,59,45,39,38,50,50,41,80,52,39,34,34,36,42,42,43,43,42,26,26,38,38,62,39,80,80,70,47,47,44,42,42,42,42,41,41,41,25,39,66,36,86,86,86,45,30],"gold":49,"neow_bonus":"THREE_ENEMY_KILL","is_prod":false,"is_daily":false,"chose_seed":false,"campfire_upgraded":3,"win_rate":0,"timestamp":1560272050,"path_taken":["M","?","$","?","?","?","R","E","T","E","?","M","M","E","R","BOSS","M","?","M","?","M","E","$","E","T","E","?","?","?","?","R","BOSS","M","?","?","?","?","E","R","?","T","M","?","R","E","M","R","BOSS","R","$","E","BOSS"],"build_version":"2019-01-23","purchased_purges":1,"victory":true,"max_hp_per_floor":[70,70,70,70,70,70,70,70,70,70,70,70,70,80,80,80,80,80,80,80,80,80,80,80,80,80,80,80,80,80,80,80,80,80,80,80,80,80,80,80,80,80,80,80,80,80,82,84,86,86,86,86,86,86,86],"card_choices":[{"not_picked":["Outmaneuver","Quick Slash"],"picked":"Leg Sweep","floor":1.0},{"not_picked":["Die Die Die","Dagger Throw"],"picked":"PiercingWail","floor":8.0},{"not_picked":["Dagger Throw","Calculated Gamble"],"picked":"Finisher","floor":10.0},{"not_picked":["Slice","Concentrate"],"picked":"Deflect","floor":12.0},{"not_picked":["Heel Hook","Underhanded Strike","Flechettes"],"picked":"SKIP","floor":13.0},{"not_picked":["Backstab","Dash"],"picked":"A Thousand Cuts","floor":14.0},{"not_picked":["Night Terror","Corpse Explosion"],"picked":"Venomology","floor":16.0},{"not_picked":["Dagger Spray","Acrobatics"],"picked":"Infinite Blades","floor":18.0},{"not_picked":["Deadly Poison+1","Predator"],"picked":"Blade Dance","floor":19.0},{"not_picked":["Acrobatics+1","All Out Attack"],"picked":"Dagger Spray+1","floor":20.0},{"not_picked":["Quick Slash+1","Blade Dance+1"],"picked":"Prepared+1","floor":22.0},{"not_picked":["Dash","Underhanded Strike"],"picked":"Backflip+1","floor":23.0},{"not_picked":["Flying Knee+1","Dagger Throw+1","All Out Attack"],"picked":"SKIP","floor":25.0},{"not_picked":["Well Laid Plans+1","Prepared+1"],"picked":"Infinite Blades+1","floor":27.0},{"not_picked":["PiercingWail+1","Grand Finale"],"picked":"Well Laid Plans+1","floor":30.0},{"not_picked":["Slice","Backstab"],"picked":"Backflip+1","floor":32.0},{"not_picked":["A Thousand Cuts+1","Night Terror+1"],"picked":"Malaise+1","floor":33.0},{"not_picked":["Dagger Spray+1","Prepared+1"],"picked":"Footwork+1","floor":35.0},{"not_picked":["Outmaneuver+1","Dagger Spray+1"],"picked":"Prepared+1","floor":37.0},{"not_picked":["Blade Dance+1","Outmaneuver+1"],"picked":"Cloak And Dagger+1","floor":39.0},{"not_picked":["Slice","Sucker Punch","Masterful Stab+1"],"picked":"SKIP","floor":40.0},{"not_picked":["Cloak And Dagger+1","Deadly Poison+1","Choke+1"],"picked":"SKIP","floor":44.0},{"not_picked":["Backflip+1","Venomology+1","Dagger Throw+1"],"picked":"Singing Bowl","floor":47.0},{"not_picked":["Finisher+1","Dagger Spray+1","Distraction+1"],"picked":"Singing Bowl","floor":48.0},{"not_picked":["Flechettes+1","Underhanded Strike+1","Eviscerate+1"],"picked":"Singing Bowl","floor":49.0},{"not_picked":["Doppelganger+1","Dagger Throw"],"picked":"Cloak And Dagger+1","floor":54.0}],"player_experience":251499,"relics_obtained":[{"floor":6.0,"key":"Potion Belt"},{"floor":8.0,"key":"Orichalcum"},{"floor":9.0,"key":"Gremlin Horn"},{"floor":10.0,"key":"PreservedInsect"},{"floor":14.0,"key":"Pear"},{"floor":19.0,"key":"Ice Cream"},{"floor":19.0,"key":"Toxic Egg 2"},{"floor":23.0,"key":"Frozen Egg 2"},{"floor":25.0,"key":"Matryoshka"},{"floor":26.0,"key":"Dream Catcher"},{"floor":26.0,"key":"Vajra"},{"floor":27.0,"key":"Ornamental Fan"},{"floor":28.0,"key":"Enchiridion"},{"floor":37.0,"key":"Girya"},{"floor":40.0,"key":"Letter Opener"},{"floor":43.0,"key":"Pantograph"},{"floor":47.0,"key":"Singing Bowl"},{"floor":54.0,"key":"Tingsha"}],"event_choices":[{"damage_healed":0.0,"max_hp_gain":0.0,"max_hp_loss":0.0,"gold_gain":75.0,"event_name":"World of Goop","player_choice":"Gather Gold","floor":2.0,"gold_loss":0.0,"damage_taken":11.0},{"cards_removed":["Strike_G"],"damage_healed":0.0,"max_hp_gain":0.0,"max_hp_loss":0.0,"gold_gain":0.0,"event_name":"The Cleric","player_choice":"Card Removal","floor":4.0,"gold_loss":50.0,"damage_taken":0.0},{"damage_healed":0.0,"max_hp_gain":0.0,"max_hp_loss":0.0,"gold_gain":0.0,"event_name":"Big Fish","player_choice":"Box","floor":5.0,"gold_loss":0.0,"damage_taken":0.0,"relics_obtained":["Meat on the Bone"],"cards_obtained":["Regret"]},{"damage_healed":0.0,"max_hp_gain":0.0,"max_hp_loss":0.0,"gold_gain":0.0,"event_name":"Shining Light","player_choice":"Entered Light","floor":11.0,"gold_loss":0.0,"damage_taken":14.0,"cards_upgraded":["Strike_G","Strike_G"]},{"damage_healed":0.0,"max_hp_gain":0.0,"max_hp_loss":0.0,"gold_gain":0.0,"event_name":"Colosseum","player_choice":"Fight","floor":19.0,"gold_loss":0.0,"damage_taken":0.0},{"damage_healed":0.0,"max_hp_gain":0.0,"max_hp_loss":0.0,"gold_gain":0.0,"event_name":"Colosseum","player_choice":"Fought Nobs","floor":19.0,"gold_loss":0.0,"damage_taken":0.0},{"damage_healed":0.0,"max_hp_gain":0.0,"max_hp_loss":0.0,"gold_gain":0.0,"event_name":"Addict","player_choice":"Obtained Relic","floor":21.0,"gold_loss":85.0,"damage_taken":0.0,"relics_obtained":["Anchor"]},{"damage_healed":0.0,"max_hp_gain":0.0,"max_hp_loss":0.0,"gold_gain":0.0,"event_name":"Cursed Tome","player_choice":"Obtained Book","floor":28.0,"gold_loss":0.0,"damage_taken":16.0},{"cards_removed":["Regret"],"damage_healed":0.0,"max_hp_gain":0.0,"max_hp_loss":0.0,"gold_gain":0.0,"event_name":"Beggar","player_choice":"Gave Gold","floor":29.0,"gold_loss":75.0,"damage_taken":0.0},{"damage_healed":0.0,"max_hp_gain":0.0,"max_hp_loss":0.0,"gold_gain":0.0,"event_name":"Winding Halls","player_choice":"Embrace Madness","floor":36.0,"gold_loss":0.0,"damage_taken":10.0,"cards_obtained":["Madness","Madness"]},{"damage_healed":0.0,"max_hp_gain":0.0,"max_hp_loss":0.0,"gold_gain":0.0,"event_name":"Mysterious Sphere","player_choice":"Fight","floor":37.0,"gold_loss":0.0,"damage_taken":0.0},{"cards_removed":["Defend_G"],"damage_healed":0.0,"max_hp_gain":0.0,"max_hp_loss":0.0,"gold_gain":0.0,"event_name":"Falling","player_choice":"Removed Skill","floor":42.0,"gold_loss":0.0,"damage_taken":0.0},{"cards_removed":["Pain"],"damage_healed":0.0,"max_hp_gain":0.0,"max_hp_loss":0.0,"gold_gain":0.0,"event_name":"Bonfire Elementals","player_choice":"Offered Curse","floor":45.0,"gold_loss":0.0,"damage_taken":0.0,"relics_obtained":["Spirit Poop"]}],"is_beta":false,"boss_relics":[{"not_picked":["Runic Pyramid","HoveringKite"],"picked":"Sozu"},{"not_picked":["Calling Bell","White Beast Statue"],"picked":"Cursed Key"}],"items_purged_floors":[53],"is_endless":false,"potions_floor_spawned":[1,8,14,18,22,23,27,33,39,40,44,54],"ascension_level":3}