{"gold_per_floor":[113,125,125,145,145,479,479,493,493,493,528,528],"floor_reached":12,"playtime":232,"items_purged":[],"score":220,"play_id":"6936362f-6219-46bf-abab-42dad4c976d7","local_time":"20190922184029","is_ascension_mode":true,"campfire_choices":[{"data":"Wallop","floor":7,"key":"SMITH"}],"neow_cost":"NONE","seed_source_timestamp":149853582581700,"circlet_count":0,"master_deck":["AscendersBane","Strike_P","Strike_P","Strike_P","Strike_P","Defend_P","Defend_P","Defend_P","Eruption+1","Vigilance","Wallop+1","Brilliance","Wallop"],"relics":["PureWater","NeowsBlessing","Anchor","Old Coin","Mummified Hand","Bronze Scales"],"potions_floor_usage":[11,11],"damage_taken":[{"damage":0,"enemies":"Small Slimes","floor":1,"turns":1},{"damage":0,"enemies":"Cultist","floor":2,"turns":1},{"damage":0,"enemies":"2 Louse","floor":4,"turns":1},{"damage":0,"enemies":"Gremlin Nob","floor":6,"turns":3},{"damage":11,"enemies":"Large Slime","floor":8,"turns":4},{"damage":11,"enemies":"Lagavulin","floor":11,"turns":6},{"damage":17,"enemies":"Gremlin Gang","floor":12,"turns":3}],"seed_played":"-7126897592636283664","potions_obtained":[{"floor":1,"key":"StancePotion"},{"floor":4,"key":"LiquidBronze"},{"floor":8,"key":"GamblersBrew"}],"is_trial":false,"path_per_floor":["M","M","?","M","?","E","R","M","T","?","E","M"],"character_chosen":"WATCHER","items_purchased":[],"campfire_rested":0,"item_purchase_floors":[],"current_hp_per_floor":[55,55,55,55,29,29,29,18,18,18,16,0],"gold":528,"neow_bonus":"THREE_ENEMY_KILL","is_prod":false,"is_daily":false,"chose_seed":false,"campfire_upgraded":1,"win_rate":0,"timestamp":1569152429,"path_taken":["M","M","?","?","?","E","R","M","T","?","E","M"],"build_version":"2019-09-20","purchased_purges":0,"victory":false,"max_hp_per_floor":[61,61,61,61,61,61,61,61,61,61,61,61],"card_choices":[{"not_picked":["ThirdEye","CutThroughFate"],"picked":"Wallop","floor":1},{"not_picked":["Scrawl","Swivel","FlyingSleeves"],"picked":"SKIP","floor":2},{"not_picked":["CutThroughFate","JustLucky","PathToVictory"],"picked":"SKIP","floor":4},{"not_picked":["Tantrum","FlowState"],"picked":"Brilliance","floor":6},{"not_picked":["EmptyBody","Halt","EmptyFist"],"picked":"SKIP","floor":8},{"not_picked":["PathToVictory","Weave"],"picked":"Wallop","floor":11}],"player_experience":1134629,"relics_obtained":[{"floor":6,"key":"Old Coin"},{"floor":9,"key":"Mummified Hand"},{"floor":11,"key":"Bronze Scales"}],"event_choices":[{"damage_healed":0,"gold_gain":0,"player_choice":"Upgraded","damage_taken":0,"max_hp_gain":0,"max_hp_loss":0,"event_name":"Upgrade Shrine","floor":3,"gold_loss":0,"cards_upgraded":["Eruption"]},{"damage_healed":0,"gold_gain":0,"player_choice":"Success","damage_taken":26,"relics_obtained":["Anchor"],"max_hp_gain":0,"max_hp_loss":0,"event_name":"Scrap Ooze","floor":5,"gold_loss":0},{"cards_removed":["Defend_P"],"damage_healed":0,"gold_gain":0,"player_choice":"Purged","damage_taken":0,"max_hp_gain":0,"max_hp_loss":0,"event_name":"Purifier","floor":10,"gold_loss":0}],"is_beta":true,"boss_relics":[],"items_purged_floors":[],"is_endless":false,"potions_floor_spawned":[1,4,8],"killed_by":"Gremlin Gang","ascension_level":19}