{"gold_per_floor":[361,373,448,102,46,77,77,95,147,180,180,193,208,239,239,311,311,324,341,351,378,5,5,5,21,21,50,50],"floor_reached":28,"playtime":2933,"items_purged":["Strike_G","Strike_G"],"score":426,"play_id":"aafc329f-d8ea-423f-b6bd-7ab722a9e279","local_time":"20181223005629","is_ascension_mode":true,"campfire_choices":[{"floor":7,"key":"REST"},{"floor":11,"key":"REST"},{"data":"Noxious Fumes","floor":15,"key":"SMITH"},{"floor":23,"key":"REST"}],"neow_cost":"TEN_PERCENT_HP_LOSS","seed_source_timestamp":266164782113094,"circlet_count":0,"master_deck":["AscendersBane","Defend_G","Defend_G","Defend_G","Defend_G","Defend_G","Strike_G","Strike_G","Strike_G","Survivor","Neutralize","Poisoned Stab","Noxious Fumes+1","Footwork","Backflip","Backflip","Deadly Poison","Well Laid Plans","Poisoned Stab","Envenom","Backstab","Noxious Fumes","Metamorphosis","Catalyst","Decay","All Out Attack"],"relics":["Ring of the Snake","Snake Skull","Regal Pillow","Vajra","Boot","Bag of Marbles","Ancient Tea Set","Cursed Key","Red Mask","Meat on the Bone","Juzu Bracelet"],"potions_floor_usage":[14,14,16,21,27,28],"damage_taken":[{"damage":1,"enemies":"Small Slimes","floor":1,"turns":5},{"damage":0,"enemies":"Jaw Worm","floor":2,"turns":5},{"damage":37,"enemies":"Gremlin Nob","floor":6,"turns":5},{"damage":4,"enemies":"Cultist","floor":8,"turns":3},{"damage":9,"enemies":"3 Sentries","floor":10,"turns":7},{"damage":10,"enemies":"Gremlin Gang","floor":12,"turns":6},{"damage":4,"enemies":"Large Slime","floor":13,"turns":6},{"damage":3,"enemies":"Lagavulin","floor":14,"turns":5},{"damage":6,"enemies":"Slime Boss","floor":16,"turns":9},{"damage":29,"enemies":"2 Thieves","floor":18,"turns":4},{"damage":3,"enemies":"Shell Parasite","floor":19,"turns":5},{"damage":5,"enemies":"Sentry and Sphere","floor":20,"turns":4},{"damage":0,"enemies":"Masked Bandits","floor":21,"turns":3},{"damage":4,"enemies":"Snecko","floor":25,"turns":4},{"damage":19,"enemies":"Gremlin Leader","floor":27,"turns":5},{"damage":16,"enemies":"Colosseum Slavers","floor":28,"turns":4},{"damage":42,"enemies":"Colosseum Nobs","floor":28,"turns":3}],"seed_played":"4366803493823110126","potions_obtained":[{"floor":2,"key":"Regen Potion"},{"floor":12,"key":"Energy Potion"},{"floor":14,"key":"Swift Potion"},{"floor":18,"key":"SkillPotion"},{"floor":21,"key":"Poison Potion"},{"floor":27,"key":"Regen Potion"}],"is_trial":false,"path_per_floor":["M","M","?","$","?","E","R","M","T","E","R","M","M","E","R","B",null,"M","M","M","?","$","R","?","M","T","E","?"],"character_chosen":"THE_SILENT","items_purchased":["Snake Skull","Footwork","Backflip","Noxious Fumes","Metamorphosis"],"campfire_rested":3,"item_purchase_floors":[4,4,4,22,22],"current_hp_per_floor":[62,62,51,51,51,14,47,43,43,34,63,53,49,60,60,54,61,32,29,24,24,24,57,57,53,53,34,0],"gold":50,"neow_bonus":"TWO_FIFTY_GOLD","is_prod":false,"is_daily":false,"chose_seed":false,"campfire_upgraded":1,"win_rate":0,"timestamp":1545548189,"path_taken":["M","M","?","$","?","E","R","?","T","E","R","M","?","E","R","BOSS","M","M","M","?","$","R","?","M","T","E","?"],"build_version":"2018-12-20","purchased_purges":2,"victory":false,"max_hp_per_floor":[63,63,63,63,63,63,63,63,63,63,63,63,63,63,63,63,63,63,63,63,63,63,63,63,63,63,63,63],"card_choices":[{"not_picked":["Dagger Throw","PiercingWail"],"picked":"Poisoned Stab","floor":1},{"not_picked":["Heel Hook","Sucker Punch"],"picked":"Noxious Fumes","floor":2},{"not_picked":["Grand Finale","Poisoned Stab"],"picked":"Backflip","floor":6},{"not_picked":["Blade Dance","Concentrate"],"picked":"Deadly Poison","floor":8},{"not_picked":["Dodge and Roll","Riddle With Holes","Accuracy"],"picked":"SKIP","floor":10},{"not_picked":["PiercingWail","Heel Hook"],"picked":"Well Laid Plans","floor":12},{"not_picked":["Blade Dance","Acrobatics","Deflect"],"picked":"SKIP","floor":13},{"not_picked":["PiercingWail","Blade Dance"],"picked":"Poisoned Stab","floor":14},{"not_picked":["Adrenaline","Venomology"],"picked":"Envenom","floor":16},{"not_picked":["Predator","Acrobatics","Endless Agony"],"picked":"SKIP","floor":18},{"not_picked":["Dagger Throw","Underhanded Strike"],"picked":"Backstab","floor":19},{"not_picked":["Poisoned Stab","Calculated Gamble","Quick Slash"],"picked":"SKIP","floor":20},{"not_picked":["Predator","Choke","Finisher"],"picked":"SKIP","floor":25},{"not_picked":["Poisoned Stab+1","Predator"],"picked":"All Out Attack","floor":27}],"player_experience":929059,"relics_obtained":[{"floor":6,"key":"Vajra"},{"floor":9,"key":"Boot"},{"floor":10,"key":"Bag of Marbles"},{"floor":14,"key":"Ancient Tea Set"},{"floor":21,"key":"Red Mask"},{"floor":26,"key":"Meat on the Bone"},{"floor":27,"key":"Juzu Bracelet"}],"event_choices":[{"damage_healed":0,"gold_gain":75,"player_choice":"Gather Gold","damage_taken":11,"max_hp_gain":0,"max_hp_loss":0,"event_name":"World of Goop","floor":3,"gold_loss":0},{"damage_healed":0,"gold_gain":0,"player_choice":"Paid Gold","damage_taken":0,"relics_obtained":["Regal Pillow"],"max_hp_gain":0,"max_hp_loss":0,"event_name":"WeMeetAgain","floor":5,"gold_loss":56},{"damage_healed":0,"gold_gain":0,"player_choice":"Fought Bandits","damage_taken":0,"max_hp_gain":0,"max_hp_loss":0,"event_name":"Masked Bandits","floor":21,"gold_loss":0},{"damage_healed":0,"gold_gain":0,"player_choice":"Read","damage_taken":0,"max_hp_gain":0,"max_hp_loss":0,"event_name":"The Library","floor":24,"gold_loss":0,"cards_obtained":["Catalyst"]},{"damage_healed":0,"gold_gain":0,"player_choice":"Fight","damage_taken":0,"max_hp_gain":0,"max_hp_loss":0,"event_name":"Colosseum","floor":28,"gold_loss":0},{"damage_healed":0,"gold_gain":0,"player_choice":"Fought Nobs","damage_taken":0,"max_hp_gain":0,"max_hp_loss":0,"event_name":"Colosseum","floor":28,"gold_loss":0}],"is_beta":false,"boss_relics":[{"not_picked":["Lizard Tail","Astrolabe"],"picked":"Cursed Key"}],"items_purged_floors":[4,22],"is_endless":false,"potions_floor_spawned":[2,12,14,18,21,27,28],"killed_by":"Colosseum Nobs","ascension_level":13}