{"gold_per_floor":[112,112,123,123,47,75,75,106,106,106,106,174,174,186,186,281,281,294,219,14,104,28,62,78,78,131,163,183,183,203,107,107,210,210,226,145,145,145,145,145,176,194,217,217,246,246,265,275,275,275,275,275,5,37,37],"floor_reached":55,"playtime":6437,"items_purged":[],"score":742,"play_id":"bc694560-c819-4dec-a592-cd1488ba698a","local_time":"20190706004130","is_ascension_mode":false,"campfire_choices":[{"floor":7,"key":"REST"},{"data":"Defragment","floor":10,"key":"SMITH"},{"floor":13,"key":"RECALL"},{"floor":15,"key":"REST"},{"floor":25,"key":"REST"},{"data":"Genetic Algorithm","floor":29,"key":"SMITH"},{"floor":32,"key":"REST"},{"data":"Defragment","floor":40,"key":"SMITH"},{"data":"Fission","floor":44,"key":"SMITH"},{"data":"Self Repair","floor":46,"key":"SMITH"},{"data":"Static Discharge","floor":49,"key":"SMITH"},{"data":"Mind Blast","floor":52,"key":"SMITH"}],"neow_cost":"NONE","seed_source_timestamp":1378024067357560,"circlet_count":0,"master_deck":["Strike_B","Strike_B","Strike_B","Defend_B","Defend_B","Zap","Dualcast","Beam Cell+1","Go for the Eyes+1","Barrage","Defragment+1","Static Discharge+1","Conserve Battery","Echo Form","Glacier","Thunder Strike","Coolheaded+1","Redo","Bandage Up","Storm","Compile Driver","Bandage Up","Mind Blast+1","Genetic Algorithm+1","Self Repair+1","Defragment+1","Rebound","Reprogram+1","Steam","Steam+1","Amplify","Stack","Rainbow","Redo+1","Hologram+1","Capacitor","Good Instincts","Transmutation","Finesse","Leap+1","Fission+1","Double Energy","Darkness","Capacitor","Ball Lightning","Beam Cell+1","Fusion+1","Lockon","Streamline+1"],"relics":["Cracked Core","Whetstone","Prayer Wheel","Bottled Tornado","Lantern","Nuclear Battery","Vajra","Dream Catcher","Torii","Thread and Needle","Eternal Feather","Kunai","Centennial Puzzle","Potion Belt","Oddly Smooth Stone","Runic Capacitor","Pantograph"],"potions_floor_usage":[16,23,23,33,33,50,50,50,50,55],"damage_taken":[{"damage":1,"enemies":"Jaw Worm","floor":1,"turns":3},{"damage":0,"enemies":"2 Louse","floor":3,"turns":2},{"damage":44,"enemies":"Gremlin Nob","floor":6,"turns":5},{"damage":26,"enemies":"Lagavulin","floor":8,"turns":5},{"damage":5,"enemies":"Small Slimes","floor":14,"turns":2},{"damage":6,"enemies":"The Guardian","floor":16,"turns":11},{"damage":15,"enemies":"3 Byrds","floor":18,"turns":6},{"damage":22,"enemies":"Gremlin Leader","floor":23,"turns":5},{"damage":10,"enemies":"Chosen","floor":24,"turns":3},{"damage":44,"enemies":"Slavers","floor":27,"turns":4},{"damage":11,"enemies":"Sentry and Sphere","floor":28,"turns":5},{"damage":21,"enemies":"Snake Plant","floor":30,"turns":2},{"damage":16,"enemies":"Champ","floor":33,"turns":10},{"damage":18,"enemies":"3 Darklings","floor":35,"turns":7},{"damage":23,"enemies":"Nemesis","floor":41,"turns":5},{"damage":0,"enemies":"3 Shapes","floor":42,"turns":5},{"damage":55,"enemies":"Reptomancer","floor":45,"turns":5},{"damage":15,"enemies":"Maw","floor":47,"turns":10},{"damage":0,"enemies":"4 Shapes","floor":48,"turns":5},{"damage":37,"enemies":"Awakened One","floor":50,"turns":14},{"damage":84,"enemies":"Shield and Spear","floor":54,"turns":8},{"damage":75,"enemies":"The Heart","floor":55,"turns":6}],"seed_played":"-1869114810290638136","potions_obtained":[{"floor":14,"key":"PowerPotion"},{"floor":16,"key":"Poison Potion"},{"floor":18,"key":"PowerPotion"},{"floor":24,"key":"Ancient Potion"},{"floor":30,"key":"PowerPotion"},{"floor":33,"key":"FocusPotion"},{"floor":35,"key":"Dexterity Potion"},{"floor":45,"key":"EssenceOfSteel"},{"floor":48,"key":"LiquidBronze"},{"floor":54,"key":"Ancient Potion"}],"is_trial":false,"path_per_floor":["M","?","M","?","$","E","R","E","T","R","?","T","R","M","R","B",null,"M","?","$","?","$","E","M","R","T","E","M","R","M","?","R","B",null,"M","$","?","?","T","R","E","M","T","R","E","R","M","M","R","B",null,"R","$","E","B"],"character_chosen":"DEFECT","items_purchased":["Defragment","Bandage Up","Storm","Compile Driver","Genetic Algorithm","Capacitor","Lockon","Runic Capacitor"],"campfire_rested":4,"item_purchase_floors":[5,20,20,20,22,36,53,53],"current_hp_per_floor":[74,67,67,72,72,28,52,26,26,26,19,19,19,14,38,32,80,65,65,65,33,33,23,24,48,48,19,34,34,17,17,41,51,80,77,77,77,67,67,80,64,75,75,80,39,63,66,80,80,65,80,80,80,18,0],"gold":37,"neow_bonus":"TRANSFORM_CARD","is_prod":false,"is_daily":false,"chose_seed":false,"campfire_upgraded":7,"win_rate":0,"timestamp":1562391690,"path_taken":["M","?","M","?","?","E","R","E","T","R","?","?","R","?","R","BOSS","M","?","$","?","$","E","M","R","T","E","M","R","?","?","R","BOSS","M","?","?","?","?","R","E","M","T","R","E","R","M","M","R","BOSS","R","$","E","BOSS"],"build_version":"2019-07-05","purchased_purges":0,"victory":false,"max_hp_per_floor":[75,75,75,80,80,80,80,80,80,80,80,80,80,80,80,80,80,80,80,80,80,80,80,80,80,80,80,80,80,80,80,80,80,80,80,80,80,80,80,80,80,80,80,80,80,80,80,80,80,80,80,80,80,80,80],"card_choices":[{"not_picked":["Steam","Rebound"],"picked":"Go for the Eyes","floor":1},{"not_picked":["Recycle","Conserve Battery"],"picked":"Barrage","floor":3},{"not_picked":["Heatsinks","Sweeping Beam"],"picked":"Static Discharge","floor":6},{"not_picked":["Capacitor","Go for the Eyes"],"picked":"Conserve Battery","floor":8},{"not_picked":["Cold Snap","Undo"],"picked":"Echo Form","floor":14},{"not_picked":["Turbo","Hello World"],"picked":"Glacier","floor":14},{"not_picked":["Core Surge","Buffer"],"picked":"Thunder Strike","floor":16},{"not_picked":["Reinforced Body","Sweeping Beam"],"picked":"Coolheaded+1","floor":18},{"not_picked":["BootSequence+1","Rebound"],"picked":"Redo","floor":18},{"not_picked":["Gash","Scrape"],"picked":"Self Repair","floor":23},{"not_picked":["Meteor Strike","Reinforced Body"],"picked":"Defragment","floor":24},{"not_picked":["Hologram","Cold Snap+1"],"picked":"Rebound","floor":24},{"not_picked":["Rebound","Barrage+1"],"picked":"Cold Snap+1","floor":27},{"not_picked":["Steam","Darkness"],"picked":"Reprogram+1","floor":28},{"not_picked":["Rip and Tear","Compile Driver+1"],"picked":"Steam","floor":28},{"not_picked":["Blizzard","Streamline"],"picked":"Steam+1","floor":30},{"not_picked":["Coolheaded","Sweeping Beam+1"],"picked":"Amplify","floor":30},{"not_picked":["Double Energy","Buffer"],"picked":"Stack","floor":32},{"not_picked":["Fission","Reboot"],"picked":"Rainbow","floor":33},{"not_picked":["Chill","Storm+1"],"picked":"Redo+1","floor":35},{"not_picked":["Cold Snap","Turbo"],"picked":"Hologram+1","floor":35},{"not_picked":["Purity","Trip"],"picked":"Good Instincts","floor":38},{"not_picked":["Deep Breath","Panacea"],"picked":"Transmutation","floor":38},{"not_picked":["Violence","Impatience"],"picked":"Finesse","floor":38},{"not_picked":["Streamline+1","BootSequence"],"picked":"Leap+1","floor":41},{"not_picked":["Storm","Coolheaded+1"],"picked":"Fission","floor":42},{"not_picked":["Conserve Battery","Hologram"],"picked":"Double Energy","floor":42},{"not_picked":["Barrage+1","Stack"],"picked":"Darkness","floor":45},{"not_picked":["Stack","Go for the Eyes+1"],"picked":"Capacitor","floor":47},{"not_picked":["Beam Cell","Leap"],"picked":"Ball Lightning","floor":47},{"not_picked":["Redo+1","Steam"],"picked":"Beam Cell+1","floor":48},{"not_picked":["Ball Lightning","Go for the Eyes+1"],"picked":"Fusion+1","floor":48},{"not_picked":["Coolheaded+1","Biased Cognition"],"picked":"Streamline+1","floor":54}],"player_experience":104387,"relics_obtained":[{"floor":6,"key":"Whetstone"},{"floor":8,"key":"Prayer Wheel"},{"floor":9,"key":"Bottled Tornado"},{"floor":23,"key":"Vajra"},{"floor":26,"key":"Dream Catcher"},{"floor":27,"key":"Torii"},{"floor":39,"key":"Kunai"},{"floor":41,"key":"Centennial Puzzle"},{"floor":43,"key":"Potion Belt"},{"floor":45,"key":"Oddly Smooth Stone"},{"floor":54,"key":"Pantograph"}],"event_choices":[{"cards_removed":["Defend_B"],"damage_healed":0,"gold_gain":0,"player_choice":"Card Removal","damage_taken":7,"max_hp_gain":0,"max_hp_loss":0,"event_name":"Golden Wing","floor":2,"gold_loss":0},{"damage_healed":0,"gold_gain":0,"player_choice":"Donut","damage_taken":0,"max_hp_gain":5,"max_hp_loss":0,"event_name":"Big Fish","floor":4,"gold_loss":0},{"damage_healed":0,"gold_gain":0,"player_choice":"Success","damage_taken":7,"relics_obtained":["Lantern"],"max_hp_gain":0,"max_hp_loss":0,"event_name":"Scrap Ooze","floor":11,"gold_loss":0},{"cards_removed":["Defend_B"],"damage_healed":0,"gold_gain":0,"player_choice":"Gave Gold","damage_taken":0,"max_hp_gain":0,"max_hp_loss":0,"event_name":"Beggar","floor":19,"gold_loss":75},{"damage_healed":0,"gold_gain":90,"player_choice":"CARD GOLD CARD ","damage_taken":32,"max_hp_gain":0,"max_hp_loss":0,"event_name":"Knowing Skull","floor":21,"potions_obtained":[],"gold_loss":0,"cards_obtained":["Bandage Up","Mind Blast"]},{"damage_healed":0,"gold_gain":0,"player_choice":"Paid Gold","damage_taken":0,"relics_obtained":["Thread and Needle"],"max_hp_gain":0,"max_hp_loss":0,"event_name":"WeMeetAgain","floor":31,"gold_loss":96},{"cards_removed":["Cold Snap"],"damage_healed":0,"gold_gain":0,"player_choice":"Removed Attack","damage_taken":0,"max_hp_gain":0,"max_hp_loss":0,"event_name":"Falling","floor":37,"gold_loss":0},{"damage_healed":0,"gold_gain":0,"player_choice":"Memory 3","damage_taken":10,"max_hp_gain":0,"max_hp_loss":0,"event_name":"SensoryStone","floor":38,"gold_loss":0}],"is_beta":false,"boss_relics":[{"not_picked":["Snecko Eye","Runic Dome"],"picked":"Nuclear Battery"},{"not_picked":["White Beast Statue","Orrery"],"picked":"Eternal Feather"}],"items_purged_floors":[],"is_endless":false,"potions_floor_spawned":[14,16,18,24,30,33,35,45,48,54],"killed_by":"The Heart","ascension_level":0}