{"gold_per_floor":[119,89,16,28,44,44,108,132,205,240,240,4,4,24,24,129,129,148,148,165,90,104,104,137,137,137,137,153,153,14,14,14,116,116,134,150,150,250,18,18,49,68,68,86,86,86,97,1,1,1,1,1,1,1],"floor_reached":54,"playtime":4500,"items_purged":["Writhe"],"score":891,"play_id":"6cc92f88-7427-4a97-adc1-06afe2f146db","local_time":"20190929014030","is_ascension_mode":true,"campfire_choices":[{"data":"Dualcast","floor":6,"key":"SMITH"},{"data":"Zap","floor":11,"key":"SMITH"},{"data":"Gash","floor":15,"key":"SMITH"},{"data":"Creative AI","floor":23,"key":"SMITH"},{"data":"Glacier","floor":25,"key":"SMITH"},{"floor":27,"key":"REST"},{"data":"Static Discharge","floor":29,"key":"SMITH"},{"floor":32,"key":"REST"},{"floor":40,"key":"RECALL"},{"data":"White Noise","floor":49,"key":"SMITH"},{"data":"Enlightenment","floor":52,"key":"SMITH"}],"neow_cost":"PERCENT_DAMAGE","seed_source_timestamp":29203146495900,"circlet_count":0,"master_deck":["Strike_B","Strike_B","Strike_B","Defend_B","Defend_B","Defend_B","Zap+1","Dualcast+1","Gash+1","FTL","Glacier+1","Beam Cell+1","Beam Cell+1","Static Discharge+1","Sweeping Beam+1","Creative AI+1","Hologram","Go for the Eyes+1","Capacitor+1","Heatsinks","Rebound+1","Panacea+1","Seek","Stack+1","Scrape+1","Enlightenment+1","White Noise+1","Hello World+1","Leap","Glacier","Trip"],"relics":["Cracked Core","Pocketwatch","Meat on the Bone","Bronze Scales","Molten Egg 2","Mango","PreservedInsect","WingedGreaves","Philosopher\u0027s Stone","Boot","Bottled Lightning","Bag of Preparation","FossilizedHelix","Inserter","Ice Cream","Juzu Bracelet"],"potions_floor_usage":[2,7,7,22,33,33,41,44],"damage_taken":[{"damage":0,"enemies":"Jaw Worm","floor":1,"turns":3},{"damage":0,"enemies":"Cultist","floor":4,"turns":2},{"damage":0,"enemies":"2 Louse","floor":5,"turns":2},{"damage":0,"enemies":"3 Sentries","floor":7,"turns":8},{"damage":6,"enemies":"3 Sentries","floor":10,"turns":7},{"damage":2,"enemies":"Exordium Wildlife","floor":14,"turns":3},{"damage":32,"enemies":"Hexaghost","floor":16,"turns":8},{"damage":31,"enemies":"2 Thieves","floor":18,"turns":4},{"damage":3,"enemies":"Spheric Guardian","floor":20,"turns":4},{"damage":14,"enemies":"Snecko","floor":22,"turns":6},{"damage":47,"enemies":"Slavers","floor":24,"turns":4},{"damage":7,"enemies":"Snake Plant","floor":28,"turns":4},{"damage":0,"enemies":"Champ","floor":33,"turns":12},{"damage":51,"enemies":"3 Darklings","floor":35,"turns":4},{"damage":0,"enemies":"Orb Walker","floor":36,"turns":4},{"damage":4,"enemies":"Mind Bloom Boss Battle","floor":38,"turns":8},{"damage":0,"enemies":"Nemesis","floor":41,"turns":7},{"damage":0,"enemies":"Spire Growth","floor":42,"turns":7},{"damage":23,"enemies":"Maw","floor":44,"turns":8},{"damage":2,"enemies":"Sphere and 2 Shapes","floor":47,"turns":5},{"damage":40,"enemies":"Time Eater","floor":50,"turns":9},{"damage":103,"enemies":"Shield and Spear","floor":54,"turns":5}],"seed_played":"-8133436765832535446","potions_obtained":[{"floor":2,"key":"Explosive Potion"},{"floor":2,"key":"Fruit Juice"},{"floor":4,"key":"Weak Potion"},{"floor":5,"key":"DuplicationPotion"},{"floor":10,"key":"SteroidPotion"},{"floor":18,"key":"SteroidPotion"},{"floor":22,"key":"GamblersBrew"},{"floor":28,"key":"Regen Potion"},{"floor":35,"key":"LiquidBronze"},{"floor":42,"key":"SkillPotion"},{"floor":47,"key":"LiquidBronze"}],"is_trial":false,"path_per_floor":["M","?","$","M","M","R","?","T","T","E","R","$","T","M","R","B",null,"M","?","M","?","M","R","E","R","T","R","M","R","$","T","R","B",null,"M","M","?","?","$","R","E","M","T","M","?","?","M","$","R","B",null,"R","$","E"],"character_chosen":"DEFECT","items_purchased":["FTL","PreservedInsect","Beam Cell+1","Static Discharge","Rebound+1","Panacea","Enlightenment","Regen Potion","Trip"],"campfire_rested":2,"item_purchase_floors":[3,12,12,12,30,30,39,39,48],"current_hp_per_floor":[54,59,59,59,59,59,59,59,59,67,67,67,67,65,65,45,94,63,63,60,60,58,58,23,23,23,51,56,56,56,56,84,94,94,55,55,55,51,51,51,66,66,66,55,55,55,53,53,53,25,94,94,94,0],"gold":1,"neow_bonus":"ONE_RARE_RELIC","is_prod":false,"is_daily":false,"chose_seed":false,"campfire_upgraded":8,"win_rate":0,"timestamp":1569739230,"path_taken":["M","?","?","M","?","R","?","?","T","E","R","?","?","M","R","BOSS","M","?","M","?","M","R","E","R","T","R","M","R","$","?","R","BOSS","M","M","?","?","?","R","E","M","T","M","?","?","M","$","R","BOSS","R","$","E"],"build_version":"2019-09-27","purchased_purges":1,"victory":false,"max_hp_per_floor":[75,80,80,80,80,80,80,80,80,94,94,94,94,94,94,94,94,94,94,94,94,94,94,94,94,94,94,94,94,94,94,94,94,94,94,94,94,94,94,94,94,94,94,94,94,94,94,94,94,94,94,94,94,94],"card_choices":[{"not_picked":["Steam","Skim"],"picked":"Gash","floor":1},{"not_picked":["Steam","Redo"],"picked":"Glacier","floor":4},{"not_picked":["Blizzard","Loop","Lockon"],"picked":"SKIP","floor":5},{"not_picked":["Force Field","Undo"],"picked":"Beam Cell+1","floor":10},{"not_picked":["Chill","Ball Lightning+1"],"picked":"Sweeping Beam+1","floor":14},{"not_picked":["Reboot","Hyperbeam+1"],"picked":"Creative AI","floor":16},{"not_picked":["Beam Cell+1","Reprogram"],"picked":"Hologram","floor":18},{"not_picked":["Rip and Tear+1","Steam","Rebound+1"],"picked":"SKIP","floor":20},{"not_picked":["Steam","Loop"],"picked":"Go for the Eyes+1","floor":22},{"not_picked":["Cold Snap+1","Compile Driver+1"],"picked":"Capacitor+1","floor":24},{"not_picked":["Go for the Eyes+1","Conserve Battery"],"picked":"Heatsinks","floor":28},{"not_picked":["Rainbow","Buffer"],"picked":"Seek","floor":33},{"not_picked":["Go for the Eyes+1","Beam Cell+1"],"picked":"Stack+1","floor":35},{"not_picked":["Fusion","Skim"],"picked":"Scrape+1","floor":36},{"not_picked":["Reprogram+1","Chill+1"],"picked":"White Noise","floor":41},{"not_picked":["Barrage+1","Stack"],"picked":"Hello World+1","floor":42},{"not_picked":["Reprogram","Meteor Strike+1"],"picked":"Leap","floor":44},{"not_picked":["Scrape+1","Rebound+1"],"picked":"Glacier","floor":47}],"player_experience":252121,"relics_obtained":[{"floor":7,"key":"Meat on the Bone"},{"floor":8,"key":"Bronze Scales"},{"floor":9,"key":"Molten Egg 2"},{"floor":10,"key":"Mango"},{"floor":13,"key":"WingedGreaves"},{"floor":24,"key":"Bottled Lightning"},{"floor":26,"key":"Bag of Preparation"},{"floor":31,"key":"FossilizedHelix"},{"floor":38,"key":"Ice Cream"},{"floor":41,"key":"Juzu Bracelet"}],"event_choices":[{"damage_healed":0,"gold_gain":0,"player_choice":"Bought 2 Potions","damage_taken":0,"max_hp_gain":0,"max_hp_loss":0,"event_name":"The Woman in Blue","floor":2,"gold_loss":0},{"damage_healed":0,"gold_gain":30,"player_choice":"Searched \u00272\u0027 times","damage_taken":0,"max_hp_gain":0,"max_hp_loss":0,"event_name":"Dead Adventurer","floor":7,"gold_loss":0},{"damage_healed":0,"gold_gain":0,"player_choice":"Opened","damage_taken":0,"relics_obtained":["Boot"],"max_hp_gain":0,"max_hp_loss":0,"event_name":"The Mausoleum","floor":19,"gold_loss":0,"cards_obtained":["Writhe"]},{"cards_removed":["Strike_B"],"damage_healed":0,"gold_gain":0,"player_choice":"Gave Gold","damage_taken":0,"max_hp_gain":0,"max_hp_loss":0,"event_name":"Beggar","floor":21,"gold_loss":75},{"damage_healed":0,"gold_gain":0,"player_choice":"Ignored","damage_taken":0,"max_hp_gain":0,"max_hp_loss":0,"event_name":"Tomb of Lord Red Mask","floor":37,"gold_loss":0},{"damage_healed":0,"gold_gain":0,"player_choice":"Fight","damage_taken":0,"max_hp_gain":0,"max_hp_loss":0,"event_name":"MindBloom","floor":38,"gold_loss":0},{"damage_healed":0,"gold_gain":0,"player_choice":"Upgraded","damage_taken":0,"max_hp_gain":0,"max_hp_loss":0,"event_name":"Upgrade Shrine","floor":45,"gold_loss":0,"cards_upgraded":["Panacea"]},{"cards_removed":["Defend_B"],"damage_healed":0,"gold_gain":0,"player_choice":"Removed Skill","damage_taken":0,"max_hp_gain":0,"max_hp_loss":0,"event_name":"Falling","floor":46,"gold_loss":0}],"is_beta":true,"boss_relics":[{"not_picked":["Empty Cage","Astrolabe"],"picked":"Philosopher\u0027s Stone"},{"not_picked":["Calling Bell","Fusion Hammer"],"picked":"Inserter"}],"items_purged_floors":[39],"is_endless":false,"potions_floor_spawned":[4,5,10,18,22,28,35,42,47],"killed_by":"Shield and Spear","ascension_level":3}