{"path_per_floor":["M","?","?","M","?","R","E","R","T","R","?","M","M","E","R","B",null,"M","?","M","?","M","E","M","$","T","R","M","R","E","M","R","B",null,"M","M","?","?","?","E","R","E","T","?","E","R","M"],"character_chosen":"DEFECT","items_purchased":["Kunai","Dagger Spray"],"gold_per_floor":[114,114,64,79,79,79,109,109,109,109,184,199,214,244,244,344,344,359,383,398,398,413,443,458,106,106,106,121,121,151,166,166,266,266,281,296,296,296,296,326,326,356,381,381,411,411,426,426],"floor_reached":48,"campfire_rested":2,"playtime":2387,"item_purchase_floors":[25,25],"current_hp_per_floor":[70,70,70,70,63,63,49,49,49,49,38,38,32,14,70,12,70,62,62,62,62,50,34,28,28,28,28,26,65,65,59,59,59,65,48,48,48,48,48,48,48,62,62,54,65,65,65,0],"items_purged":["Strike_B"],"gold":426,"score":691,"play_id":"3c261aed-d3f4-4e64-9c70-45ecef8f2bc4","local_time":"20180602163027","daily_mods":["Diverse","Elite Swarm","Night Terrors"],"is_prod":false,"is_daily":true,"chose_seed":false,"is_ascension_mode":false,"campfire_upgraded":7,"win_rate":0,"timestamp":1527931827,"campfire_choices":[{"data":"Zap","floor":6,"key":"SMITH"},{"data":"Double Tap","floor":8,"key":"SMITH"},{"data":"Cleave","floor":10,"key":"SMITH"},{"floor":15,"key":"REST"},{"data":"Demon Form","floor":27,"key":"SMITH"},{"floor":29,"key":"REST"},{"data":"Seek","floor":32,"key":"SMITH"},{"data":"Adrenaline","floor":41,"key":"SMITH"},{"data":"Burst","floor":46,"key":"SMITH"}],"path_taken":["M","?","?","M","?","R","E","R","T","R","?","M","?","E","R","BOSS","M","?","M","?","?","E","?","$","T","R","M","R","E","M","R","BOSS","M","M","?","?","?","E","R","E","T","?","E","R","M","E"],"build_version":"2018-05-30v2","seed_source_timestamp":0,"purchased_purges":1,"victory":false,"master_deck":["Strike_B","Defend_B","Defend_B","Defend_B","Zap+1","Dualcast+1","Hologram","Cleave+1","Double Tap+1","Well Laid Plans","Seek+1","Demon Form+1","Leg Sweep","FTL","Armaments+1","Adrenaline+1","Dagger Spray","Leap","Burst+1","Blur","Reaper","Machine Learning","Madness","Madness","Impervious","Conserve Battery"],"max_hp_per_floor":[75,75,75,75,75,75,75,75,75,75,75,75,75,75,70,70,70,70,70,70,70,70,70,70,70,70,70,70,65,65,65,65,65,65,65,65,65,65,65,65,65,65,65,65,65,65,65,65],"relics":["Cracked Core","Bag of Marbles","Question Card","Calipers","Sozu","Red Mask","Regal Pillow","Kunai","Ancient Tea Set","Juzu Bracelet","Philosopher\u0027s Stone","Pantograph","Lantern","DataDisk","Turnip"],"card_choices":[{"not_picked":["Headbutt","Combust"],"picked":"Hologram","floor":1},{"not_picked":["Hologram","Heavy Blade"],"picked":"Cleave","floor":4},{"not_picked":["Tools of the Trade","A Thousand Cuts"],"picked":"Double Tap","floor":7},{"not_picked":["Noxious Fumes","Slice","Underhanded Strike"],"picked":"Well Laid Plans","floor":12},{"not_picked":["Underhanded Strike","Hemokinesis","True Grit"],"picked":"Thunderclap","floor":13},{"not_picked":["Immolate","Amplify","Barricade"],"picked":"Seek","floor":14},{"not_picked":["Reaper","Offering","Unload"],"picked":"Demon Form","floor":16},{"not_picked":["Tempest+1","Doom and Gloom","Power Through","Dodge and Roll"],"picked":"SKIP","floor":18},{"not_picked":["Dodge and Roll","Wild Strike+1","Warcry+1"],"picked":"Leg Sweep","floor":19},{"not_picked":["Deadly Poison","Caltrops","Deflect"],"picked":"FTL","floor":20},{"not_picked":["Pommel Strike","Anger","Steam"],"picked":"Armaments+1","floor":22},{"not_picked":["Storm of Steel","Demon Form","All For One"],"picked":"Adrenaline","floor":23},{"not_picked":["Flechettes","Iron Wave","Warcry","Armaments"],"picked":"SKIP","floor":24},{"not_picked":["Riddle With Holes","Noxious Fumes","Backstab"],"picked":"Leap","floor":28},{"not_picked":["Adrenaline","Barricade","Bludgeon"],"picked":"Burst","floor":30},{"not_picked":["Catalyst+1","Prepared","Steam"],"picked":"Blur","floor":31},{"not_picked":["Coolheaded","Fire Breathing+1","Deflect+1","Stack+1"],"picked":"SKIP","floor":35},{"not_picked":["Underhanded Strike","Havoc+1","Sunder","Cold Snap+1"],"picked":"SKIP","floor":36},{"not_picked":["Envenom","Doppelganger","Biased Cognition"],"picked":"Reaper","floor":40},{"not_picked":["Grand Finale","Fission","Unload"],"picked":"Machine Learning","floor":42},{"not_picked":["Biased Cognition","Night Terror","Buffer"],"picked":"Impervious","floor":45},{"not_picked":["Glacier","Poisoned Stab+1","Leap+1"],"picked":"Conserve Battery","floor":47}],"player_experience":30123,"potions_floor_usage":[7,14,14],"damage_taken":[{"damage":5,"enemies":"Small Slimes","floor":1,"turns":3},{"damage":0,"enemies":"2 Louse","floor":4,"turns":2},{"damage":14,"enemies":"Gremlin Nob","floor":7,"turns":3},{"damage":0,"enemies":"Cultist","floor":12,"turns":2},{"damage":6,"enemies":"3 Louse","floor":13,"turns":2},{"damage":18,"enemies":"Lagavulin","floor":14,"turns":4},{"damage":58,"enemies":"The Guardian","floor":16,"turns":10},{"damage":8,"enemies":"Chosen","floor":18,"turns":4},{"damage":0,"enemies":"Masked Bandits","floor":19,"turns":1},{"damage":0,"enemies":"2 Thieves","floor":20,"turns":1},{"damage":12,"enemies":"Snake Plant","floor":22,"turns":4},{"damage":16,"enemies":"Book of Stabbing","floor":23,"turns":4},{"damage":6,"enemies":"Snecko","floor":24,"turns":4},{"damage":2,"enemies":"Slaver and Parasite","floor":28,"turns":4},{"damage":0,"enemies":"Slavers","floor":30,"turns":1},{"damage":6,"enemies":"Snake Plant","floor":31,"turns":3},{"damage":0,"enemies":"Collector","floor":33,"turns":9},{"damage":17,"enemies":"3 Darklings","floor":35,"turns":2},{"damage":0,"enemies":"Orb Walker","floor":36,"turns":3},{"damage":0,"enemies":"Nemesis","floor":40,"turns":7},{"damage":0,"enemies":"Giant Head","floor":42,"turns":9},{"damage":18,"enemies":"Nemesis","floor":45,"turns":7},{"damage":0,"enemies":"Maw","floor":47,"turns":7},{"damage":91,"enemies":"2 Orb Walkers","floor":48,"turns":5}],"relics_obtained":[{"floor":7,"key":"Bag of Marbles"},{"floor":9,"key":"Question Card"},{"floor":14,"key":"Calipers"},{"floor":19,"key":"Red Mask"},{"floor":23,"key":"Regal Pillow"},{"floor":26,"key":"Ancient Tea Set"},{"floor":30,"key":"Juzu Bracelet"},{"floor":40,"key":"Pantograph"},{"floor":42,"key":"Lantern"},{"floor":43,"key":"DataDisk"},{"floor":45,"key":"Turnip"}],"event_choices":[{"event_name":"Living Wall","player_choice":"Grow","floor":2,"damage_taken":0},{"event_name":"The Cleric","player_choice":"Card Removal","floor":3,"damage_taken":0},{"event_name":"Golden Wing","player_choice":"Card Removal","floor":5,"damage_taken":0},{"event_name":"World of Goop","player_choice":"Gather Gold","floor":11,"damage_taken":0},{"event_name":"Masked Bandits","player_choice":"Fought over 359 gold","floor":19,"damage_taken":0},{"event_name":"Back to Basics","player_choice":"Elegance","floor":21,"damage_taken":0},{"event_name":"SensoryStone","player_choice":"Memory 1","floor":37,"damage_taken":0},{"event_name":"Mysterious Sphere","player_choice":"Ignore","floor":39,"damage_taken":0},{"event_name":"Winding Halls","player_choice":"Embrace Madness","floor":44,"damage_taken":0}],"boss_relics":[{"not_picked":["Tiny House","Calling Bell"],"picked":"Sozu"},{"not_picked":["Inserter","White Beast Statue"],"picked":"Philosopher\u0027s Stone"}],"items_purged_floors":[25],"potions_floor_spawned":[4,7,13,16,18,19,22,31,35,36,42,47],"seed_played":"8928587464129514231","killed_by":"2 Orb Walkers","ascension_level":0,"potions_obtained":[{"floor":4,"key":"PowerPotion"},{"floor":7,"key":"Swift Potion"},{"floor":13,"key":"Fire Potion"},{"floor":16,"key":"SpeedPotion"}],"is_trial":false}