{"gold_per_floor":[114,127,127,143,60,60,86,86,162,162,188,206,206,217,217,217],"floor_reached":16,"playtime":517,"items_purged":[],"score":220,"play_id":"7f4d0e45-0582-4c6f-8e5e-48ef12dbf3bc","local_time":"20190926182319","is_ascension_mode":true,"campfire_choices":[{"data":"Feel No Pain","floor":6.0,"key":"SMITH"},{"data":"Spot Weakness","floor":10.0,"key":"SMITH"},{"floor":13,"key":"REST"},{"floor":15,"key":"REST"}],"neow_cost":"PERCENT_DAMAGE","seed_source_timestamp":842843981275500,"circlet_count":0,"master_deck":["AscendersBane","Strike_R","Strike_R","Strike_R","Defend_R","Defend_R","Defend_R","Defend_R","Bash","Dropkick","Headbutt","Second Wind","Feel No Pain+1","Spot Weakness+1","Dual Wield","Shrug It Off"],"special_seed":0,"relics":["Burning Blood","TungstenRod","Art of War","Bottled Lightning","HornCleat"],"potions_floor_usage":[11],"damage_taken":[{"damage":1.0,"enemies":"2 Louse","floor":1.0,"turns":3.0},{"damage":0.0,"enemies":"Cultist","floor":2.0,"turns":3.0},{"damage":13.0,"enemies":"Jaw Worm","floor":4.0,"turns":5.0},{"damage":23.0,"enemies":"3 Sentries","floor":7.0,"turns":13.0},{"damage":30,"enemies":"Gremlin Nob","floor":11,"turns":4},{"damage":10,"enemies":"Lots of Slimes","floor":12,"turns":5},{"damage":5,"enemies":"Looter","floor":14,"turns":3},{"damage":54,"enemies":"Hexaghost","floor":16,"turns":9}],"seed_played":"-6228563488555564896","potions_obtained":[{"floor":1.0,"key":"SteroidPotion"},{"floor":12,"key":"Energy Potion"},{"floor":14,"key":"SpeedPotion"}],"is_trial":false,"path_per_floor":["M","M","?","M","$","R","E","?","T","R","E","M","R","M","R","B"],"character_chosen":"IRONCLAD","items_purchased":["Feel No Pain"],"campfire_rested":2,"item_purchase_floors":[5],"current_hp_per_floor":[55,61,61,54,54,54,37,37,37,37,13,9,31,32,54,0],"gold":217,"neow_bonus":"ONE_RARE_RELIC","is_prod":false,"is_daily":false,"chose_seed":false,"campfire_upgraded":2,"win_rate":0,"timestamp":1569547399,"path_taken":["M","M","?","?","$","R","E","?","T","R","E","M","R","?","R","BOSS"],"build_version":"2019-09-26","purchased_purges":0,"victory":false,"max_hp_per_floor":[75,75,75,75,75,75,75,75,75,75,75,75,75,75,75,75],"card_choices":[{"not_picked":["Thunderclap","Clash"],"picked":"Dropkick","floor":1.0},{"not_picked":["Blood for Blood","Clash"],"picked":"Headbutt","floor":2.0},{"not_picked":["True Grit","Sever Soul"],"picked":"Second Wind","floor":4.0},{"not_picked":["Cleave","Double Tap"],"picked":"Spot Weakness","floor":7.0},{"not_picked":["Bloodletting","Uppercut"],"picked":"Dual Wield","floor":11},{"not_picked":["Armaments","Carnage","Evolve"],"picked":"SKIP","floor":12},{"not_picked":["Twin Strike","Heavy Blade"],"picked":"Shrug It Off","floor":14}],"player_experience":1049055,"relics_obtained":[{"floor":7.0,"key":"Art of War"},{"floor":9.0,"key":"Bottled Lightning"},{"floor":11,"key":"HornCleat"}],"event_choices":[{"cards_removed":["Strike_R"],"damage_healed":0.0,"max_hp_gain":0.0,"max_hp_loss":0.0,"gold_gain":0.0,"event_name":"Bonfire Elementals","player_choice":"Offered Basic","floor":3.0,"gold_loss":0.0,"damage_taken":0.0},{"cards_removed":["Strike_R"],"damage_healed":0.0,"max_hp_gain":0.0,"max_hp_loss":0.0,"gold_gain":0.0,"event_name":"Purifier","player_choice":"Purged","floor":8.0,"gold_loss":0.0,"damage_taken":0.0}],"is_beta":true,"boss_relics":[],"items_purged_floors":[],"is_endless":false,"potions_floor_spawned":[1,12,14],"killed_by":"Hexaghost","ascension_level":20}