{"gold_per_floor":[17,117,42,42,57,90,115,115,169,69,57,27,47,121,121,121],"floor_reached":16,"playtime":467,"items_purged":["Strike_R","Strike_R"],"score":120,"play_id":"a30eafad-0847-47fc-a23b-2aa0efcfab16","local_time":"20190606164758","is_ascension_mode":true,"campfire_choices":[{"floor":8,"key":"REST"},{"floor":15,"key":"REST"}],"neow_cost":"NO_GOLD","seed_source_timestamp":285241520740030,"circlet_count":0,"master_deck":["Strike_R","Strike_R","Strike_R","Defend_R+1","Defend_R+1","Defend_R","Defend_R","Bash","Corruption"],"relics":["Burning Blood","Ginger","Golden Idol","Blood Vial","War Paint","Meat on the Bone"],"potions_floor_usage":[],"damage_taken":[{"damage":6,"enemies":"Cultist","floor":1,"turns":3},{"damage":7,"enemies":"2 Louse","floor":5,"turns":2},{"damage":65,"enemies":"3 Sentries","floor":6,"turns":16},{"damage":14,"enemies":"Jaw Worm","floor":7,"turns":5},{"damage":17,"enemies":"Exordium Thugs","floor":11,"turns":4},{"damage":6,"enemies":"Looter","floor":12,"turns":4},{"damage":11,"enemies":"2 Fungi Beasts","floor":13,"turns":6},{"damage":52,"enemies":"The Guardian","floor":16,"turns":4}],"seed_played":"6757522387835118058","potions_obtained":[{"floor":6,"key":"Ancient Potion"},{"floor":7,"key":"SkillPotion"},{"floor":11,"key":"EssenceOfSteel"}],"is_trial":false,"path_per_floor":["M","?","$","?","M","E","M","R","T","$","M","M","M","T","R","B"],"character_chosen":"IRONCLAD","items_purchased":[],"campfire_rested":2,"item_purchase_floors":[],"current_hp_per_floor":[80,80,80,74,73,14,8,30,30,30,21,23,20,20,42,0],"gold":121,"neow_bonus":"ONE_RARE_RELIC","is_prod":false,"is_daily":false,"chose_seed":false,"campfire_upgraded":0,"win_rate":0,"timestamp":1559832478,"path_taken":["M","?","?","?","?","E","M","R","T","$","M","M","M","?","R","BOSS"],"build_version":"2019-01-23","purchased_purges":2,"victory":false,"max_hp_per_floor":[80,80,80,74,74,74,74,74,74,74,74,74,74,74,74,74],"card_choices":[{"not_picked":["Havoc","Headbutt","Anger"],"picked":"SKIP","floor":1},{"not_picked":["Heavy Blade","Sword Boomerang","Anger"],"picked":"SKIP","floor":5},{"not_picked":["Entrench","Pommel Strike"],"picked":"Corruption","floor":6},{"not_picked":["Dual Wield","Power Through","Searing Blow"],"picked":"SKIP","floor":7},{"not_picked":["Flex","Sword Boomerang","Clash"],"picked":"SKIP","floor":11},{"not_picked":["True Grit","Pommel Strike","Havoc"],"picked":"SKIP","floor":12},{"not_picked":["Iron Wave","Warcry","Pommel Strike"],"picked":"SKIP","floor":13}],"player_experience":194018,"relics_obtained":[{"floor":6,"key":"Blood Vial"},{"floor":9,"key":"War Paint"},{"floor":14,"key":"Meat on the Bone"}],"event_choices":[{"damage_healed":0,"gold_gain":100,"player_choice":"Pray","damage_taken":0,"max_hp_gain":0,"max_hp_loss":0,"event_name":"Golden Shrine","floor":2,"gold_loss":0},{"damage_healed":0,"gold_gain":0,"player_choice":"Lose Max HP","damage_taken":0,"relics_obtained":["Golden Idol"],"max_hp_gain":0,"max_hp_loss":6,"event_name":"Golden Idol","floor":4,"gold_loss":0}],"is_beta":false,"boss_relics":[],"items_purged_floors":[3,10],"is_endless":false,"potions_floor_spawned":[6,7,11],"killed_by":"The Guardian","ascension_level":4}