{"gold_per_floor":[109,284,384,283,299,334,346,392,427,454,483,505,532,556,568,580],"floor_reached":16,"playtime":745,"items_purged":["Doubt"],"score":153,"play_id":"126f624c-6192-4363-bee8-83e0ed636cac","local_time":"20190926044904","is_ascension_mode":true,"campfire_choices":[{"data":"Neutralize","floor":7,"key":"SMITH"},{"floor":15,"key":"REST"}],"neow_cost":"NONE","seed_source_timestamp":1173331149184800,"circlet_count":0,"master_deck":["Strike_G","Strike_G","Strike_G","Strike_G","Strike_G","Defend_G","Defend_G","Defend_G","Defend_G","Defend_G","Survivor","Neutralize+1","Reflex","Quick Slash","Acrobatics","Dagger Throw","Calculated Gamble","Choke","Outmaneuver","Finisher","Blur"],"relics":["Ring of the Snake","NeowsBlessing","MawBank","Boot","Lantern"],"potions_floor_usage":[8,14,16,16],"damage_taken":[{"damage":0,"enemies":"Jaw Worm","floor":1,"turns":1},{"damage":0,"enemies":"Small Slimes","floor":5,"turns":1},{"damage":0,"enemies":"Lagavulin","floor":6,"turns":1},{"damage":42,"enemies":"3 Sentries","floor":8,"turns":13},{"damage":0,"enemies":"Cultist","floor":10,"turns":3},{"damage":8,"enemies":"Exordium Wildlife","floor":11,"turns":3},{"damage":13,"enemies":"3 Louse","floor":12,"turns":3},{"damage":0,"enemies":"2 Fungi Beasts","floor":13,"turns":2},{"damage":1,"enemies":"Red Slaver","floor":14,"turns":2},{"damage":35,"enemies":"Hexaghost","floor":16,"turns":14}],"seed_played":"-6018869497550259573","potions_obtained":[{"floor":1,"key":"Block Potion"},{"floor":11,"key":"Energy Potion"},{"floor":13,"key":"AttackPotion"},{"floor":14,"key":"EssenceOfSteel"}],"is_trial":false,"path_per_floor":["M","?","?","$","M","E","R","E","T","M","M","M","M","M","R","B"],"character_chosen":"THE_SILENT","items_purchased":["Quick Slash"],"campfire_rested":1,"item_purchase_floors":[4],"current_hp_per_floor":[70,70,70,70,70,70,70,28,28,28,20,7,7,6,27,0],"gold":580,"neow_bonus":"THREE_ENEMY_KILL","is_prod":false,"is_daily":false,"chose_seed":false,"campfire_upgraded":1,"win_rate":0,"timestamp":1569487744,"path_taken":["M","?","?","$","M","E","R","E","T","?","M","M","M","M","R","BOSS"],"build_version":"2019-07-17","purchased_purges":1,"victory":false,"max_hp_per_floor":[70,70,70,70,70,70,70,70,70,70,70,70,70,70,70,70],"card_choices":[{"not_picked":["Finisher","Acrobatics"],"picked":"Reflex","floor":1},{"not_picked":["Quick Slash","Eviscerate"],"picked":"Acrobatics","floor":5},{"not_picked":["Deflect","Eviscerate"],"picked":"Dagger Throw","floor":6},{"not_picked":["Cloak And Dagger","Acrobatics"],"picked":"Calculated Gamble","floor":8},{"not_picked":["PiercingWail","Phantasmal Killer"],"picked":"Choke","floor":10},{"not_picked":["Dodge and Roll","Acrobatics"],"picked":"Outmaneuver","floor":11},{"not_picked":["Backflip","Deflect"],"picked":"Finisher","floor":12},{"not_picked":["Quick Slash","Outmaneuver","PiercingWail"],"picked":"SKIP","floor":13},{"not_picked":["Cloak And Dagger","Noxious Fumes"],"picked":"Blur","floor":14}],"player_experience":90458,"relics_obtained":[{"floor":6,"key":"MawBank"},{"floor":8,"key":"Boot"},{"floor":9,"key":"Lantern"}],"event_choices":[{"damage_healed":0,"gold_gain":175,"player_choice":"AGREE","damage_taken":0,"max_hp_gain":0,"max_hp_loss":0,"event_name":"Liars Game","floor":2,"gold_loss":0,"cards_obtained":["Doubt"]},{"damage_healed":0,"gold_gain":100,"player_choice":"Pray","damage_taken":0,"max_hp_gain":0,"max_hp_loss":0,"event_name":"Golden Shrine","floor":3,"gold_loss":0}],"is_beta":false,"boss_relics":[],"items_purged_floors":[4],"is_endless":false,"potions_floor_spawned":[1,11,13,14],"killed_by":"Hexaghost","ascension_level":2}