{"gold_per_floor":[110,110,110,35,35,55,55,65,126,142,142,155,177,198],"floor_reached":14,"playtime":198,"items_purged":[],"score":258,"play_id":"013782c4-1035-4ec2-a0da-91b6836df638","local_time":"20190925170339","is_ascension_mode":true,"campfire_choices":[{"data":"Vigilance","floor":7,"key":"SMITH"},{"data":"Halt","floor":11,"key":"SMITH"}],"neow_cost":"NONE","seed_source_timestamp":220255310975700,"circlet_count":0,"master_deck":["AscendersBane","Strike_P","Strike_P+1","Strike_P","Strike_P","Defend_P","Defend_P","Eruption+1","Vigilance+1","Halt+1","SandsOfTime"],"relics":["PureWater","NeowsBlessing","Regal Pillow","Singing Bowl","Blue Candle","Odd Mushroom"],"potions_floor_usage":[14],"damage_taken":[{"damage":0,"enemies":"2 Louse","floor":1,"turns":2},{"damage":0,"enemies":"3 Sentries","floor":6,"turns":2},{"damage":0,"enemies":"Cultist","floor":8,"turns":1},{"damage":9,"enemies":"Jaw Worm","floor":10,"turns":3},{"damage":0,"enemies":"2 Fungi Beasts","floor":12,"turns":2},{"damage":16,"enemies":"Gremlin Nob","floor":13,"turns":3},{"damage":3,"enemies":"The Mushroom Lair","floor":14,"turns":3}],"seed_played":"-8352115409810876077","potions_obtained":[{"floor":10,"key":"Fire Potion"},{"floor":13,"key":"Weak Potion"}],"is_trial":false,"path_per_floor":["M","?","?","?","$","E","R","M","T","M","R","M","E","?"],"character_chosen":"WATCHER","items_purchased":[],"campfire_rested":0,"item_purchase_floors":[],"current_hp_per_floor":[55,37,30,30,30,30,30,30,30,23,23,23,9,8],"gold":198,"neow_bonus":"THREE_ENEMY_KILL","is_prod":false,"is_daily":false,"chose_seed":false,"campfire_upgraded":2,"win_rate":0,"timestamp":1569405819,"path_taken":["M","?","?","?","?","E","R","M","T","?","R","M","E","?"],"build_version":"2019-09-24","purchased_purges":0,"victory":false,"max_hp_per_floor":[61,61,61,61,61,61,61,61,61,63,63,63,65,67],"card_choices":[{"not_picked":["Consecrate","Perseverance","Crescendo"],"picked":"SKIP","floor":1},{"not_picked":["Alpha","FollowUp"],"picked":"Halt","floor":6},{"not_picked":["Establishment","Weave","FlurryOfBlows"],"picked":"SKIP","floor":8},{"not_picked":["Halt","CrushJoints","Prostrate"],"picked":"Singing Bowl","floor":10},{"not_picked":["Prostrate","FlyingSleeves"],"picked":"SandsOfTime","floor":12},{"not_picked":["SashWhip","WindmillStrike","Fasting"],"picked":"Singing Bowl","floor":13},{"not_picked":["Prostrate","FollowUp","Halt"],"picked":"Singing Bowl","floor":14}],"player_experience":1149919,"relics_obtained":[{"floor":6,"key":"Regal Pillow"},{"floor":9,"key":"Singing Bowl"},{"floor":13,"key":"Blue Candle"},{"floor":14,"key":"Odd Mushroom"}],"event_choices":[{"damage_healed":0,"gold_gain":0,"player_choice":"Entered Light","damage_taken":18,"max_hp_gain":0,"max_hp_loss":0,"event_name":"Shining Light","floor":2,"gold_loss":0,"cards_upgraded":["Eruption","Strike_P"]},{"cards_removed":["Defend_P"],"damage_healed":0,"gold_gain":0,"player_choice":"Card Removal","damage_taken":7,"max_hp_gain":0,"max_hp_loss":0,"event_name":"Golden Wing","floor":3,"gold_loss":0},{"cards_removed":["Defend_P"],"damage_healed":0,"gold_gain":0,"player_choice":"Card Removal","damage_taken":0,"max_hp_gain":0,"max_hp_loss":0,"event_name":"The Cleric","floor":4,"gold_loss":75},{"damage_healed":0,"gold_gain":0,"player_choice":"Fought Mushrooms","damage_taken":0,"max_hp_gain":0,"max_hp_loss":0,"event_name":"Mushrooms","floor":14,"gold_loss":0}],"is_beta":true,"boss_relics":[],"items_purged_floors":[],"is_endless":false,"potions_floor_spawned":[10,13],"killed_by":"The Mushroom Lair","ascension_level":22}