{"gold_per_floor":[144,189,189,264,309,399,444,63,63,108,198,198,198,243,243,543,543,588,588,660,585,135,225,225,270,270,370,460,460,550,595,595,895,895,940,940,985,449,449,539,761,851,856,341,386,386,6,96,96,96],"floor_reached":51,"playtime":2956,"items_purged":["Strike_G","Mayhem","Strike_G","Strike_G"],"score":1299,"play_id":"8a978876-d24c-48cf-8243-7901277ebc3b","local_time":"20180717153432","daily_mods":["Allstar","Midas","Night Terrors"],"is_ascension_mode":false,"campfire_choices":[{"floor":12,"key":"REST"},{"floor":15,"key":"REST"},{"floor":24,"key":"REST"},{"floor":29,"key":"REST"},{"floor":32,"key":"REST"},{"floor":49,"key":"REST"}],"neow_cost":"","seed_source_timestamp":0,"circlet_count":0,"master_deck":["Defend_G","Defend_G","Defend_G","Defend_G","Defend_G","Strike_G+1","Survivor","Neutralize","Secret Weapon","Jack Of All Trades","Master of Strategy","Catalyst+1","Cloak And Dagger","Leg Sweep","Malaise","All Out Attack","After Image","Poisoned Stab","Malaise","Noxious Fumes","Night Terror","Backflip","Dagger Throw+1","Backflip","Well Laid Plans","Backflip+1","Sucker Punch+1","Backflip","Skewer","Footwork","Prepared+1","Cloak And Dagger+1","Crippling Poison+1","Bouncing Flask","Glass Knife","Backstab","Prepared","Catalyst+1","Bullet Time","Leg Sweep"],"special_seed":17729,"relics":["Ring of the Snake","Mercury Hourglass","Juzu Bracelet","Snake Skull","Question Card","Ninja Scroll","Orrery","Red Mask","Strawberry","Membership Card","Dream Catcher","Ice Cream","Blood Vial","Gremlin Horn","Fusion Hammer","Sundial","Mango","Anchor","Lantern","MawBank","Boot","Calipers","DollysMirror","Bronze Scales","Whetstone","Toy Ornithopter","Ancient Tea Set"],"potions_floor_usage":[11,18,23,28,40,40,50,50,50],"damage_taken":[{"damage":0,"enemies":"Jaw Worm","floor":1,"turns":6},{"damage":0,"enemies":"2 Louse","floor":2,"turns":4},{"damage":7,"enemies":"Cultist","floor":5,"turns":4},{"damage":17,"enemies":"3 Sentries","floor":6,"turns":10},{"damage":8,"enemies":"Gremlin Gang","floor":7,"turns":6},{"damage":4,"enemies":"Blue Slaver","floor":10,"turns":5},{"damage":14,"enemies":"Gremlin Nob","floor":11,"turns":5},{"damage":0,"enemies":"Large Slime","floor":14,"turns":5},{"damage":11,"enemies":"The Guardian","floor":16,"turns":10},{"damage":5,"enemies":"Chosen","floor":18,"turns":5},{"damage":45,"floor":20,"turns":4},{"damage":1,"enemies":"Gremlin Leader","floor":23,"turns":5},{"damage":0,"enemies":"Spheric Guardian","floor":25,"turns":3},{"damage":5,"enemies":"Book of Stabbing","floor":28,"turns":6},{"damage":2,"enemies":"Gremlin Leader","floor":30,"turns":9},{"damage":1,"enemies":"Snecko","floor":31,"turns":7},{"damage":49,"enemies":"Collector","floor":33,"turns":10},{"damage":2,"enemies":"3 Shapes","floor":35,"turns":4},{"damage":0,"floor":36,"turns":6},{"damage":0,"enemies":"Flame Bruiser 1 Orb","floor":37,"turns":3},{"damage":0,"enemies":"Nemesis","floor":40,"turns":5},{"damage":0,"enemies":"Giant Head","floor":42,"turns":7},{"damage":0,"enemies":"Transient","floor":45,"turns":5},{"damage":27,"enemies":"2 Orb Walkers","floor":48,"turns":6},{"damage":0,"enemies":"Time Eater","floor":50,"turns":6}],"seed_played":"-6709258171721631228","potions_obtained":[{"floor":7,"key":"SpeedPotion"},{"floor":10,"key":"Explosive Potion"},{"floor":20,"key":"Explosive Potion"},{"floor":23,"key":"PowerPotion"},{"floor":30,"key":"SpeedPotion"},{"floor":35,"key":"Ancient Potion"},{"floor":40,"key":"SmokeBomb"},{"floor":42,"key":"EssenceOfSteel"}],"is_trial":false,"path_per_floor":["M","M","?","?","M","E","M","$","T","M","E","R","?","M","R","B",null,"M","?","?","?","$","E","R","M","T","?","E","R","E","M","R","B",null,"M","?","M","$","?","E","?","E","T","$","M","T","$","E","R","B"],"character_chosen":"THE_SILENT","items_purchased":["Snake Skull","After Image","Strawberry","Membership Card","Mango","Prepared","Anchor","Poison Potion","Calipers","DollysMirror","Bullet Time","Whetstone","Poison Potion","Toy Ornithopter"],"campfire_rested":6,"item_purchase_floors":[8,8,22,22,38,38,38,38,44,44,47,47,47,47],"current_hp_per_floor":[70,70,70,59,52,35,27,27,27,23,9,65,65,65,60,49,60,55,55,10,10,17,16,62,62,62,62,57,57,55,56,52,3,52,50,52,52,66,76,76,76,76,76,76,76,76,76,49,71,71],"gold":96,"neow_bonus":"","is_prod":false,"is_daily":true,"chose_seed":false,"campfire_upgraded":0,"win_rate":0,"timestamp":1531816472,"path_taken":["M","M","?","?","?","E","M","$","T","M","E","R","?","M","R","BOSS","M","?","?","?","$","E","R","M","T","?","E","R","E","M","R","BOSS","M","?","M","$","?","E","?","E","T","?","M","?","$","E","R","BOSS"],"build_version":"2018-07-16","purchased_purges":4,"victory":true,"max_hp_per_floor":[70,70,70,70,70,70,70,70,70,70,70,65,65,65,60,60,60,60,60,60,60,67,67,62,62,62,62,62,57,57,57,52,52,52,52,52,52,66,76,76,76,76,76,76,76,76,76,76,71,71],"card_choices":[{"not_picked":["Prepared","Escape Plan"],"picked":"Catalyst","floor":1},{"not_picked":["Dagger Throw","Masterful Stab"],"picked":"Cloak And Dagger","floor":2},{"not_picked":["Accuracy","Riddle With Holes"],"picked":"Leg Sweep","floor":5},{"not_picked":["Prepared","Quick Slash"],"picked":"Malaise","floor":6},{"not_picked":["Dodge and Roll","Slice"],"picked":"All Out Attack","floor":7},{"not_picked":["Underhanded Strike","Outmaneuver","Dodge and Roll"],"picked":"Poisoned Stab","floor":10},{"not_picked":["Endless Agony","Leg Sweep","Blade Dance"],"picked":"Malaise","floor":11},{"not_picked":["Night Terror","Infinite Blades","Deadly Poison"],"picked":"Noxious Fumes","floor":14},{"not_picked":["Unload","Die Die Die","Doppelganger"],"picked":"Night Terror","floor":16},{"not_picked":["Slice","Dagger Spray","Sucker Punch"],"picked":"Backflip","floor":17},{"not_picked":["Reflex","Leg Sweep","Acrobatics"],"picked":"Dagger Throw","floor":17},{"not_picked":["Dagger Spray","Dodge and Roll","Deflect"],"picked":"Backflip","floor":17},{"not_picked":["Crippling Poison","Dagger Throw","Grand Finale"],"picked":"Well Laid Plans","floor":17},{"not_picked":["Expertise","Masterful Stab","Acrobatics","Prepared"],"picked":"SKIP","floor":18},{"not_picked":["Prepared","Deflect+1","Night Terror"],"picked":"Backflip+1","floor":20},{"not_picked":["Terror+1","Bane","PiercingWail"],"picked":"Sucker Punch+1","floor":23},{"not_picked":["PiercingWail","Outmaneuver","Escape Plan"],"picked":"Backflip","floor":24},{"not_picked":["Dagger Spray","Choke","Finisher"],"picked":"Skewer","floor":25},{"not_picked":["Quick Slash","Distraction","Prepared"],"picked":"Footwork","floor":28},{"not_picked":["Sucker Punch","Predator","Crippling Poison"],"picked":"Prepared+1","floor":29},{"not_picked":["Heel Hook+1","Caltrops","Deadly Poison"],"picked":"Cloak And Dagger+1","floor":30},{"not_picked":["Distraction+1","Dagger Throw+1","Sucker Punch"],"picked":"Crippling Poison+1","floor":31},{"not_picked":["Endless Agony","Riddle With Holes","Poisoned Stab"],"picked":"Bouncing Flask","floor":32},{"not_picked":["A Thousand Cuts","Tactician","Venomology"],"picked":"Glass Knife","floor":33},{"not_picked":["Flechettes+1","Outmaneuver","Distraction+1","Bane+1"],"picked":"SKIP","floor":35},{"not_picked":["Poisoned Stab+1","Outmaneuver+1","Underhanded Strike"],"picked":"Backstab","floor":37},{"not_picked":["Doppelganger","Accuracy+1","Flying Knee+1","Finisher"],"picked":"SKIP","floor":40},{"not_picked":["Escape Plan","Infinite Blades+1","Slice","Quick Slash+1"],"picked":"SKIP","floor":42},{"not_picked":["Dagger Spray+1","Flying Knee+1","Reflex","Deflect"],"picked":"SKIP","floor":45},{"not_picked":["Riddle With Holes","Well Laid Plans","Flechettes+1","Distraction"],"picked":"SKIP","floor":48},{"not_picked":["Bane+1","Dagger Throw","Dodge and Roll"],"picked":"Leg Sweep","floor":49}],"player_experience":226726,"relics_obtained":[{"floor":6,"key":"Juzu Bracelet"},{"floor":9,"key":"Question Card"},{"floor":11,"key":"Ninja Scroll"},{"floor":20,"key":"Red Mask"},{"floor":23,"key":"Dream Catcher"},{"floor":26,"key":"Ice Cream"},{"floor":28,"key":"Blood Vial"},{"floor":30,"key":"Gremlin Horn"},{"floor":36,"key":"Sundial"},{"floor":40,"key":"Lantern"},{"floor":42,"key":"MawBank"},{"floor":43,"key":"Boot"},{"floor":46,"key":"Bronze Scales"},{"floor":48,"key":"Ancient Tea Set"}],"event_choices":[{"event_name":"Big Fish","player_choice":"Box","floor":3,"damage_taken":0},{"event_name":"World of Goop","player_choice":"Gather Gold","floor":4,"damage_taken":0},{"event_name":"Living Wall","player_choice":"Forget","floor":13,"damage_taken":0},{"event_name":"Accursed Blacksmith","player_choice":"Forge","floor":19,"damage_taken":0},{"event_name":"Masked Bandits","player_choice":"Fought over 588 gold","floor":20,"damage_taken":0},{"event_name":"Beggar","player_choice":"Gave Gold","floor":21,"damage_taken":0},{"event_name":"Golden Shrine","player_choice":"Pray","floor":27,"damage_taken":0},{"event_name":"MindBloom","player_choice":"Fight","floor":36,"damage_taken":0},{"event_name":"Bonfire Elementals","player_choice":"RARE","floor":39,"damage_taken":0},{"event_name":"Tomb of Lord Red Mask","player_choice":"Wore Mask","floor":41,"damage_taken":0}],"boss_relics":[{"not_picked":["Tiny House","HoveringKite"],"picked":"Orrery"},{"not_picked":["Astrolabe","Cursed Key"],"picked":"Fusion Hammer"}],"items_purged_floors":[8,22,38,44],"is_endless":false,"potions_floor_spawned":[7,10,20,23,30,35,40,42,48],"ascension_level":0}