{"gold_per_floor":[108,108,121,38,3,3,23,49,111,123,123,147,168,178,178,237,237],"floor_reached":17,"playtime":478,"items_purged":[],"score":367,"play_id":"8eb78bd3-fd46-4623-8150-b07f047f0ed3","local_time":"20190907013012","is_ascension_mode":true,"campfire_choices":[{"data":"Bash","floor":6,"key":"SMITH"},{"data":"Clothesline","floor":11,"key":"SMITH"},{"data":"Disarm","floor":15,"key":"SMITH"}],"neow_cost":"NONE","seed_source_timestamp":48241069876910,"circlet_count":0,"master_deck":["Strike_R","Strike_R","Defend_R","Defend_R","Defend_R","Defend_R","Bash+1","AscMod:ascendersbane","Shrug It Off","Clothesline+1","Disarm+1","Battle Trance","Berserk","Impervious"],"relics":["Philosopher\u0027s Stone","Vajra","Gremlin Horn","Tiny Chest","The Courier","Blood Vial","Empty Cage"],"potions_floor_usage":[16,16],"damage_taken":[{"damage":6,"enemies":"Jaw Worm","floor":1,"turns":5},{"damage":0,"enemies":"Cultist","floor":3,"turns":3},{"damage":30,"enemies":"Gremlin Nob","floor":8,"turns":4},{"damage":0,"enemies":"2 Louse","floor":10,"turns":2},{"damage":13,"enemies":"Lagavulin","floor":12,"turns":8},{"damage":0,"enemies":"Exordium Wildlife","floor":14,"turns":3},{"damage":24,"enemies":"Hexaghost","floor":16,"turns":11}],"seed_played":"8817801230861520750","potions_obtained":[{"floor":3,"key":"Fire Potion"},{"floor":8,"key":"Swift Potion"},{"floor":14,"key":"EssenceOfSteel"}],"is_trial":false,"path_per_floor":["M","?","M","$","?","R","T","E","T","M","R","E","T","M","R","B",null],"character_chosen":"IRONCLAD","items_purchased":["Disarm"],"campfire_rested":0,"item_purchase_floors":[4],"current_hp_per_floor":[62,62,62,62,75,75,75,45,45,45,45,32,32,34,34,12,12],"gold":237,"neow_bonus":"BOSS_RELIC","is_prod":false,"is_daily":false,"chose_seed":false,"campfire_upgraded":3,"win_rate":0,"timestamp":1567794612,"path_taken":["M","?","?","$","?","R","?","E","T","M","R","E","?","M","R","BOSS"],"build_version":"2019-07-17","purchased_purges":0,"victory":false,"max_hp_per_floor":[75,75,75,75,75,75,75,75,75,75,75,75,75,75,75,75,75],"card_choices":[{"not_picked":["Warcry","Pommel Strike"],"picked":"Shrug It Off","floor":1},{"not_picked":["Second Wind","Anger"],"picked":"Clothesline","floor":3},{"not_picked":["Cleave","Fire Breathing","Dual Wield"],"picked":"SKIP","floor":8},{"not_picked":["Perfected Strike","Dropkick","Iron Wave"],"picked":"SKIP","floor":10},{"not_picked":["Clothesline","Power Through"],"picked":"Battle Trance","floor":12},{"not_picked":["Burning Pact","Cleave"],"picked":"Berserk","floor":14},{"not_picked":["Juggernaut","Limit Break"],"picked":"Impervious","floor":16}],"player_experience":1148392,"relics_obtained":[{"floor":7,"key":"Vajra"},{"floor":8,"key":"Gremlin Horn"},{"floor":9,"key":"Tiny Chest"},{"floor":12,"key":"The Courier"},{"floor":13,"key":"Blood Vial"}],"event_choices":[{"cards_removed":["Strike_R"],"damage_healed":0,"gold_gain":0,"player_choice":"Offered Basic","damage_taken":0,"max_hp_gain":0,"max_hp_loss":0,"event_name":"Bonfire Elementals","floor":2,"gold_loss":0},{"damage_healed":18,"gold_gain":0,"player_choice":"Healed","damage_taken":0,"max_hp_gain":0,"max_hp_loss":0,"event_name":"The Cleric","floor":5,"gold_loss":35}],"is_beta":false,"boss_relics":[{"not_picked":["Scatterbrain"],"picked":"VoidEssence"},{"not_picked":["Scatterbrain"],"picked":"VoidEssence"},{"not_picked":["Runic Cube","Tiny House"],"picked":"Empty Cage"}],"items_purged_floors":[],"is_endless":false,"potions_floor_spawned":[3,8,14],"ascension_level":25}