{"gold_per_floor":[114,39,55,130,130,163,183,216,240,240,21,32,44,56,56,159,159,169,185,108,126,126,126,126],"floor_reached":24,"playtime":3420,"items_purged":["Strike_R"],"score":333,"play_id":"b9917896-abbe-4204-8c14-9ac1fe5e6e79","local_time":"20181222235056","is_ascension_mode":true,"campfire_choices":[{"floor":15,"key":"REST"},{"data":"Berserk","floor":23,"key":"SMITH"}],"neow_cost":"NONE","seed_source_timestamp":261374895629279,"circlet_count":0,"master_deck":["AscendersBane","Strike_R+1","Strike_R+1","Strike_R+1","Strike_R+1","Defend_R+1","Defend_R+1","Defend_R+1","Defend_R+1","Bash","Berserk+1","Clothesline","Shockwave","True Grit","Pommel Strike","Shrug It Off","Spot Weakness","Shrug It Off","Spot Weakness","Ghostly Armor","Demon Form","Iron Wave","Armaments","Carnage"],"relics":["Burning Blood","Dream Catcher","Art of War","Darkstone Periapt","Omamori","Coffee Dripper"],"potions_floor_usage":[8,16,16],"damage_taken":[{"damage":1,"enemies":"Cultist","floor":1,"turns":4},{"damage":0,"enemies":"Small Slimes","floor":3,"turns":3},{"damage":31,"enemies":"Gremlin Nob","floor":6,"turns":5},{"damage":0,"enemies":"2 Louse","floor":7,"turns":4},{"damage":41,"enemies":"Lagavulin","floor":8,"turns":11},{"damage":4,"enemies":"Blue Slaver","floor":12,"turns":4},{"damage":4,"enemies":"Large Slime","floor":13,"turns":7},{"damage":2,"enemies":"Exordium Wildlife","floor":14,"turns":4},{"damage":49,"enemies":"Hexaghost","floor":16,"turns":11},{"damage":23,"enemies":"Spheric Guardian","floor":18,"turns":6},{"damage":4,"enemies":"3 Byrds","floor":19,"turns":7},{"damage":34,"enemies":"Shelled Parasite and Fungi","floor":21,"turns":8},{"damage":25,"enemies":"Snake Plant","floor":24,"turns":3}],"seed_played":"3132082937054986525","potions_obtained":[{"floor":7,"key":"SpeedPotion"},{"floor":12,"key":"SpeedPotion"},{"floor":13,"key":"BloodPotion"}],"is_trial":false,"path_per_floor":["M","$","M","?","?","E","M","E","T","T","$","M","M","M","R","B",null,"M","M","$","M","?","R","M"],"character_chosen":"IRONCLAD","items_purchased":["Shockwave","Omamori","Carnage"],"campfire_rested":1,"item_purchase_floors":[2,11,20],"current_hp_per_floor":[77,77,80,69,69,44,50,15,15,15,15,17,19,23,47,12,63,46,48,48,20,20,20,0],"gold":126,"neow_bonus":"ONE_RANDOM_RARE_CARD","is_prod":false,"is_daily":false,"chose_seed":false,"campfire_upgraded":1,"win_rate":0,"timestamp":1545544256,"path_taken":["M","?","M","?","?","E","M","E","T","?","$","M","M","M","R","BOSS","M","M","$","M","?","R","M"],"build_version":"2018-12-20","purchased_purges":1,"victory":false,"max_hp_per_floor":[80,80,80,80,80,80,80,80,80,80,80,80,80,80,80,80,80,80,80,80,80,80,80,80],"card_choices":[{"not_picked":["Flex","Sword Boomerang"],"picked":"Clothesline","floor":1},{"not_picked":["Twin Strike","Sever Soul"],"picked":"True Grit","floor":3},{"not_picked":["Rupture","Warcry"],"picked":"Pommel Strike","floor":6},{"not_picked":["Evolve","Clothesline"],"picked":"Shrug It Off","floor":7},{"not_picked":["Barricade","Clothesline"],"picked":"Spot Weakness","floor":8},{"not_picked":["Clothesline","Clash"],"picked":"Shrug It Off","floor":12},{"not_picked":["Uppercut","Headbutt"],"picked":"Spot Weakness","floor":13},{"not_picked":["Cleave","Havoc"],"picked":"Ghostly Armor","floor":14},{"not_picked":["Impervious","Brutality"],"picked":"Demon Form","floor":16},{"not_picked":["Power Through","Twin Strike"],"picked":"Iron Wave","floor":18},{"not_picked":["Flex","Reckless Charge"],"picked":"Armaments","floor":19},{"not_picked":["Sentinel","Sword Boomerang","Inflame"],"picked":"SKIP","floor":21}],"player_experience":925639,"relics_obtained":[{"floor":6,"key":"Dream Catcher"},{"floor":8,"key":"Art of War"},{"floor":10,"key":"Darkstone Periapt"}],"event_choices":[{"damage_healed":0,"gold_gain":75,"player_choice":"Gather Gold","damage_taken":11,"max_hp_gain":0,"max_hp_loss":0,"event_name":"World of Goop","floor":4,"gold_loss":0},{"damage_healed":0,"gold_gain":0,"player_choice":"Ignored","damage_taken":0,"max_hp_gain":0,"max_hp_loss":0,"event_name":"Liars Game","floor":5,"gold_loss":0},{"damage_healed":0,"gold_gain":0,"player_choice":"Simplicity","damage_taken":0,"max_hp_gain":0,"max_hp_loss":0,"event_name":"Back to Basics","floor":22,"gold_loss":0,"cards_upgraded":["Strike_R","Strike_R","Strike_R","Strike_R","Defend_R","Defend_R","Defend_R","Defend_R"]}],"is_beta":false,"boss_relics":[{"not_picked":["Calling Bell","Pandora\u0027s Box"],"picked":"Coffee Dripper"}],"items_purged_floors":[11],"is_endless":false,"potions_floor_spawned":[7,12,13,14],"killed_by":"Snake Plant","ascension_level":12}