{"gold_per_floor":[118,128,50,50,50,82,82,141,141,91,121,140,140,171,171,272,272,290,302,321,333,258,258,258],"floor_reached":24,"playtime":1633,"items_purged":[],"score":275,"play_id":"37d158fc-aee1-429a-9b85-52b6a18b4e6c","local_time":"20190714114909","is_ascension_mode":true,"campfire_choices":[{"data":"Creative AI","floor":7,"key":"SMITH"},{"data":"Coolheaded","floor":13,"key":"SMITH"},{"floor":15,"key":"REST"},{"floor":23,"key":"REST"}],"neow_cost":"NONE","seed_source_timestamp":171519087875811,"circlet_count":0,"master_deck":["Strike_B","Strike_B","Defend_B","Defend_B","Defend_B+1","Defend_B+1","Zap","Dualcast","Capacitor","Sweeping Beam","Reinforced Body+1","Creative AI+1","Coolheaded+1","Streamline","Gash","Consume","Rainbow","Conserve Battery","Hologram","Gash"],"relics":["Cracked Core","NeowsBlessing","DataDisk","Cables","Bottled Lightning","Mummified Hand","Darkstone Periapt","War Paint","Sozu"],"potions_floor_usage":[16,24],"damage_taken":[{"damage":0,"enemies":"Cultist","floor":1,"turns":1},{"damage":0,"enemies":"Jaw Worm","floor":2,"turns":1},{"damage":0,"enemies":"Gremlin Nob","floor":6,"turns":1},{"damage":16,"enemies":"Gremlin Nob","floor":8,"turns":7},{"damage":15,"enemies":"Lagavulin","floor":11,"turns":6},{"damage":0,"enemies":"Small Slimes","floor":12,"turns":3},{"damage":17,"enemies":"3 Sentries","floor":14,"turns":6},{"damage":10,"enemies":"Hexaghost","floor":16,"turns":9},{"damage":3,"enemies":"3 Byrds","floor":18,"turns":4},{"damage":12,"enemies":"Spheric Guardian","floor":19,"turns":4},{"damage":24,"enemies":"Snecko","floor":20,"turns":6},{"damage":20,"enemies":"Centurion and Healer","floor":21,"turns":6},{"damage":49,"enemies":"Masked Bandits","floor":24,"turns":3}],"seed_played":"3502624655105868132","potions_obtained":[{"floor":1,"key":"Block Potion"},{"floor":2,"key":"FocusPotion"},{"floor":8,"key":"Ancient Potion"}],"is_trial":false,"path_per_floor":["M","M","$","T","?","E","R","?","T","?","E","M","R","E","R","B",null,"M","M","M","M","?","R","?"],"character_chosen":"DEFECT","items_purchased":["Reinforced Body"],"campfire_rested":2,"item_purchase_floors":[3],"current_hp_per_floor":[75,75,75,75,75,75,75,59,59,59,44,44,44,27,49,39,75,72,60,36,16,16,38,0],"gold":258,"neow_bonus":"THREE_ENEMY_KILL","is_prod":false,"is_daily":false,"chose_seed":false,"campfire_upgraded":2,"win_rate":0,"timestamp":1563097749,"path_taken":["M","M","$","?","?","E","R","?","T","?","E","?","R","E","R","BOSS","M","?","M","M","?","R","?"],"build_version":"2019-07-05","purchased_purges":0,"victory":false,"max_hp_per_floor":[75,75,75,75,75,75,75,75,75,75,75,75,75,75,75,75,75,75,75,75,75,75,75,75],"card_choices":[{"not_picked":["Hologram","Undo"],"picked":"Capacitor","floor":1},{"not_picked":["Leap","Compile Driver"],"picked":"Sweeping Beam","floor":2},{"not_picked":["FTL","Ball Lightning"],"picked":"Creative AI","floor":6},{"not_picked":["Chaos","Ball Lightning"],"picked":"Coolheaded","floor":8},{"not_picked":["Barrage","Rip and Tear"],"picked":"Streamline","floor":11},{"not_picked":["Coolheaded","FTL"],"picked":"Gash","floor":12},{"not_picked":["Go for the Eyes","Static Discharge"],"picked":"Consume","floor":14},{"not_picked":["Amplify","Biased Cognition"],"picked":"Rainbow","floor":16},{"not_picked":["Gash+1","Go for the Eyes"],"picked":"Conserve Battery","floor":18},{"not_picked":["Lockon","Heatsinks","Go for the Eyes+1"],"picked":"SKIP","floor":19},{"not_picked":["Coolheaded","Streamline"],"picked":"Hologram","floor":20},{"not_picked":["Coolheaded","Lockon"],"picked":"Gash","floor":21}],"player_experience":260289,"relics_obtained":[{"floor":4,"key":"DataDisk"},{"floor":6,"key":"Cables"},{"floor":8,"key":"Bottled Lightning"},{"floor":9,"key":"Mummified Hand"},{"floor":11,"key":"Darkstone Periapt"},{"floor":14,"key":"War Paint"}],"event_choices":[{"damage_healed":0,"gold_gain":0,"player_choice":"Grow","damage_taken":0,"max_hp_gain":0,"max_hp_loss":0,"event_name":"Living Wall","floor":5,"gold_loss":0,"cards_upgraded":["Reinforced Body"]},{"damage_healed":0,"gold_gain":30,"player_choice":"Searched \u00272\u0027 times","damage_taken":0,"max_hp_gain":0,"max_hp_loss":0,"event_name":"Dead Adventurer","floor":8,"gold_loss":0},{"cards_removed":["Strike_B"],"damage_healed":0,"gold_gain":0,"player_choice":"Card Removal","damage_taken":0,"max_hp_gain":0,"max_hp_loss":0,"event_name":"The Cleric","floor":10,"gold_loss":50},{"cards_removed":["Strike_B"],"damage_healed":0,"gold_gain":0,"player_choice":"Gave Gold","damage_taken":0,"max_hp_gain":0,"max_hp_loss":0,"event_name":"Beggar","floor":22,"gold_loss":75},{"damage_healed":0,"gold_gain":0,"player_choice":"Fought Bandits","damage_taken":0,"max_hp_gain":0,"max_hp_loss":0,"event_name":"Masked Bandits","floor":24,"gold_loss":0}],"is_beta":false,"boss_relics":[{"not_picked":["Nuclear Battery","Lizard Tail"],"picked":"Sozu"}],"items_purged_floors":[],"is_endless":false,"potions_floor_spawned":[1,2,8,11,18,19],"killed_by":"Masked Bandits","ascension_level":3}