{"gold_per_floor":[44,44,86,118,118,118,139,149,181,91,141,141,81],"floor_reached":13,"playtime":299,"items_purged":["Strike_P"],"score":187,"play_id":"18163d7b-112e-441e-a0f4-56b26fd804c6","local_time":"20190926200731","is_ascension_mode":true,"campfire_choices":[{"data":"Eruption","floor":6,"key":"SMITH"},{"data":"Vigilance","floor":8,"key":"SMITH"}],"neow_cost":"NO_GOLD","seed_source_timestamp":317588607881000,"circlet_count":0,"master_deck":["Strike_P","Strike_P","Strike_P","Defend_P+1","Defend_P","Defend_P+1","Eruption+1","Vigilance+1","AscMod:ascendersbane","HandOfGreed+1","Evaluate"],"relics":["PureWater","MawBank","Omamori"],"potions_floor_usage":[7,7],"damage_taken":[{"damage":0,"enemies":"2 Louse","floor":1,"turns":5},{"damage":0,"enemies":"Small Slimes","floor":3,"turns":3},{"damage":0,"enemies":"Jaw Worm","floor":4,"turns":1},{"damage":29,"enemies":"Lagavulin","floor":7,"turns":7},{"damage":0,"enemies":"2 Fungi Beasts","floor":11,"turns":4},{"damage":14,"enemies":"Looter","floor":13,"turns":3}],"seed_played":"4678613042700065738","potions_obtained":[{"floor":1,"key":"Energy Potion"},{"floor":3,"key":"AttackPotion"}],"is_trial":false,"path_per_floor":["M","?","M","M","?","R","E","R","T","$","M","?","M"],"character_chosen":"WATCHER","items_purchased":[],"campfire_rested":0,"item_purchase_floors":[],"current_hp_per_floor":[55,48,48,48,48,48,19,19,19,19,19,1,0],"gold":81,"neow_bonus":"RANDOM_COLORLESS_2","is_prod":false,"is_daily":false,"chose_seed":false,"campfire_upgraded":2,"win_rate":0,"timestamp":1569503251,"path_taken":["M","?","M","M","?","R","E","R","T","$","M","?","M"],"build_version":"2019-09-25","purchased_purges":1,"victory":false,"max_hp_per_floor":[61,61,61,61,61,61,61,61,61,61,61,61,61],"card_choices":[{"not_picked":["Thinking Ahead","Metamorphosis"],"picked":"HandOfGreed","floor":0},{"not_picked":["EmptyFist","MentalFortress","Halt"],"picked":"SKIP","floor":1},{"not_picked":["FearNoEvil","Collect","EmptyMind"],"picked":"SKIP","floor":3},{"not_picked":["Prostrate","Conclude"],"picked":"Evaluate","floor":4},{"not_picked":["Scrawl","Consecrate","Devotion"],"picked":"SKIP","floor":7},{"not_picked":["BowlingBash","EmptyBody","EmptyFist"],"picked":"SKIP","floor":11}],"player_experience":1159496,"relics_obtained":[{"floor":7,"key":"MawBank"},{"floor":9,"key":"Omamori"}],"event_choices":[{"cards_removed":["Defend_P"],"damage_healed":0,"gold_gain":0,"player_choice":"Card Removal","damage_taken":7,"max_hp_gain":0,"max_hp_loss":0,"event_name":"Golden Wing","floor":2,"gold_loss":0},{"damage_healed":0,"gold_gain":0,"player_choice":"Grow","damage_taken":0,"max_hp_gain":0,"max_hp_loss":0,"event_name":"Living Wall","floor":5,"gold_loss":0,"cards_upgraded":["HandOfGreed"]},{"damage_healed":0,"gold_gain":0,"player_choice":"Entered Light","damage_taken":18,"max_hp_gain":0,"max_hp_loss":0,"event_name":"Shining Light","floor":12,"gold_loss":0,"cards_upgraded":["Defend_P","Defend_P"]}],"is_beta":true,"boss_relics":[],"items_purged_floors":[10],"is_endless":false,"potions_floor_spawned":[1,3],"killed_by":"Looter","ascension_level":25}