{"gold_per_floor":[115,115,128,11,11,38,50,96,132,144,185,274,286,329,341,353],"floor_reached":16,"playtime":2373,"items_purged":["Strike_G"],"score":268,"play_id":"9325d25b-ed15-48ae-b9d7-46d53df469a4","local_time":"20190630130933","is_ascension_mode":true,"campfire_choices":[{"data":"Neutralize","floor":7,"key":"SMITH"},{"floor":13,"key":"REST"},{"floor":15,"key":"REST"}],"neow_cost":"NONE","seed_source_timestamp":571969667341557,"circlet_count":0,"master_deck":["AscendersBane","Defend_G","Defend_G","Defend_G","Defend_G","Defend_G","Strike_G","Strike_G","Survivor","Neutralize+1","Dash","Terror","Backstab","Tools of the Trade","Reflex","Bouncing Flask"],"relics":["Ring of the Snake","NeowsBlessing","MawBank","Art of War","Orichalcum","Potion Belt","Paper Crane"],"potions_floor_usage":[11,16],"damage_taken":[{"damage":0,"enemies":"Cultist","floor":1,"turns":1},{"damage":0,"enemies":"2 Louse","floor":3,"turns":1},{"damage":0,"enemies":"3 Sentries","floor":6,"turns":1},{"damage":12,"enemies":"Lagavulin","floor":8,"turns":7},{"damage":7,"enemies":"Gremlin Nob","floor":11,"turns":5},{"damage":34,"enemies":"3 Sentries","floor":14,"turns":14},{"damage":61,"enemies":"Slime Boss","floor":16,"turns":6}],"seed_played":"532267660191374571","potions_obtained":[{"floor":3,"key":"Swift Potion"},{"floor":14,"key":"Regen Potion"}],"is_trial":false,"path_per_floor":["M","?","M","$","?","E","R","E","T","?","E","?","R","E","R","B"],"character_chosen":"THE_SILENT","items_purchased":["Terror"],"campfire_rested":2,"item_purchase_floors":[4],"current_hp_per_floor":[59,59,59,59,59,59,59,47,47,42,35,35,54,20,39,0],"gold":353,"neow_bonus":"THREE_ENEMY_KILL","is_prod":false,"is_daily":false,"chose_seed":false,"campfire_upgraded":1,"win_rate":0,"timestamp":1561918173,"path_taken":["M","?","?","$","?","E","R","E","T","?","E","?","R","E","R","BOSS"],"build_version":"2019-01-23","purchased_purges":1,"victory":false,"max_hp_per_floor":[66,66,66,66,66,66,66,66,66,66,66,66,66,66,66,66],"card_choices":[{"not_picked":["Sucker Punch","Endless Agony"],"picked":"Dash","floor":1},{"not_picked":["Underhanded Strike","Quick Slash","Distraction"],"picked":"SKIP","floor":3},{"not_picked":["Slice","Deadly Poison"],"picked":"Tools of the Trade","floor":6},{"not_picked":["Setup","Grand Finale"],"picked":"Reflex","floor":8},{"not_picked":["Cloak And Dagger","Quick Slash","Prepared"],"picked":"SKIP","floor":11},{"not_picked":["Dagger Throw","Deflect"],"picked":"Bouncing Flask","floor":14}],"player_experience":1438855,"relics_obtained":[{"floor":6,"key":"MawBank"},{"floor":8,"key":"Art of War"},{"floor":9,"key":"Orichalcum"},{"floor":11,"key":"Potion Belt"},{"floor":14,"key":"Paper Crane"}],"event_choices":[{"cards_removed":["Strike_G"],"damage_healed":0,"gold_gain":0,"player_choice":"Offered Basic","damage_taken":0,"max_hp_gain":0,"max_hp_loss":0,"event_name":"Bonfire Elementals","floor":2,"gold_loss":0},{"damage_healed":0,"gold_gain":0,"cards_transformed":["Strike_G"],"player_choice":"Change","damage_taken":0,"max_hp_gain":0,"max_hp_loss":0,"event_name":"Living Wall","floor":5,"gold_loss":0,"cards_obtained":["Backstab"]},{"damage_healed":0,"gold_gain":0,"player_choice":"Fled","damage_taken":5,"max_hp_gain":0,"max_hp_loss":0,"event_name":"Scrap Ooze","floor":10,"gold_loss":0},{"damage_healed":0,"gold_gain":77,"player_choice":"Gained Gold","damage_taken":0,"max_hp_gain":0,"max_hp_loss":0,"event_name":"Golden Wing","floor":12,"gold_loss":0}],"is_beta":false,"boss_relics":[],"items_purged_floors":[4],"is_endless":false,"potions_floor_spawned":[3,14],"killed_by":"Slime Boss","ascension_level":16}