{"gold_per_floor":[115,115,40,40,40,68,109,131,131,131,153,53,65,65,65,65],"floor_reached":16,"playtime":216,"items_purged":["Defend_P"],"score":353,"play_id":"6f56adda-4b17-47de-8c28-27bef70dfebf","local_time":"20190925180139","is_ascension_mode":true,"campfire_choices":[{"data":"Eruption","floor":10,"key":"SMITH"},{"data":"Defend_P","floor":15,"key":"SMITH"}],"neow_cost":"NONE","seed_source_timestamp":223719772125100,"circlet_count":0,"master_deck":["AscendersBane","Strike_P+1","Strike_P","Strike_P","Strike_P+1","Defend_P+1","Eruption+1","Vigilance+1","Protect+1"],"relics":["PureWater","NeowsBlessing","Centennial Puzzle","Akabeko","Bronze Scales","Whetstone","Mummified Hand"],"potions_floor_usage":[11,16],"damage_taken":[{"damage":0,"enemies":"Small Slimes","floor":1,"turns":1},{"damage":0,"enemies":"3 Sentries","floor":6,"turns":2},{"damage":0,"enemies":"Gremlin Nob","floor":8,"turns":1},{"damage":20,"enemies":"3 Sentries","floor":11,"turns":2},{"damage":0,"enemies":"2 Louse","floor":13,"turns":2},{"damage":19,"enemies":"Hexaghost","floor":16,"turns":7}],"seed_played":"-6155131131682754185","potions_obtained":[{"floor":6,"key":"Weak Potion"},{"floor":8,"key":"Strength Potion"}],"is_trial":false,"path_per_floor":["M","?","?","$","?","E","T","E","T","R","E","$","M","?","R","B"],"character_chosen":"WATCHER","items_purchased":[],"campfire_rested":0,"item_purchase_floors":[],"current_hp_per_floor":[55,48,48,48,52,52,52,52,52,52,32,32,32,12,12,0],"gold":65,"neow_bonus":"THREE_ENEMY_KILL","is_prod":false,"is_daily":false,"chose_seed":false,"campfire_upgraded":2,"win_rate":0,"timestamp":1569409299,"path_taken":["M","?","?","?","?","E","?","E","T","R","E","$","?","?","R","BOSS"],"build_version":"2019-09-24","purchased_purges":1,"victory":false,"max_hp_per_floor":[61,61,61,61,66,66,66,66,66,66,66,66,66,66,66,66],"card_choices":[{"not_picked":["ClearTheMind","Sanctity"],"picked":"Protect","floor":1},{"not_picked":["Consecrate","Sanctity","InnerPeace"],"picked":"SKIP","floor":6},{"not_picked":["ClearTheMind","SashWhip","EmptyBody"],"picked":"SKIP","floor":8},{"not_picked":["Protect","Crescendo","Unraveling"],"picked":"SKIP","floor":11},{"not_picked":["Sanctity","EmptyBody","FlurryOfBlows"],"picked":"SKIP","floor":13}],"player_experience":1153181,"relics_obtained":[{"floor":6,"key":"Centennial Puzzle"},{"floor":7,"key":"Akabeko"},{"floor":8,"key":"Bronze Scales"},{"floor":9,"key":"Whetstone"},{"floor":11,"key":"Mummified Hand"}],"event_choices":[{"cards_removed":["Defend_P"],"damage_healed":0,"gold_gain":0,"player_choice":"Card Removal","damage_taken":7,"max_hp_gain":0,"max_hp_loss":0,"event_name":"Golden Wing","floor":2,"gold_loss":0},{"cards_removed":["Defend_P"],"damage_healed":0,"gold_gain":0,"player_choice":"Card Removal","damage_taken":0,"max_hp_gain":0,"max_hp_loss":0,"event_name":"The Cleric","floor":3,"gold_loss":75},{"damage_healed":0,"gold_gain":0,"player_choice":"Donut","damage_taken":0,"max_hp_gain":5,"max_hp_loss":0,"event_name":"Big Fish","floor":5,"gold_loss":0},{"damage_healed":0,"gold_gain":0,"player_choice":"Entered Light","damage_taken":20,"max_hp_gain":0,"max_hp_loss":0,"event_name":"Shining Light","floor":14,"gold_loss":0,"cards_upgraded":["Protect","Vigilance"]}],"is_beta":true,"boss_relics":[],"items_purged_floors":[12],"is_endless":false,"potions_floor_spawned":[6,8],"killed_by":"Hexaghost","ascension_level":23}