{"gold_per_floor":[116,132,132,146,157,189,116,128,166,178,205,167,179,191,203,312,324,349,361,373,785,814,371,397,414,438,438,438,468,495,519,519,614,614,634,634,634,856,871,886,886,886,939,939,954,237,251,281,281,281],"floor_reached":50,"playtime":5017,"items_purged":["Well Laid Plans+1","Strike_G"],"score":656,"play_id":"df797142-3127-4663-abd7-c46802c06e47","local_time":"20190426005851","is_ascension_mode":false,"campfire_choices":[{"floor":8.0,"key":"REST"},{"floor":15.0,"key":"REST"},{"floor":27,"key":"REST"},{"floor":32,"key":"REST"},{"floor":41,"key":"REST"},{"floor":44,"key":"REST"},{"floor":49,"key":"REST"}],"neow_cost":"NONE","seed_source_timestamp":0,"circlet_count":0,"master_deck":["Defend_G","Defend_G","Defend_G","Defend_G","Strike_G","Strike_G","Strike_G","Survivor+1","Neutralize","Quick Slash","Dagger Throw","Quick Slash","Slice+1","Escape Plan","Dagger Spray","After Image","Backstab","Quick Slash+1","Reflex","Quick Slash","Dodge and Roll","Deadly Poison","Blade Dance+1","Adrenaline","Underhanded Strike","Madness","Madness","Quick Slash","Acrobatics+1","Secret Weapon","Discovery","Panacea","Quick Slash","Expertise","Flash of Steel","Dagger Throw","Secret Weapon","Acrobatics","Outmaneuver+1","Sucker Punch+1"],"special_seed":0,"relics":["Fusion Hammer","Happy Flower","MawBank","Juzu Bracelet","Ninja Scroll","PreservedInsect","Runic Pyramid","Old Coin","Letter Opener","Ice Cream","Bag of Marbles","Regal Pillow","Enchiridion","Red Mask","Ancient Tea Set","Strawberry","Smiling Mask","Toolbox","Sundial"],"potions_floor_usage":[33,40,45,50,50,50],"damage_taken":[{"damage":0.0,"enemies":"2 Louse","floor":1.0,"turns":3.0},{"damage":1.0,"enemies":"Cultist","floor":2.0,"turns":3.0},{"damage":5.0,"enemies":"Jaw Worm","floor":4.0,"turns":3.0},{"damage":5.0,"enemies":"Exordium Wildlife","floor":5.0,"turns":4.0},{"damage":14.0,"enemies":"Lagavulin","floor":6.0,"turns":7.0},{"damage":0.0,"enemies":"Red Slaver","floor":11.0,"turns":3.0},{"damage":45.0,"enemies":"Slime Boss","floor":16.0,"turns":12.0},{"damage":0,"enemies":"Shell Parasite","floor":18,"turns":5},{"damage":3,"enemies":"Colosseum Slavers","floor":21,"turns":4},{"damage":3,"enemies":"Colosseum Nobs","floor":21,"turns":4},{"damage":0,"enemies":"3 Byrds","floor":22,"turns":5},{"damage":18,"enemies":"Gremlin Leader","floor":24,"turns":5},{"damage":0,"enemies":"3 Cultists","floor":25,"turns":4},{"damage":0,"enemies":"Masked Bandits","floor":29,"turns":2},{"damage":9,"enemies":"Slavers","floor":30,"turns":3},{"damage":34,"enemies":"Champ","floor":33,"turns":9},{"damage":7,"enemies":"3 Shapes","floor":35,"turns":3},{"damage":12,"enemies":"3 Darklings","floor":39,"turns":5},{"damage":1,"enemies":"4 Shapes","floor":40,"turns":5},{"damage":0,"enemies":"Transient","floor":45,"turns":5},{"damage":4,"enemies":"Writhing Mass","floor":47,"turns":5},{"damage":0,"enemies":"Giant Head","floor":48,"turns":6},{"damage":94,"enemies":"Time Eater","floor":50,"turns":10}],"seed_played":"-7505194175686962240","potions_obtained":[{"floor":1.0,"key":"PowerPotion"},{"floor":2.0,"key":"Block Potion"},{"floor":4.0,"key":"Strength Potion"},{"floor":11.0,"key":"Energy Potion"},{"floor":33,"key":"Poison Potion"},{"floor":35,"key":"Block Potion"},{"floor":47,"key":"Weak Potion"}],"is_trial":false,"path_per_floor":["M","M","?","M","M","E","?","R","T","?","M","?","T","?","R","B",null,"M","$","?","?","M","$","E","M","T","R","?","?","E","T","R","B",null,"M","?","?","?","M","M","R","?","T","R","M","$","M","E","R","B"],"character_chosen":"THE_SILENT","items_purchased":["Reflex","Ice Cream","Expertise","Flash of Steel","Toolbox","Dagger Throw","Secret Weapon","Acrobatics","AttackPotion"],"campfire_rested":7,"item_purchase_floors":[23,23,46,46,46,46,46,46,46],"current_hp_per_floor":[70,69,74,69,64,50,50,72,72,57,57,57,57,50,72,27,75,75,75,61,55,55,55,37,37,37,76,60,60,51,58,87,53,87,80,80,69,69,57,56,87,77,77,87,87,87,83,83,87,0],"gold":281,"neow_bonus":"BOSS_RELIC","is_prod":false,"is_daily":false,"chose_seed":false,"campfire_upgraded":0,"win_rate":0.0,"timestamp":1556258331,"path_taken":["M","M","?","M","M","E","?","R","T","?","M","?","?","?","R","BOSS","M","$","?","?","M","?","E","M","T","R","?","?","E","?","R","BOSS","M","?","?","?","M","M","R","?","T","R","M","$","M","E","R","BOSS"],"build_version":"2019-01-23","purchased_purges":2,"victory":false,"max_hp_per_floor":[70,70,75,75,75,75,75,75,75,75,75,75,75,75,75,75,75,75,75,80,80,80,80,80,80,80,80,80,80,80,87,87,87,87,87,87,87,87,87,87,87,87,87,87,87,87,87,87,87,87],"card_choices":[{"not_picked":["Reflex","Underhanded Strike"],"picked":"Quick Slash","floor":1.0},{"not_picked":["Skewer","Terror"],"picked":"Dagger Throw","floor":2.0},{"not_picked":["Dagger Throw","Choke"],"picked":"Quick Slash","floor":4.0},{"not_picked":["Quick Slash","Prepared"],"picked":"Slice","floor":5.0},{"not_picked":["Sucker Punch","Catalyst"],"picked":"Escape Plan","floor":6.0},{"not_picked":["Choke","Deadly Poison"],"picked":"Dagger Spray","floor":11.0},{"not_picked":["Burst","A Thousand Cuts"],"picked":"After Image","floor":16.0},{"not_picked":["Catalyst","Dodge and Roll"],"picked":"Well Laid Plans+1","floor":18},{"not_picked":["Blade Dance","Heel Hook"],"picked":"Backstab","floor":21},{"not_picked":["Tactician","Slice"],"picked":"Quick Slash+1","floor":22},{"not_picked":["Well Laid Plans","Backstab"],"picked":"Quick Slash","floor":24},{"not_picked":["Outmaneuver","Catalyst"],"picked":"Dodge and Roll","floor":25},{"not_picked":["Bane","Quick Slash"],"picked":"Deadly Poison","floor":29},{"not_picked":["Dodge and Roll","Night Terror"],"picked":"Blade Dance+1","floor":30},{"not_picked":["Burst","After Image"],"picked":"Adrenaline","floor":33},{"not_picked":["Blade Dance+1","Acrobatics+1"],"picked":"Underhanded Strike","floor":35},{"not_picked":["Poisoned Stab+1","Reflex+1"],"picked":"Quick Slash","floor":39},{"not_picked":["Dodge and Roll","Sucker Punch+1"],"picked":"Acrobatics+1","floor":40},{"not_picked":["Dramatic Entrance","The Bomb"],"picked":"Secret Weapon","floor":42},{"not_picked":["Enlightenment","Mind Blast"],"picked":"Discovery","floor":42},{"not_picked":["The Bomb","Swift Strike"],"picked":"Panacea","floor":42},{"not_picked":["Flying Knee+1","Deflect+1"],"picked":"Quick Slash","floor":45},{"not_picked":["Caltrops+1","Dagger Spray"],"picked":"Outmaneuver+1","floor":47},{"not_picked":["Heel Hook+1","Dash"],"picked":"Sucker Punch+1","floor":48}],"player_experience":62323,"relics_obtained":[{"floor":6.0,"key":"Happy Flower"},{"floor":9.0,"key":"Juzu Bracelet"},{"floor":13.0,"key":"Ninja Scroll"},{"floor":21,"key":"Old Coin"},{"floor":21,"key":"Letter Opener"},{"floor":24,"key":"Bag of Marbles"},{"floor":26,"key":"Regal Pillow"},{"floor":28,"key":"Enchiridion"},{"floor":29,"key":"Red Mask"},{"floor":30,"key":"Ancient Tea Set"},{"floor":31,"key":"Strawberry"},{"floor":43,"key":"Smiling Mask"},{"floor":48,"key":"Sundial"}],"event_choices":[{"damage_healed":0.0,"max_hp_gain":5.0,"max_hp_loss":0.0,"gold_gain":0.0,"event_name":"Big Fish","player_choice":"Donut","floor":3.0,"gold_loss":0.0,"damage_taken":0.0},{"damage_healed":0.0,"max_hp_gain":0.0,"max_hp_loss":0.0,"gold_gain":0.0,"event_name":"WeMeetAgain","player_choice":"Paid Gold","floor":7.0,"gold_loss":73.0,"damage_taken":0.0,"relics_obtained":["MawBank"]},{"damage_healed":0.0,"max_hp_gain":0.0,"max_hp_loss":0.0,"gold_gain":0.0,"event_name":"Shining Light","player_choice":"Entered Light","floor":10.0,"gold_loss":0.0,"damage_taken":15.0,"cards_upgraded":["Survivor","Slice"]},{"cards_removed":["Strike_G"],"damage_healed":0.0,"max_hp_gain":0.0,"max_hp_loss":0.0,"gold_gain":0.0,"event_name":"The Cleric","player_choice":"Card Removal","floor":12.0,"gold_loss":50.0,"damage_taken":0.0},{"damage_healed":0.0,"max_hp_gain":0.0,"max_hp_loss":0.0,"gold_gain":0.0,"event_name":"Scrap Ooze","player_choice":"Success","floor":14.0,"gold_loss":0.0,"damage_taken":7.0,"relics_obtained":["PreservedInsect"]},{"damage_healed":0,"gold_gain":0,"player_choice":"Shed Blood","damage_taken":19,"max_hp_gain":5,"max_hp_loss":0,"event_name":"Forgotten Altar","floor":20,"gold_loss":0},{"damage_healed":0,"gold_gain":0,"player_choice":"Fight","damage_taken":0,"max_hp_gain":0,"max_hp_loss":0,"event_name":"Colosseum","floor":21,"gold_loss":0},{"damage_healed":0,"gold_gain":0,"player_choice":"Fought Nobs","damage_taken":0,"max_hp_gain":0,"max_hp_loss":0,"event_name":"Colosseum","floor":21,"gold_loss":0},{"damage_healed":0,"gold_gain":0,"player_choice":"Obtained Book","damage_taken":16,"max_hp_gain":0,"max_hp_loss":0,"event_name":"Cursed Tome","floor":28,"gold_loss":0},{"damage_healed":0,"gold_gain":0,"player_choice":"Fought Bandits","damage_taken":0,"max_hp_gain":0,"max_hp_loss":0,"event_name":"Masked Bandits","floor":29,"gold_loss":0},{"cards_removed":["Defend_G"],"damage_healed":0,"gold_gain":0,"player_choice":"Removed Skill","damage_taken":0,"max_hp_gain":0,"max_hp_loss":0,"event_name":"Falling","floor":36,"gold_loss":0},{"damage_healed":0,"gold_gain":0,"player_choice":"Embrace Madness","damage_taken":11,"max_hp_gain":0,"max_hp_loss":0,"event_name":"Winding Halls","floor":37,"gold_loss":0,"cards_obtained":["Madness","Madness"]},{"damage_healed":0,"gold_gain":222,"player_choice":"Wore Mask","damage_taken":0,"max_hp_gain":0,"max_hp_loss":0,"event_name":"Tomb of Lord Red Mask","floor":38,"gold_loss":0},{"damage_healed":0,"gold_gain":0,"player_choice":"Memory 3","damage_taken":10,"max_hp_gain":0,"max_hp_loss":0,"event_name":"SensoryStone","floor":42,"gold_loss":0}],"is_beta":false,"boss_relics":[{"not_picked":["Runic Dome","Cursed Key"],"picked":"Runic Pyramid"},{"not_picked":["Busted Crown","Philosopher\u0027s Stone","Snecko Eye"]}],"items_purged_floors":[23,46],"is_endless":false,"potions_floor_spawned":[1,2,4,11,21,25,30,33,35,39,47,48],"killed_by":"Time Eater","ascension_level":0}