{"gold_per_floor":[117,135,135,155,170,245,245,271,271,271],"floor_reached":10,"playtime":671,"items_purged":[],"score":116,"play_id":"b8c33f1b-fed6-4ed3-ac74-a23ab12a7da6","local_time":"20190505180444","is_ascension_mode":true,"campfire_choices":[{"floor":7,"key":"REST"}],"neow_cost":"PERCENT_DAMAGE","seed_source_timestamp":1062455354718086,"circlet_count":0,"master_deck":["AscendersBane","Strike_B","Strike_B","Strike_B","Defend_B","Defend_B","Defend_B","Defend_B","Zap","Dualcast","Seek","Hologram","Leap","Sweeping Beam","Loop","Biased Cognition"],"relics":["Cracked Core","Sundial","Mummified Hand"],"potions_floor_usage":[8],"damage_taken":[{"damage":1,"enemies":"2 Louse","floor":1,"turns":2},{"damage":3,"enemies":"Cultist","floor":2,"turns":3},{"damage":0,"enemies":"Jaw Worm","floor":4,"turns":3},{"damage":11,"enemies":"3 Louse","floor":5,"turns":3},{"damage":35,"enemies":"Gremlin Nob","floor":8,"turns":5},{"damage":7,"enemies":"3 Sentries","floor":10,"turns":1}],"seed_played":"-3239570577334492936","potions_obtained":[{"floor":2,"key":"GamblersBrew"},{"floor":5,"key":"FearPotion"}],"is_trial":false,"path_per_floor":["M","M","?","M","M","?","R","E","T","?"],"character_chosen":"DEFECT","items_purchased":[],"campfire_rested":1,"item_purchase_floors":[],"current_hp_per_floor":[45,42,42,42,31,20,41,6,6,0],"gold":271,"neow_bonus":"THREE_RARE_CARDS","is_prod":false,"is_daily":false,"chose_seed":false,"campfire_upgraded":0,"win_rate":0,"timestamp":1557097484,"path_taken":["M","M","?","M","?","?","R","E","T","?"],"build_version":"2019-01-23","purchased_purges":0,"victory":false,"max_hp_per_floor":[71,71,71,71,71,71,71,71,71,71],"card_choices":[{"not_picked":["Creative AI","Machine Learning"],"picked":"Seek","floor":0},{"not_picked":["Turbo","Beam Cell"],"picked":"Hologram","floor":1},{"not_picked":["Double Energy","Ball Lightning"],"picked":"Leap","floor":2},{"not_picked":["Darkness","Hologram"],"picked":"Sweeping Beam","floor":4},{"not_picked":["Chaos","Hologram"],"picked":"Loop","floor":5},{"not_picked":["Blizzard","Rainbow"],"picked":"Biased Cognition","floor":8}],"player_experience":1184179,"relics_obtained":[{"floor":8,"key":"Sundial"},{"floor":9,"key":"Mummified Hand"}],"event_choices":[{"cards_removed":["Strike_B"],"damage_healed":0,"gold_gain":0,"player_choice":"Purged","damage_taken":0,"max_hp_gain":0,"max_hp_loss":0,"event_name":"Purifier","floor":3,"gold_loss":0},{"damage_healed":0,"gold_gain":75,"player_choice":"Gather Gold","damage_taken":11,"max_hp_gain":0,"max_hp_loss":0,"event_name":"World of Goop","floor":6,"gold_loss":0},{"damage_healed":0,"gold_gain":0,"player_choice":"Searched \u00271\u0027 times","damage_taken":0,"max_hp_gain":0,"max_hp_loss":0,"event_name":"Dead Adventurer","floor":10,"gold_loss":0}],"is_beta":false,"boss_relics":[],"items_purged_floors":[],"is_endless":false,"potions_floor_spawned":[2,5],"killed_by":"3 Sentries","ascension_level":14}