{"gold_per_floor":[369,369,228,70,90,121,143,143,197,10,35,35,35,47,47,119,169,187,213,233,233],"floor_reached":21,"playtime":2214,"items_purged":[],"score":333,"play_id":"04dd6772-612f-4552-9aba-df1764de87a0","local_time":"20190704154101","is_ascension_mode":true,"campfire_choices":[{"data":"Night Terror","floor":8,"key":"SMITH"},{"data":"Apotheosis","floor":13,"key":"SMITH"},{"floor":15,"key":"REST"}],"neow_cost":"TEN_PERCENT_HP_LOSS","seed_source_timestamp":928339542520117,"circlet_count":0,"master_deck":["AscendersBane","Strike_G+1","Strike_G","Strike_G+1","Strike_G","Strike_G+1","Defend_G","Defend_G","Defend_G","Defend_G","Defend_G","Survivor","Neutralize+1","Distraction","Footwork","Backflip","Night Terror+1","Noxious Fumes","Bane","Apotheosis+1","Backflip","Burst","Terror","Dodge and Roll"],"relics":["Ring of the Snake","Whetstone","Odd Mushroom","Orichalcum","Bag of Preparation","Tiny House","Red Mask"],"potions_floor_usage":[7,11,16,16,19,21],"damage_taken":[{"damage":1,"enemies":"Small Slimes","floor":1,"turns":5},{"damage":0,"enemies":"Cultist","floor":5,"turns":5},{"damage":2,"enemies":"Lagavulin","floor":6,"turns":11},{"damage":2,"enemies":"The Mushroom Lair","floor":7,"turns":3},{"damage":12,"enemies":"3 Sentries","floor":11,"turns":6},{"damage":0,"enemies":"Jaw Worm","floor":14,"turns":4},{"damage":5,"enemies":"Hexaghost","floor":16,"turns":8},{"damage":5,"enemies":"Spheric Guardian","floor":18,"turns":8},{"damage":3,"enemies":"Masked Bandits","floor":19,"turns":2},{"damage":8,"enemies":"Shell Parasite","floor":20,"turns":8},{"damage":61,"enemies":"3 Cultists","floor":21,"turns":8}],"seed_played":"-6067416659825488439","potions_obtained":[{"floor":5,"key":"Block Potion"},{"floor":6,"key":"Dexterity Potion"},{"floor":11,"key":"Ancient Potion"},{"floor":14,"key":"AttackPotion"},{"floor":17,"key":"SkillPotion"},{"floor":20,"key":"SpeedPotion"}],"is_trial":false,"path_per_floor":["M","?","$","$","M","E","?","R","T","$","E","$","R","M","R","B",null,"M","?","M","M"],"character_chosen":"THE_SILENT","items_purchased":["Footwork","Backflip","Night Terror","Noxious Fumes","Apotheosis"],"campfire_rested":1,"item_purchase_floors":[3,3,4,4,10],"current_hp_per_floor":[58,58,58,58,58,56,54,54,54,54,42,42,42,42,60,55,64,59,56,48,0],"gold":233,"neow_bonus":"TWO_FIFTY_GOLD","is_prod":false,"is_daily":false,"chose_seed":false,"campfire_upgraded":2,"win_rate":0,"timestamp":1562272861,"path_taken":["M","?","?","$","?","E","?","R","T","$","E","$","R","M","R","BOSS","M","?","M","M"],"build_version":"2019-07-01","purchased_purges":0,"victory":false,"max_hp_per_floor":[60,60,60,60,60,60,60,60,60,60,60,60,60,60,60,60,65,65,65,65,65],"card_choices":[{"not_picked":["Flying Knee","PiercingWail"],"picked":"Distraction","floor":1},{"not_picked":["Quick Slash","Underhanded Strike","Accuracy"],"picked":"SKIP","floor":5},{"not_picked":["Expertise","Sucker Punch"],"picked":"Bane","floor":6},{"not_picked":["Bullet Time","Tactician"],"picked":"Backflip","floor":11},{"not_picked":["Eviscerate","Flying Knee","Deflect"],"picked":"SKIP","floor":14},{"not_picked":["A Thousand Cuts","Wraith Form v2"],"picked":"Burst","floor":16},{"not_picked":["Backstab","Endless Agony"],"picked":"Terror","floor":17},{"not_picked":["Sucker Punch","Quick Slash+1","Cloak And Dagger"],"picked":"SKIP","floor":18},{"not_picked":["Expertise","Sucker Punch"],"picked":"Dodge and Roll","floor":20}],"player_experience":1479324,"relics_obtained":[{"floor":6,"key":"Whetstone"},{"floor":7,"key":"Odd Mushroom"},{"floor":9,"key":"Orichalcum"},{"floor":11,"key":"Bag of Preparation"},{"floor":19,"key":"Red Mask"}],"event_choices":[{"damage_healed":0,"gold_gain":0,"player_choice":"Upgraded","damage_taken":0,"max_hp_gain":0,"max_hp_loss":0,"event_name":"Upgrade Shrine","floor":2,"gold_loss":0,"cards_upgraded":["Neutralize"]},{"damage_healed":0,"gold_gain":0,"player_choice":"Fought Mushrooms","damage_taken":0,"max_hp_gain":0,"max_hp_loss":0,"event_name":"Mushrooms","floor":7,"gold_loss":0},{"damage_healed":0,"gold_gain":0,"player_choice":"Fought Bandits","damage_taken":0,"max_hp_gain":0,"max_hp_loss":0,"event_name":"Masked Bandits","floor":19,"gold_loss":0}],"is_beta":false,"boss_relics":[{"not_picked":["Astrolabe","Ectoplasm"],"picked":"Tiny House"}],"items_purged_floors":[],"is_endless":false,"potions_floor_spawned":[5,6,11,14,20],"killed_by":"3 Cultists","ascension_level":16}