{"gold_per_floor":[119,131,306,320,9,9,37,55,82,82,3,3,3,30,30,128,128,140,159,12,25,37,37,56,69,69,19,30,30,47,47,47,47],"floor_reached":33,"playtime":2486,"items_purged":["Doubt"],"score":285,"play_id":"3ca5d9f0-6a90-4c81-a8d0-151801879c28","local_time":"20190927175533","is_ascension_mode":true,"campfire_choices":[{"floor":6.0,"key":"REST"},{"floor":15.0,"key":"REST"},{"data":"Genetic Algorithm","floor":23.0,"key":"SMITH"},{"data":"White Noise","floor":29,"key":"SMITH"},{"floor":32,"key":"REST"}],"neow_cost":"PERCENT_DAMAGE","seed_source_timestamp":0,"circlet_count":0,"master_deck":["Strike_B","Strike_B","Strike_B+1","Defend_B","Defend_B","Defend_B","Zap","Dualcast","Genetic Algorithm","Recycle","Sweeping Beam+1","Conserve Battery","Cold Snap","Master of Strategy","Genetic Algorithm+1","Darkness","Fusion+1","Loop","White Noise+1","Echo Form","Melter","Undo","Beam Cell+1","Conserve Battery","Cold Snap+1","Barrage","Conserve Battery"],"special_seed":0,"relics":["Cracked Core","Potion Belt","Whetstone","Mercury Hourglass","PreservedInsect","Nuclear Battery","Runic Capacitor","Meat on the Bone"],"potions_floor_usage":[30],"damage_taken":[{"damage":0.0,"enemies":"Cultist","floor":1.0,"turns":3.0},{"damage":6.0,"enemies":"2 Louse","floor":2.0,"turns":3.0},{"damage":0.0,"enemies":"Jaw Worm","floor":4.0,"turns":3.0},{"damage":15.0,"enemies":"3 Sentries","floor":7.0,"turns":8.0},{"damage":9.0,"enemies":"Exordium Wildlife","floor":8.0,"turns":4.0},{"damage":13.0,"enemies":"Lagavulin","floor":14.0,"turns":5.0},{"damage":16.0,"enemies":"Hexaghost","floor":16.0,"turns":10.0},{"damage":25.0,"enemies":"2 Thieves","floor":18.0,"turns":5.0},{"damage":13.0,"enemies":"3 Byrds","floor":19.0,"turns":4.0},{"damage":1.0,"enemies":"3 Cultists","floor":21.0,"turns":4.0},{"damage":0.0,"enemies":"Chosen and Byrds","floor":22.0,"turns":4.0},{"damage":16.0,"enemies":"Snake Plant","floor":24.0,"turns":4.0},{"damage":14.0,"enemies":"Centurion and Healer","floor":25.0,"turns":5.0},{"damage":12.0,"enemies":"3 Cultists","floor":28.0,"turns":6.0},{"damage":25,"enemies":"Snake Plant","floor":30,"turns":4},{"damage":44,"enemies":"Collector","floor":33,"turns":7}],"seed_played":"-8906396954915020146","potions_obtained":[{"floor":4.0,"key":"PowerPotion"},{"floor":8.0,"key":"Fire Potion"},{"floor":16.0,"key":"SpeedPotion"},{"floor":18.0,"key":"FairyPotion"},{"floor":19.0,"key":"Block Potion"},{"floor":21.0,"key":"Fire Potion"},{"floor":22.0,"key":"FocusPotion"}],"is_trial":false,"path_per_floor":["M","M","?","M","$","R","E","M","T","T","$","$","?","E","R","B",null,"M","M","$","M","M","R","M","M","T","?","M","R","M","$","R","B"],"character_chosen":"DEFECT","items_purchased":["Master of Strategy","Genetic Algorithm","Loop","Runic Capacitor"],"campfire_rested":3,"item_purchase_floors":[5,5,11,20],"current_hp_per_floor":[54,48,48,48,48,70,55,46,46,46,46,46,46,33,55,39,75,50,37,37,36,36,36,20,6,6,6,34,34,21,21,43,0],"gold":47,"neow_bonus":"TRANSFORM_TWO_CARDS","is_prod":false,"is_daily":false,"chose_seed":false,"campfire_upgraded":2,"win_rate":0,"timestamp":1569624933,"path_taken":["M","?","?","M","$","R","E","M","T","?","?","$","?","E","R","BOSS","M","?","$","M","M","R","M","?","T","?","M","R","M","?","R","BOSS"],"build_version":"2019-09-27","purchased_purges":1,"victory":false,"max_hp_per_floor":[75,75,75,75,75,75,75,75,75,75,75,75,75,75,75,75,75,75,75,75,75,75,75,75,75,75,75,75,75,75,75,75,75],"card_choices":[{"not_picked":["Stack","Beam Cell"],"picked":"Sweeping Beam","floor":1.0},{"not_picked":["BootSequence","Coolheaded"],"picked":"Conserve Battery","floor":2.0},{"not_picked":["Chill","Streamline"],"picked":"Cold Snap","floor":4.0},{"not_picked":["Steam Power","Sweeping Beam"],"picked":"Darkness","floor":7.0},{"not_picked":["Steam","Turbo"],"picked":"Fusion","floor":8.0},{"not_picked":["Cold Snap","Chaos"],"picked":"White Noise","floor":14.0},{"not_picked":["Biased Cognition","Amplify"],"picked":"Echo Form","floor":16.0},{"not_picked":["Streamline","Chill"],"picked":"Melter","floor":18.0},{"not_picked":["Steam","Rip and Tear"],"picked":"Undo","floor":19.0},{"not_picked":["Heatsinks","Coolheaded"],"picked":"Beam Cell+1","floor":21.0},{"not_picked":["Hello World+1","Stack"],"picked":"Conserve Battery","floor":22.0},{"not_picked":["Thunder Strike","Stack","Go for the Eyes"],"picked":"SKIP","floor":24.0},{"not_picked":["Melter","Recycle"],"picked":"Cold Snap+1","floor":25.0},{"not_picked":["Rebound","Chaos+1"],"picked":"Barrage","floor":28},{"not_picked":["Sweeping Beam","Rebound"],"picked":"Conserve Battery","floor":30}],"player_experience":232967,"relics_obtained":[{"floor":7.0,"key":"Potion Belt"},{"floor":9.0,"key":"Whetstone"},{"floor":10.0,"key":"Mercury Hourglass"},{"floor":14.0,"key":"PreservedInsect"},{"floor":26.0,"key":"Meat on the Bone"}],"event_choices":[{"damage_healed":0.0,"max_hp_gain":0.0,"max_hp_loss":0.0,"gold_gain":175.0,"event_name":"Liars Game","player_choice":"AGREE","floor":3.0,"gold_loss":0.0,"damage_taken":0.0,"cards_obtained":["Doubt"]},{"damage_healed":0.0,"max_hp_gain":0.0,"max_hp_loss":0.0,"gold_gain":0.0,"event_name":"Accursed Blacksmith","player_choice":"Forge","floor":13.0,"gold_loss":0.0,"damage_taken":0.0,"cards_upgraded":["Fusion"]},{"damage_healed":0.0,"max_hp_gain":0.0,"max_hp_loss":0.0,"gold_gain":0.0,"event_name":"The Joust","player_choice":"Bet on Murderer","floor":27.0,"gold_loss":50.0,"damage_taken":0.0}],"is_beta":true,"boss_relics":[{"not_picked":["Cursed Key","Snecko Eye"],"picked":"Nuclear Battery"}],"items_purged_floors":[5],"is_endless":false,"potions_floor_spawned":[4,8,16,18,19,21,22],"killed_by":"Collector","ascension_level":2}