{"gold_per_floor":[115,115,129,8,19,19,52,52,52,71,85,85,101,116,116,214,214,227,227,245,275,285,37,52,52,52,3,20,20,37,57,57,157,157,175,275,275,295,305,305,320,339,365,365,375,452,470,485,485,485],"floor_reached":51,"playtime":4388,"items_purged":["Regret"],"score":734,"play_id":"7cc3f527-5edc-4f05-91c0-2a10042cba3e","local_time":"20190924050010","is_ascension_mode":false,"campfire_choices":[{"data":"Melter","floor":6,"key":"SMITH"},{"data":"Rebound","floor":12,"key":"SMITH"},{"data":"Zap","floor":15,"key":"SMITH"},{"data":"Heatsinks","floor":25,"key":"SMITH"},{"data":"Loop","floor":29,"key":"SMITH"},{"data":"Dualcast","floor":32,"key":"SMITH"},{"data":"Creative AI","floor":40,"key":"SMITH"},{"data":"Meteor Strike","floor":44,"key":"SMITH"},{"data":"Capacitor","floor":49,"key":"SMITH"}],"neow_cost":"NONE","seed_source_timestamp":997538279338300,"circlet_count":0,"master_deck":["Strike_B","Strike_B","Strike_B","Defend_B","Defend_B","Defend_B","Defend_B","Zap+1","Dualcast+1","Melter+1","Rebound+1","Skim+1","Leap+1","Conserve Battery+1","Tempest+1","Cold Snap","Redo+1","White Noise+1","Force Field+1","Seek+1","Loop+1","Stack+1","Auto Shields+1","Heatsinks+1","Melter+1","Go for the Eyes+1","Conserve Battery+1","Creative AI+1","Leap+1","Capacitor+1","BootSequence+1","Meteor Strike+1","BootSequence+1"],"relics":["Cracked Core","Toxic Egg 2","Unceasing Top","Gremlin Horn","Nuclear Battery","Tiny Chest","Bottled Lightning","Calipers","Calling Bell","Blood Vial","Kunai","Bird Faced Urn","Nunchaku","Bronze Scales","Shuriken"],"potions_floor_usage":[14,22,22,24,33,41,50,50],"damage_taken":[{"damage":1,"enemies":"Cultist","floor":1,"turns":3},{"damage":9,"enemies":"Small Slimes","floor":3,"turns":2},{"damage":1,"enemies":"2 Louse","floor":5,"turns":3},{"damage":0,"enemies":"Lagavulin","floor":7,"turns":6},{"damage":1,"enemies":"Exordium Wildlife","floor":10,"turns":4},{"damage":0,"enemies":"Blue Slaver","floor":11,"turns":3},{"damage":0,"enemies":"2 Fungi Beasts","floor":13,"turns":2},{"damage":0,"enemies":"Red Slaver","floor":14,"turns":2},{"damage":0,"enemies":"Slime Boss","floor":16,"turns":7},{"damage":0,"enemies":"3 Byrds","floor":18,"turns":3},{"damage":2,"enemies":"Shell Parasite","floor":20,"turns":3},{"damage":0,"enemies":"Centurion and Healer","floor":22,"turns":3},{"damage":3,"enemies":"Snecko","floor":24,"turns":4},{"damage":0,"enemies":"Snake Plant","floor":28,"turns":3},{"damage":0,"enemies":"Shelled Parasite and Fungi","floor":30,"turns":3},{"damage":0,"enemies":"Chosen and Byrds","floor":31,"turns":5},{"damage":0,"enemies":"Automaton","floor":33,"turns":9},{"damage":24,"enemies":"Orb Walker","floor":35,"turns":3},{"damage":12,"enemies":"Mind Bloom Boss Battle","floor":36,"turns":7},{"damage":14,"enemies":"3 Darklings","floor":38,"turns":5},{"damage":0,"enemies":"Maw","floor":39,"turns":6},{"damage":4,"enemies":"Spire Growth","floor":41,"turns":4},{"damage":0,"enemies":"Transient","floor":42,"turns":5},{"damage":0,"enemies":"Writhing Mass","floor":45,"turns":7},{"damage":6,"enemies":"Spire Growth","floor":47,"turns":5},{"damage":6,"enemies":"3 Darklings","floor":48,"turns":4},{"damage":81,"enemies":"Awakened One","floor":50,"turns":14}],"seed_played":"-4927017034648800240","potions_obtained":[{"floor":3,"key":"EssenceOfSteel"},{"floor":7,"key":"FocusPotion"},{"floor":8,"key":"Fire Potion"},{"floor":10,"key":"Block Potion"},{"floor":18,"key":"Energy Potion"},{"floor":28,"key":"SpeedPotion"},{"floor":30,"key":"SpeedPotion"},{"floor":33,"key":"Dexterity Potion"},{"floor":39,"key":"AttackPotion"},{"floor":41,"key":"LiquidBronze"},{"floor":42,"key":"FairyPotion"}],"is_trial":false,"path_per_floor":["M","?","M","$","M","R","E","?","T","M","M","R","M","M","R","B",null,"M","?","M","?","M","$","M","R","T","$","M","R","M","M","R","B",null,"M","?","?","M","M","R","M","M","T","R","M","T","M","M","R","B",null],"character_chosen":"DEFECT","items_purchased":["Leap+1","Bottled Lightning","AttackPotion"],"campfire_rested":0,"item_purchase_floors":[4,23,27],"current_hp_per_floor":[74,74,65,65,64,64,64,64,64,63,63,63,63,63,63,63,75,75,75,73,73,73,73,70,70,70,70,70,70,70,70,70,70,75,59,69,69,67,75,75,75,75,75,75,75,75,73,75,75,16],"gold":485,"neow_bonus":"THREE_CARDS","is_prod":false,"is_daily":false,"chose_seed":false,"campfire_upgraded":9,"win_rate":0,"timestamp":1569315610,"path_taken":["M","?","M","$","M","R","E","?","T","M","M","R","M","?","R","BOSS","M","?","M","?","M","?","M","R","T","?","M","R","M","M","R","BOSS","M","?","?","M","?","R","M","M","T","R","M","?","M","M","R","BOSS"],"build_version":"2019-07-17","purchased_purges":1,"victory":true,"max_hp_per_floor":[75,75,75,75,75,75,75,75,75,75,75,75,75,75,75,75,75,75,75,75,75,75,75,75,75,75,75,75,75,75,75,75,75,75,75,75,75,75,75,75,75,75,75,75,75,75,75,75,75,75],"card_choices":[{"not_picked":["Stack","Compile Driver"],"picked":"Melter","floor":0},{"not_picked":["Compile Driver","Go for the Eyes"],"picked":"Rebound","floor":1},{"not_picked":["Sweeping Beam","BootSequence+1"],"picked":"Skim+1","floor":3},{"not_picked":["Turbo+1","Hologram+1"],"picked":"Conserve Battery+1","floor":5},{"not_picked":["Darkness+1","Ball Lightning"],"picked":"Tempest+1","floor":7},{"not_picked":["Ball Lightning","Consume+1"],"picked":"Cold Snap","floor":10},{"not_picked":["Stack+1","Ball Lightning"],"picked":"Redo+1","floor":11},{"not_picked":["Streamline","Leap+1"],"picked":"White Noise+1","floor":13},{"not_picked":["Go for the Eyes","Conserve Battery+1"],"picked":"Force Field+1","floor":14},{"not_picked":["Echo Form","Multi-Cast+1"],"picked":"Seek+1","floor":16},{"not_picked":["Beam Cell","Double Energy+1"],"picked":"Loop","floor":18},{"not_picked":["BootSequence+1","Melter"],"picked":"Stack+1","floor":20},{"not_picked":["Leap+1","Gash"],"picked":"Auto Shields+1","floor":22},{"not_picked":["Barrage","Redo+1"],"picked":"Heatsinks","floor":24},{"not_picked":["Rebound","Cold Snap+1"],"picked":"Melter+1","floor":28},{"not_picked":["Leap+1","Barrage+1"],"picked":"Go for the Eyes+1","floor":30},{"not_picked":["Go for the Eyes","Stack+1"],"picked":"Conserve Battery+1","floor":31},{"not_picked":["All For One","Seek+1"],"picked":"Creative AI","floor":33},{"not_picked":["Barrage+1","Coolheaded+1"],"picked":"Leap+1","floor":35},{"not_picked":["Rebound+1","Steam+1"],"picked":"Capacitor","floor":36},{"not_picked":["Sunder","Sweeping Beam"],"picked":"BootSequence+1","floor":38},{"not_picked":["Compile Driver+1","Sweeping Beam+1","Go for the Eyes"],"picked":"SKIP","floor":39},{"not_picked":["Gash","Recycle+1"],"picked":"Meteor Strike","floor":41},{"not_picked":["Steam+1","Go for the Eyes"],"picked":"BootSequence+1","floor":42},{"not_picked":["Aggregate+1","Coolheaded+1","Cold Snap"],"picked":"SKIP","floor":45},{"not_picked":["Darkness+1","Coolheaded+1","Compile Driver+1"],"picked":"SKIP","floor":47},{"not_picked":["Barrage","Leap+1","Melter+1"],"picked":"SKIP","floor":48}],"player_experience":63413,"relics_obtained":[{"floor":7,"key":"Unceasing Top"},{"floor":9,"key":"Gremlin Horn"},{"floor":26,"key":"Calipers"},{"floor":34,"key":"Blood Vial"},{"floor":34,"key":"Kunai"},{"floor":34,"key":"Bird Faced Urn"},{"floor":36,"key":"Nunchaku"},{"floor":43,"key":"Bronze Scales"},{"floor":46,"key":"Shuriken"}],"event_choices":[{"damage_healed":0,"gold_gain":0,"player_choice":"Box","damage_taken":0,"relics_obtained":["Toxic Egg 2"],"max_hp_gain":0,"max_hp_loss":0,"event_name":"Big Fish","floor":2,"gold_loss":0,"cards_obtained":["Regret"]},{"damage_healed":0,"gold_gain":0,"player_choice":"Got Potions","damage_taken":0,"max_hp_gain":0,"max_hp_loss":0,"event_name":"Lab","floor":8,"gold_loss":0},{"cards_removed":["Strike_B"],"damage_healed":0,"gold_gain":0,"player_choice":"Elegance","damage_taken":0,"max_hp_gain":0,"max_hp_loss":0,"event_name":"Back to Basics","floor":19,"gold_loss":0},{"damage_healed":0,"gold_gain":0,"player_choice":"Opened","damage_taken":0,"relics_obtained":["Tiny Chest"],"max_hp_gain":0,"max_hp_loss":0,"event_name":"The Mausoleum","floor":21,"gold_loss":0,"cards_obtained":["Writhe"]},{"damage_healed":0,"gold_gain":0,"player_choice":"Fight","damage_taken":0,"max_hp_gain":0,"max_hp_loss":0,"event_name":"MindBloom","floor":36,"gold_loss":0},{"cards_removed":["Decay","Pain","Shame","Writhe"],"damage_healed":0,"gold_gain":0,"player_choice":"Removed Curses","damage_taken":0,"max_hp_gain":0,"max_hp_loss":0,"event_name":"Fountain of Cleansing","floor":37,"gold_loss":0}],"is_beta":false,"boss_relics":[{"not_picked":["Tiny House","Velvet Choker"],"picked":"Nuclear Battery"},{"not_picked":["Eternal Feather","Runic Dome"],"picked":"Calling Bell"}],"items_purged_floors":[4],"is_endless":false,"potions_floor_spawned":[3,7,10,11,18,28,30,33,39,41,42],"ascension_level":0}