{"gold_per_floor":[116,116,134,134,134,175,191,6,6,47,24,24,42,65,65,196,196,151,8,8,8,8,8,8,8,8,8,8,8,8,8,8,8,8,8,0,0,0,0,0,0,0,0,0,0],"floor_reached":45,"playtime":2131,"items_purged":["Injury"],"score":573,"play_id":"5e42f60b-e033-4563-8618-3b72d8c3079e","local_time":"20190927110934","is_ascension_mode":true,"campfire_choices":[{"floor":12,"key":"REST"},{"data":"Whirlwind","floor":15,"key":"SMITH"},{"floor":23,"key":"REST"},{"floor":25,"key":"REST"},{"floor":32,"key":"REST"},{"floor":40,"key":"REST"},{"floor":44,"key":"REST"}],"neow_cost":"NONE","seed_source_timestamp":1281173939609000,"circlet_count":0,"master_deck":["Strike_R","Strike_R","Defend_R","Defend_R","Defend_R","Defend_R","Bash","Thunderclap","Sentinel","Bloodletting","Whirlwind+1","Bandage Up","Rupture","Headbutt","Battle Trance","Demon Form","Flame Barrier","Ghostly Armor+1","Carnage","Whirlwind+1","Feed","Inflame","Hemokinesis","Disarm","Immolate","Seeing Red+1","Thunderclap+1","Juggernaut+1","Blood for Blood+1","Heavy Blade+1","Good Instincts"],"relics":["Burning Blood","Bronze Scales","Singing Bowl","Bloody Idol","Potion Belt","Juzu Bracelet","Darkstone Periapt","Ectoplasm","Happy Flower","Centennial Puzzle","Gambling Chip","Shuriken","Astrolabe","Red Mask","Letter Opener"],"potions_floor_usage":[16,16,16,18,30,31,31,33,33,39],"damage_taken":[{"damage":1,"enemies":"Jaw Worm","floor":1,"turns":5},{"damage":6,"enemies":"Small Slimes","floor":3,"turns":4},{"damage":29,"enemies":"Gremlin Nob","floor":6,"turns":4},{"damage":1,"enemies":"2 Louse","floor":7,"turns":3},{"damage":38,"enemies":"3 Sentries","floor":10,"turns":6},{"damage":0,"enemies":"Lots of Slimes","floor":13,"turns":1},{"damage":17,"enemies":"Red Slaver","floor":14,"turns":3},{"damage":70,"enemies":"Hexaghost","floor":16,"turns":10},{"damage":26,"enemies":"2 Thieves","floor":18,"turns":4},{"damage":14,"enemies":"Spheric Guardian","floor":20,"turns":3},{"damage":9,"enemies":"Snecko","floor":22,"turns":5},{"damage":23,"enemies":"Cultist and Chosen","floor":24,"turns":5},{"damage":0,"enemies":"Sentry and Sphere","floor":28,"turns":3},{"damage":41,"enemies":"Gremlin Leader","floor":30,"turns":6},{"damage":17,"enemies":"Colosseum Slavers","floor":31,"turns":2},{"damage":36,"enemies":"Colosseum Nobs","floor":31,"turns":4},{"damage":55,"enemies":"Champ","floor":33,"turns":8},{"damage":14,"enemies":"Orb Walker","floor":35,"turns":3},{"damage":46,"enemies":"3 Darklings","floor":37,"turns":3},{"damage":23,"enemies":"Maw","floor":39,"turns":6},{"damage":78,"enemies":"Reptomancer","floor":45,"turns":4}],"seed_played":"6521785600962212444","potions_obtained":[{"floor":3,"key":"BloodPotion"},{"floor":7,"key":"GamblersBrew"},{"floor":14,"key":"EssenceOfSteel"},{"floor":16,"key":"Explosive Potion"},{"floor":22,"key":"Dexterity Potion"},{"floor":28,"key":"GamblersBrew"},{"floor":29,"key":"Explosive Potion"},{"floor":29,"key":"FairyPotion"},{"floor":29,"key":"SkillPotion"},{"floor":31,"key":"Strength Potion"},{"floor":37,"key":"AttackPotion"}],"is_trial":false,"path_per_floor":["M","?","M","?","?","E","M","$","T","E","$","R","M","M","R","B",null,"M","$","M","?","M","R","M","R","T","?","M","?","E","?","R","B",null,"M","?","M","?","M","R","$","?","T","R","E"],"character_chosen":"IRONCLAD","items_purchased":["Bandage Up","Flex","Headbutt","Happy Flower"],"campfire_rested":6,"item_purchase_floors":[8,8,11,19],"current_hp_per_floor":[77,70,70,70,70,47,52,52,52,24,24,48,56,49,49,9,64,48,48,40,40,37,61,48,72,72,72,78,78,47,17,42,11,67,63,63,23,23,12,38,38,38,38,64,0],"gold":0,"neow_bonus":"RANDOM_COMMON_RELIC","is_prod":false,"is_daily":false,"chose_seed":false,"campfire_upgraded":1,"win_rate":0,"timestamp":1569596974,"path_taken":["M","?","M","?","?","E","?","?","T","E","$","R","M","M","R","BOSS","M","$","M","?","M","R","M","R","T","?","M","?","E","?","R","BOSS","M","?","M","?","M","R","?","?","T","R","E"],"build_version":"2019-07-17","purchased_purges":1,"victory":false,"max_hp_per_floor":[80,80,80,80,80,80,80,80,80,80,80,80,82,82,82,82,82,82,82,82,82,82,82,82,82,82,82,82,82,82,85,85,85,85,85,85,85,85,87,87,87,87,87,87,87],"card_choices":[{"not_picked":["Twin Strike","Perfected Strike"],"picked":"Thunderclap","floor":1},{"not_picked":["Perfected Strike","Clash"],"picked":"Sentinel","floor":3},{"not_picked":["Corruption","Shockwave"],"picked":"Bloodletting","floor":6},{"not_picked":["Anger","Entrench"],"picked":"Whirlwind","floor":7},{"not_picked":["Blood for Blood","Cleave"],"picked":"Rupture","floor":10},{"not_picked":["Sword Boomerang","Thunderclap","Body Slam"],"picked":"Singing Bowl","floor":13},{"not_picked":["Clash","Twin Strike"],"picked":"Battle Trance","floor":14},{"not_picked":["Fiend Fire","Bludgeon"],"picked":"Demon Form","floor":16},{"not_picked":["Dual Wield","Body Slam"],"picked":"Flame Barrier","floor":18},{"not_picked":["Battle Trance","Warcry"],"picked":"Ghostly Armor+1","floor":20},{"not_picked":["Shrug It Off","Second Wind"],"picked":"Carnage","floor":22},{"not_picked":["Clothesline","Sword Boomerang"],"picked":"Whirlwind+1","floor":24},{"not_picked":["Warcry","Twin Strike"],"picked":"Inflame","floor":28},{"not_picked":["Anger","Pommel Strike"],"picked":"Hemokinesis","floor":30},{"not_picked":["Thunderclap","Fire Breathing"],"picked":"Disarm","floor":31},{"not_picked":["Offering","Fiend Fire"],"picked":"Immolate","floor":33},{"not_picked":["Disarm","Anger"],"picked":"Blood for Blood+1","floor":35},{"not_picked":["Feel No Pain","Armaments+1"],"picked":"Heavy Blade+1","floor":37},{"not_picked":["Metallicize","Armaments+1","Sword Boomerang"],"picked":"Singing Bowl","floor":39},{"not_picked":["Trip","Dramatic Entrance"],"picked":"Good Instincts","floor":42}],"player_experience":125705,"relics_obtained":[{"floor":6,"key":"Potion Belt"},{"floor":9,"key":"Juzu Bracelet"},{"floor":10,"key":"Darkstone Periapt"},{"floor":30,"key":"Centennial Puzzle"},{"floor":31,"key":"Gambling Chip"},{"floor":31,"key":"Shuriken"},{"floor":43,"key":"Letter Opener"}],"event_choices":[{"damage_healed":0,"gold_gain":0,"player_choice":"Success","damage_taken":7,"relics_obtained":["Singing Bowl"],"max_hp_gain":0,"max_hp_loss":0,"event_name":"Scrap Ooze","floor":2,"gold_loss":0},{"damage_healed":0,"gold_gain":0,"player_choice":"Take Wound","damage_taken":0,"relics_obtained":["Golden Idol"],"max_hp_gain":0,"max_hp_loss":0,"event_name":"Golden Idol","floor":4,"gold_loss":0,"cards_obtained":["Injury"]},{"damage_healed":0,"gold_gain":0,"player_choice":"0 cards matched","damage_taken":0,"max_hp_gain":0,"max_hp_loss":0,"event_name":"Match and Keep!","floor":5,"gold_loss":0,"cards_obtained":[]},{"damage_healed":0,"gold_gain":0,"player_choice":"Gave Idol","damage_taken":0,"relics_obtained":["Bloody Idol"],"max_hp_gain":0,"max_hp_loss":0,"event_name":"Forgotten Altar","floor":21,"relics_lost":["Golden Idol"],"gold_loss":0},{"damage_healed":0,"gold_gain":0,"player_choice":"Read","damage_taken":0,"max_hp_gain":0,"max_hp_loss":0,"event_name":"The Library","floor":27,"gold_loss":0,"cards_obtained":["Feed"]},{"damage_healed":0,"gold_gain":0,"player_choice":"Got Potions","damage_taken":0,"max_hp_gain":0,"max_hp_loss":0,"event_name":"Lab","floor":29,"gold_loss":0},{"damage_healed":0,"gold_gain":0,"player_choice":"Fight","damage_taken":0,"max_hp_gain":0,"max_hp_loss":0,"event_name":"Colosseum","floor":31,"gold_loss":0},{"damage_healed":0,"gold_gain":0,"player_choice":"Fought Nobs","damage_taken":0,"max_hp_gain":0,"max_hp_loss":0,"event_name":"Colosseum","floor":31,"gold_loss":0},{"damage_healed":0,"gold_gain":0,"player_choice":"Paid","damage_taken":0,"relics_obtained":["Red Mask"],"max_hp_gain":0,"max_hp_loss":0,"event_name":"Tomb of Lord Red Mask","floor":36,"gold_loss":8},{"cards_removed":["Flex"],"damage_healed":0,"gold_gain":0,"player_choice":"Removed Skill","damage_taken":0,"max_hp_gain":0,"max_hp_loss":0,"event_name":"Falling","floor":38,"gold_loss":0},{"damage_healed":0,"gold_gain":0,"player_choice":"Memory 1","damage_taken":0,"max_hp_gain":0,"max_hp_loss":0,"event_name":"SensoryStone","floor":42,"gold_loss":0}],"is_beta":false,"boss_relics":[{"not_picked":["Velvet Choker","Sozu"],"picked":"Ectoplasm"},{"not_picked":["Orrery","Runic Pyramid"],"picked":"Astrolabe"}],"items_purged_floors":[8],"is_endless":false,"potions_floor_spawned":[3,7,14,16,22,28,31,31,37],"killed_by":"Reptomancer","ascension_level":6}