{"gold_per_floor":[117,117,130,130,130,130,157,157,157,175,175,201,86,86,86,182,182,195,211,225,125,145,145,157,157],"floor_reached":25,"playtime":2497,"items_purged":["Defend_G","Strike_G"],"score":320,"play_id":"b88b0115-5c26-471a-9e35-f554c3040e60","local_time":"20181224101340","is_ascension_mode":true,"campfire_choices":[{"data":"Neutralize","floor":6,"key":"SMITH"},{"floor":8,"key":"REST"},{"floor":11,"key":"REST"},{"data":"Envenom","floor":15,"key":"SMITH"},{"floor":23,"key":"REST"}],"neow_cost":"PERCENT_DAMAGE","seed_source_timestamp":385344192397817,"circlet_count":0,"master_deck":["Defend_G","Defend_G","Defend_G","Defend_G","Strike_G","Strike_G","Strike_G","Survivor","Neutralize+1","Poisoned Stab","Infinite Blades","Deflect","Envenom+1","Leg Sweep","Terror","Night Terror","Infinite Blades","All Out Attack+1","Bane","Predator+1","Dash+1"],"relics":["Ring of the Snake","Orichalcum","Letter Opener","Dream Catcher","FaceOfCleric","Sozu"],"potions_floor_usage":[12,16,22],"damage_taken":[{"damage":4,"enemies":"Jaw Worm","floor":1,"turns":5},{"damage":4,"enemies":"2 Louse","floor":3,"turns":2},{"damage":27,"enemies":"3 Sentries","floor":7,"turns":11},{"damage":5,"enemies":"Small Slimes","floor":10,"turns":3},{"damage":0,"enemies":"Gremlin Nob","floor":12,"turns":4},{"damage":28,"enemies":"Hexaghost","floor":16,"turns":10},{"damage":16,"enemies":"Spheric Guardian","floor":18,"turns":5},{"damage":6,"enemies":"3 Byrds","floor":19,"turns":5},{"damage":13,"enemies":"Cultist and Chosen","floor":20,"turns":5},{"damage":15,"enemies":"Centurion and Healer","floor":22,"turns":6},{"damage":7,"enemies":"Snecko","floor":24,"turns":4},{"damage":63,"enemies":"Slavers","floor":25,"turns":4}],"seed_played":"7646726711294211031","potions_obtained":[{"floor":3,"key":"GhostInAJar"},{"floor":7,"key":"SpeedPotion"},{"floor":10,"key":"Dexterity Potion"}],"is_trial":false,"path_per_floor":["M","?","M","?","?","R","E","R","T","M","R","E","$","?","R","B",null,"M","M","M","$","M","R","M","E"],"character_chosen":"THE_SILENT","items_purchased":["Terror"],"campfire_rested":3,"item_purchase_floors":[13],"current_hp_per_floor":[59,52,48,48,53,53,26,52,52,47,73,73,73,73,73,46,79,64,59,47,47,33,61,55,0],"gold":157,"neow_bonus":"TWENTY_PERCENT_HP_BONUS","is_prod":false,"is_daily":false,"chose_seed":false,"campfire_upgraded":2,"win_rate":0,"timestamp":1545668020,"path_taken":["M","?","M","?","?","R","E","R","T","M","R","E","$","?","R","BOSS","M","M","M","$","M","R","M","E"],"build_version":"2018-12-20","purchased_purges":2,"victory":false,"max_hp_per_floor":[84,84,84,84,89,89,89,89,89,89,89,89,89,89,89,90,90,91,92,93,93,94,94,95,95],"card_choices":[{"not_picked":["Acrobatics","Prepared"],"picked":"Poisoned Stab","floor":1},{"not_picked":["Eviscerate","Dagger Throw"],"picked":"Infinite Blades","floor":3},{"not_picked":["Deflect","Calculated Gamble","Slice"],"picked":"SKIP","floor":7},{"not_picked":["Calculated Gamble","Slice"],"picked":"Deflect","floor":7},{"not_picked":["Heel Hook","PiercingWail"],"picked":"Envenom","floor":10},{"not_picked":["Backflip","PiercingWail"],"picked":"Leg Sweep","floor":12},{"not_picked":["Wraith Form v2","Venomology"],"picked":"Night Terror","floor":16},{"not_picked":["Cloak And Dagger+1","Flying Knee+1"],"picked":"Infinite Blades","floor":18},{"not_picked":["Backstab+1","Predator"],"picked":"All Out Attack+1","floor":19},{"not_picked":["Deadly Poison","Expertise"],"picked":"Bane","floor":20},{"not_picked":["All Out Attack","Sucker Punch","Dagger Throw"],"picked":"SKIP","floor":22},{"not_picked":["Blade Dance","Slice"],"picked":"Predator+1","floor":23},{"not_picked":["Endless Agony","Wraith Form v2"],"picked":"Dash+1","floor":24}],"player_experience":940290,"relics_obtained":[{"floor":7,"key":"Orichalcum"},{"floor":9,"key":"Letter Opener"},{"floor":12,"key":"Dream Catcher"}],"event_choices":[{"cards_removed":["Strike_G"],"damage_healed":0,"gold_gain":0,"player_choice":"Card Removal","damage_taken":7,"max_hp_gain":0,"max_hp_loss":0,"event_name":"Golden Wing","floor":2,"gold_loss":0},{"damage_healed":0,"gold_gain":0,"player_choice":"Ignored","damage_taken":0,"max_hp_gain":0,"max_hp_loss":0,"event_name":"Liars Game","floor":4,"gold_loss":0},{"damage_healed":0,"gold_gain":0,"player_choice":"Donut","damage_taken":0,"max_hp_gain":5,"max_hp_loss":0,"event_name":"Big Fish","floor":5,"gold_loss":0},{"damage_healed":0,"gold_gain":0,"player_choice":"Trade","damage_taken":0,"relics_obtained":["FaceOfCleric"],"max_hp_gain":0,"max_hp_loss":0,"event_name":"FaceTrader","floor":14,"gold_loss":0}],"is_beta":false,"boss_relics":[{"not_picked":["Runic Dome","HoveringKite"],"picked":"Sozu"}],"items_purged_floors":[13,21],"is_endless":false,"potions_floor_spawned":[3,7,10,20,24],"killed_by":"Slavers","ascension_level":5}