{"gold_per_floor":[216,233,145,158,168,168,113,143,143,155,155,99,174,192,192,268,268,268,268,20,20,20,20,20,20,20,20,20,20,20,20,20,20,20,20,20,20,20,20,20,0,0,0,0,0,0,0,0,0,0,0],"floor_reached":51,"playtime":1464,"items_purged":["Strike_R"],"score":1439,"play_id":"b414f876-88c7-41ea-bdc9-08a6e4a53e89","local_time":"20190928134109","is_ascension_mode":true,"campfire_choices":[{"data":"Combust","floor":6.0,"key":"SMITH"},{"data":"Corruption","floor":11.0,"key":"SMITH"},{"floor":15.0,"key":"REST"},{"data":"Juggernaut","floor":23.0,"key":"SMITH"},{"floor":25.0,"key":"REST"},{"floor":32.0,"key":"REST"},{"floor":40.0,"key":"REST"},{"floor":47,"key":"REST"},{"floor":49,"key":"REST"}],"neow_cost":"NONE","seed_source_timestamp":997461543745100,"circlet_count":0,"master_deck":["AscendersBane","Strike_R","Strike_R","Strike_R","Strike_R","Defend_R","Defend_R+1","Defend_R","Defend_R+1","Bash","Combust+1","Shrug It Off","Disarm","Feel No Pain","Corruption+1","Dark Embrace+1","Feel No Pain","Shrug It Off","Juggernaut+1","Body Slam","Seeing Red","Ghostly Armor","Barricade","Battle Trance","Immolate","Shrug It Off","Shrug It Off+1","Heavy Blade","Shrug It Off+1","Entrench"],"special_seed":0,"relics":["Burning Blood","Darkstone Periapt","StoneCalendar","Du-Vu Doll","Ectoplasm","War Paint","Bag of Marbles","Tiny House","Red Mask","Lantern","PreservedInsect","Potion Belt"],"potions_floor_usage":[42,51],"damage_taken":[{"damage":8.0,"enemies":"2 Louse","floor":1.0,"turns":3.0},{"damage":4.0,"enemies":"Cultist","floor":2.0,"turns":3.0},{"damage":15.0,"enemies":"Small Slimes","floor":4.0,"turns":3.0},{"damage":15.0,"enemies":"Blue Slaver","floor":5.0,"turns":6.0},{"damage":5.0,"enemies":"Lagavulin","floor":8.0,"turns":7.0},{"damage":11.0,"enemies":"Gremlin Gang","floor":10.0,"turns":4.0},{"damage":18.0,"enemies":"2 Fungi Beasts","floor":14.0,"turns":4.0},{"damage":26.0,"enemies":"Slime Boss","floor":16.0,"turns":9.0},{"damage":26.0,"enemies":"3 Byrds","floor":18.0,"turns":5.0},{"damage":11.0,"enemies":"Spheric Guardian","floor":22.0,"turns":4.0},{"damage":16.0,"enemies":"Snake Plant","floor":27.0,"turns":4.0},{"damage":23.0,"enemies":"Centurion and Healer","floor":28.0,"turns":5.0},{"damage":1.0,"enemies":"Snecko","floor":29.0,"turns":4.0},{"damage":31.0,"enemies":"Shelled Parasite and Fungi","floor":30.0,"turns":5.0},{"damage":2.0,"enemies":"Champ","floor":33.0,"turns":7.0},{"damage":12.0,"enemies":"3 Shapes","floor":35.0,"turns":4.0},{"damage":14.0,"enemies":"Orb Walker","floor":37.0,"turns":4.0},{"damage":13.0,"enemies":"3 Darklings","floor":38.0,"turns":2.0},{"damage":0,"enemies":"Giant Head","floor":42,"turns":5},{"damage":0,"enemies":"Sphere and 2 Shapes","floor":45,"turns":4},{"damage":60,"enemies":"Reptomancer","floor":46,"turns":6},{"damage":71,"enemies":"Donu and Deca","floor":50,"turns":9},{"damage":18,"enemies":"Awakened One","floor":51,"turns":2}],"seed_played":"8779192956815527119","potions_obtained":[{"floor":2.0,"key":"Swift Potion"},{"floor":4.0,"key":"PowerPotion"},{"floor":8.0,"key":"SteroidPotion"},{"floor":10.0,"key":"Swift Potion"},{"floor":18.0,"key":"Swift Potion"},{"floor":28.0,"key":"Dexterity Potion"},{"floor":29.0,"key":"FearPotion"},{"floor":33.0,"key":"PowerPotion"},{"floor":34.0,"key":"SmokeBomb"},{"floor":45,"key":"FearPotion"},{"floor":46,"key":"Explosive Potion"}],"is_trial":false,"path_per_floor":["M","M","$","M","M","R","?","E","T","M","R","$","?","M","R","B",null,"M","?","$","?","M","R","?","R","T","M","M","M","M","$","R","B",null,"M","?","M","M","$","R","?","E","T","?","M","E","R","?","R","B","B"],"character_chosen":"IRONCLAD","items_purchased":["Disarm","BloodPotion","War Paint"],"campfire_rested":6,"item_purchase_floors":[3,12,20],"current_hp_per_floor":[66,68,68,59,50,50,50,51,51,46,46,46,35,38,60,40,66,46,46,46,39,34,34,34,56,56,46,29,34,9,9,31,35,70,64,64,56,49,49,73,73,79,79,79,80,26,50,50,74,9,0],"gold":0,"neow_bonus":"HUNDRED_GOLD","is_prod":false,"is_daily":false,"chose_seed":false,"campfire_upgraded":3,"win_rate":0,"timestamp":1569703269,"path_taken":["M","M","$","M","M","R","?","E","T","?","R","$","?","M","R","BOSS","M","?","$","?","?","R","?","R","T","M","M","M","M","$","R","BOSS","M","?","M","?","$","R","?","E","T","?","?","E","R","?","R","BOSS","BOSS"],"build_version":"2019-09-27","purchased_purges":1,"victory":false,"max_hp_per_floor":[75,75,75,75,75,75,75,75,75,75,75,75,75,75,75,75,75,75,75,75,75,75,75,75,75,75,75,75,75,75,75,75,75,80,80,80,80,80,80,80,80,80,80,80,80,80,80,80,80,80,80],"card_choices":[{"not_picked":["Thunderclap","Pummel"],"picked":"Combust","floor":1.0},{"not_picked":["Sword Boomerang","Searing Blow"],"picked":"Shrug It Off","floor":2.0},{"not_picked":["Cleave","Wild Strike"],"picked":"Feel No Pain","floor":4.0},{"not_picked":["Intimidate","Havoc"],"picked":"Corruption","floor":5.0},{"not_picked":["Clothesline","Impervious"],"picked":"Dark Embrace","floor":8.0},{"not_picked":["Flex","Clash"],"picked":"Feel No Pain","floor":10.0},{"not_picked":["Flex","Clash"],"picked":"Shrug It Off","floor":14.0},{"not_picked":["Berserk","Limit Break"],"picked":"Juggernaut","floor":16.0},{"not_picked":["Power Through+1","Headbutt"],"picked":"Body Slam","floor":18.0},{"not_picked":["Evolve","Warcry"],"picked":"Seeing Red","floor":22.0},{"not_picked":["Bloodletting","Heavy Blade","Uppercut"],"picked":"SKIP","floor":27.0},{"not_picked":["Perfected Strike","Evolve"],"picked":"Ghostly Armor","floor":28.0},{"not_picked":["Pummel","Rupture"],"picked":"Barricade","floor":29.0},{"not_picked":["Headbutt","Flex"],"picked":"Battle Trance","floor":30.0},{"not_picked":["Reaper","Limit Break"],"picked":"Immolate","floor":33.0},{"not_picked":["Wild Strike","Armaments"],"picked":"Shrug It Off","floor":34.0},{"not_picked":["Clash+1","Cleave","Clothesline"],"picked":"SKIP","floor":35.0},{"not_picked":["Sword Boomerang","Disarm+1"],"picked":"Shrug It Off+1","floor":37.0},{"not_picked":["Immolate","Sword Boomerang","Inflame"],"picked":"SKIP","floor":42},{"not_picked":["Twin Strike+1","Sever Soul"],"picked":"Shrug It Off+1","floor":45},{"not_picked":["Burning Pact+1","Body Slam"],"picked":"Entrench","floor":46}],"player_experience":1094207,"relics_obtained":[{"floor":8.0,"key":"StoneCalendar"},{"floor":9.0,"key":"Du-Vu Doll"},{"floor":26.0,"key":"Bag of Marbles"},{"floor":42,"key":"Lantern"},{"floor":43,"key":"PreservedInsect"},{"floor":46,"key":"Potion Belt"}],"event_choices":[{"damage_healed":0.0,"max_hp_gain":0.0,"max_hp_loss":0.0,"gold_gain":0.0,"event_name":"WeMeetAgain","player_choice":"Paid Gold","floor":7.0,"gold_loss":55.0,"damage_taken":0.0,"relics_obtained":["Darkstone Periapt"]},{"damage_healed":0.0,"max_hp_gain":0.0,"max_hp_loss":0.0,"gold_gain":75.0,"event_name":"World of Goop","player_choice":"Gather Gold","floor":13.0,"gold_loss":0.0,"damage_taken":11.0},{"damage_healed":0.0,"max_hp_gain":0.0,"max_hp_loss":0.0,"gold_gain":0.0,"event_name":"The Mausoleum","player_choice":"Ignored","floor":19.0,"gold_loss":0.0,"damage_taken":0.0},{"damage_healed":0.0,"max_hp_gain":0.0,"max_hp_loss":0.0,"gold_gain":0.0,"event_name":"Knowing Skull","player_choice":"","floor":21.0,"potions_obtained":[],"gold_loss":0.0,"damage_taken":7.0,"cards_obtained":[]},{"damage_healed":0.0,"max_hp_gain":0.0,"max_hp_loss":0.0,"gold_gain":50.0,"event_name":"Nest","player_choice":"Stole From Cult","floor":24.0,"gold_loss":0.0,"damage_taken":0.0},{"damage_healed":0.0,"max_hp_gain":0.0,"max_hp_loss":0.0,"gold_gain":0.0,"event_name":"Lab","player_choice":"Got Potions","floor":36.0,"gold_loss":0.0,"damage_taken":0.0},{"damage_healed":0.0,"max_hp_gain":0.0,"max_hp_loss":0.0,"gold_gain":0.0,"event_name":"Tomb of Lord Red Mask","player_choice":"Paid","floor":41.0,"gold_loss":20.0,"damage_taken":0.0,"relics_obtained":["Red Mask"]},{"damage_healed":0,"gold_gain":0,"player_choice":"1 cards matched","damage_taken":0,"max_hp_gain":0,"max_hp_loss":0,"event_name":"Match and Keep!","floor":44,"gold_loss":0,"cards_obtained":["Heavy Blade"]},{"damage_healed":0,"gold_gain":0,"player_choice":"Ignored","damage_taken":0,"max_hp_gain":0,"max_hp_loss":0,"event_name":"SecretPortal","floor":48,"gold_loss":0}],"is_beta":true,"boss_relics":[{"not_picked":["Coffee Dripper","Busted Crown"],"picked":"Ectoplasm"},{"not_picked":["Mark of Pain","Runic Cube"],"picked":"Tiny House"}],"items_purged_floors":[20],"is_endless":false,"potions_floor_spawned":[2,4,8,10,18,28,29,30,33,35,38,45,46],"killed_by":"Awakened One","ascension_level":20}