{"gold_per_floor":[117,135,149,99,99,130,147,167,167,179,190,190,15,32,32,134,134,153,153,169,6,6,6],"floor_reached":23,"playtime":2106,"items_purged":[],"score":195,"play_id":"9937984e-ad25-4ff7-9416-a2909594283f","local_time":"20190701234124","is_ascension_mode":false,"campfire_choices":[{"floor":12,"key":"REST"},{"floor":15,"key":"REST"}],"neow_cost":"NONE","seed_source_timestamp":1033188540259667,"circlet_count":0,"master_deck":["Strike_B","Strike_B","Strike_B+1","Strike_B","Defend_B","Defend_B","Defend_B","Zap","Dualcast","Cold Snap+1","Streamline","Leap","Sweeping Beam","Capacitor","Conserve Battery","Beam Cell","Scrape","Static Discharge","Discovery","Chill","Fission","Go for the Eyes","Core Surge","Self Repair","White Noise","Gash","Glacier"],"relics":["Cracked Core","Boot","Regal Pillow","Whetstone","PreservedInsect","Runic Pyramid"],"potions_floor_usage":[10,16,23],"damage_taken":[{"damage":0,"enemies":"Small Slimes","floor":1,"turns":3},{"damage":3,"enemies":"2 Louse","floor":2,"turns":3},{"damage":0,"enemies":"Cultist","floor":3,"turns":3},{"damage":34,"enemies":"Lagavulin","floor":6,"turns":8},{"damage":5,"enemies":"3 Louse","floor":7,"turns":2},{"damage":0,"enemies":"Looter","floor":8,"turns":4},{"damage":10,"enemies":"Exordium Thugs","floor":10,"turns":3},{"damage":1,"enemies":"Exordium Wildlife","floor":11,"turns":5},{"damage":1,"enemies":"2 Fungi Beasts","floor":14,"turns":3},{"damage":32,"enemies":"The Guardian","floor":16,"turns":9},{"damage":8,"enemies":"Chosen","floor":18,"turns":5},{"damage":22,"enemies":"3 Byrds","floor":20,"turns":4},{"damage":45,"enemies":"Slavers","floor":23,"turns":3}],"seed_played":"3881635082453154854","potions_obtained":[{"floor":1,"key":"Dexterity Potion"},{"floor":6,"key":"Fire Potion"},{"floor":7,"key":"PowerPotion"},{"floor":10,"key":"Weak Potion"},{"floor":16,"key":"PowerPotion"}],"is_trial":false,"path_per_floor":["M","M","M","?","?","E","M","M","T","M","M","R","$","M","R","B",null,"M","?","M","$","?","E"],"character_chosen":"DEFECT","items_purchased":["Static Discharge","Discovery","Self Repair","White Noise","Gash"],"campfire_rested":2,"item_purchase_floors":[13,13,21,21,21],"current_hp_per_floor":[75,72,72,72,60,26,21,21,21,11,10,47,47,46,75,43,75,67,67,45,45,45,0],"gold":6,"neow_bonus":"RANDOM_COMMON_RELIC","is_prod":false,"is_daily":false,"chose_seed":false,"campfire_upgraded":0,"win_rate":0,"timestamp":1562042484,"path_taken":["M","M","M","?","?","E","M","M","T","M","M","R","$","M","R","BOSS","M","?","?","$","?","E"],"build_version":"2019-07-01","purchased_purges":0,"victory":false,"max_hp_per_floor":[75,75,75,75,75,75,75,75,75,75,75,75,75,75,75,75,75,75,75,75,75,75,75],"card_choices":[{"not_picked":["Rebound","Redo"],"picked":"Cold Snap","floor":1},{"not_picked":["Steam","BootSequence"],"picked":"Streamline","floor":2},{"not_picked":["Skim","Undo"],"picked":"Leap","floor":3},{"not_picked":["Gash","Redo"],"picked":"Sweeping Beam","floor":6},{"not_picked":["Gash","Turbo"],"picked":"Capacitor","floor":7},{"not_picked":["Rebound","Multi-Cast"],"picked":"Conserve Battery","floor":8},{"not_picked":["Redo","Go for the Eyes"],"picked":"Beam Cell","floor":10},{"not_picked":["Conserve Battery","Go for the Eyes"],"picked":"Scrape","floor":11},{"not_picked":["Doom and Gloom","Heatsinks"],"picked":"Chill","floor":14},{"not_picked":["Hyperbeam","Reboot"],"picked":"Fission","floor":16},{"not_picked":["Stack","Capacitor"],"picked":"Go for the Eyes","floor":18},{"not_picked":["Compile Driver","Rebound"],"picked":"Core Surge","floor":20}],"player_experience":97164,"relics_obtained":[{"floor":6,"key":"Whetstone"},{"floor":9,"key":"PreservedInsect"}],"event_choices":[{"cards_removed":["Defend_B"],"damage_healed":0,"gold_gain":0,"player_choice":"Card Removal","damage_taken":0,"max_hp_gain":0,"max_hp_loss":0,"event_name":"The Cleric","floor":4,"gold_loss":50},{"damage_healed":0,"gold_gain":0,"player_choice":"Success","damage_taken":12,"relics_obtained":["Regal Pillow"],"max_hp_gain":0,"max_hp_loss":0,"event_name":"Scrap Ooze","floor":5,"gold_loss":0},{"damage_healed":0,"gold_gain":0,"player_choice":"Ignored","damage_taken":0,"max_hp_gain":0,"max_hp_loss":0,"event_name":"N\u0027loth","floor":19,"gold_loss":0},{"damage_healed":0,"gold_gain":0,"player_choice":"Read","damage_taken":0,"max_hp_gain":0,"max_hp_loss":0,"event_name":"The Library","floor":22,"gold_loss":0,"cards_obtained":["Glacier"]}],"is_beta":false,"boss_relics":[{"not_picked":["Sozu","Pandora\u0027s Box"],"picked":"Runic Pyramid"}],"items_purged_floors":[],"is_endless":false,"potions_floor_spawned":[1,6,7,10,14,16],"killed_by":"Slavers","ascension_level":0}