{"gold_per_floor":[109,109,122,137,152,152,327,358,381,381,381,413,413,446,446,446],"floor_reached":16,"playtime":1201,"items_purged":[],"score":118,"play_id":"d54716f1-f7f9-4884-bfec-20db22002a90","local_time":"20190708232300","is_ascension_mode":false,"campfire_choices":[{"data":"Armaments","floor":6,"key":"SMITH"},{"floor":10,"key":"REST"},{"floor":13,"key":"REST"},{"floor":15,"key":"REST"}],"neow_cost":"NONE","seed_source_timestamp":1637780818854066,"circlet_count":0,"master_deck":["Strike_R","Strike_R","Strike_R","Strike_R","Defend_R","Defend_R+1","Defend_R","Bash","Armaments+1","Heavy Blade","Cleave","Infernal Blade+1","Doubt","Thunderclap","Dark Embrace","Perfected Strike"],"relics":["Burning Blood","War Paint","Potion Belt","Smiling Mask","Ginger","Strawberry"],"potions_floor_usage":[8,12,16],"damage_taken":[{"damage":2,"enemies":"2 Louse","floor":1,"turns":3},{"damage":1,"enemies":"Cultist","floor":3,"turns":3},{"damage":0,"enemies":"Small Slimes","floor":4,"turns":3},{"damage":14,"enemies":"3 Louse","floor":5,"turns":3},{"damage":51,"enemies":"Lagavulin","floor":8,"turns":10},{"damage":56,"enemies":"Gremlin Nob","floor":12,"turns":6},{"damage":31,"enemies":"3 Sentries","floor":14,"turns":6},{"damage":46,"enemies":"Hexaghost","floor":16,"turns":11}],"seed_played":"-4634014518137440247","potions_obtained":[{"floor":5,"key":"EntropicBrew"},{"floor":12,"key":"PowerPotion"}],"is_trial":false,"path_per_floor":["M","?","M","M","M","R","?","E","T","R","?","E","R","E","R","B"],"character_chosen":"IRONCLAD","items_purchased":[],"campfire_rested":3,"item_purchase_floors":[],"current_hp_per_floor":[80,80,80,80,72,72,72,27,27,51,33,14,38,20,46,0],"gold":446,"neow_bonus":"REMOVE_CARD","is_prod":false,"is_daily":false,"chose_seed":false,"campfire_upgraded":1,"win_rate":0,"timestamp":1562646180,"path_taken":["M","?","M","?","M","R","?","E","T","R","?","E","R","E","R","BOSS"],"build_version":"2019-07-05","purchased_purges":0,"victory":false,"max_hp_per_floor":[80,80,80,80,80,80,80,80,80,80,80,80,80,87,87,87],"card_choices":[{"not_picked":["Heavy Blade","Perfected Strike"],"picked":"Armaments","floor":1},{"not_picked":["Combust","Body Slam"],"picked":"Heavy Blade","floor":3},{"not_picked":["Havoc","Wild Strike"],"picked":"Cleave","floor":4},{"not_picked":["Body Slam","Thunderclap"],"picked":"Infernal Blade","floor":5},{"not_picked":["Metallicize","Sever Soul"],"picked":"Thunderclap","floor":8},{"not_picked":["Headbutt","Sword Boomerang"],"picked":"Dark Embrace","floor":12},{"not_picked":["Entrench","Havoc"],"picked":"Perfected Strike","floor":14}],"player_experience":110824,"relics_obtained":[{"floor":8,"key":"War Paint"},{"floor":9,"key":"Potion Belt"},{"floor":12,"key":"Ginger"},{"floor":14,"key":"Strawberry"}],"event_choices":[{"cards_removed":["Defend_R"],"damage_healed":0,"gold_gain":0,"player_choice":"Offered Basic","damage_taken":0,"max_hp_gain":0,"max_hp_loss":0,"event_name":"Bonfire Elementals","floor":2,"gold_loss":0},{"damage_healed":0,"gold_gain":175,"player_choice":"AGREE","damage_taken":0,"max_hp_gain":0,"max_hp_loss":0,"event_name":"Liars Game","floor":7,"gold_loss":0,"cards_obtained":["Doubt"]},{"damage_healed":0,"gold_gain":0,"player_choice":"Success","damage_taken":18,"relics_obtained":["Smiling Mask"],"max_hp_gain":0,"max_hp_loss":0,"event_name":"Scrap Ooze","floor":11,"gold_loss":0}],"is_beta":false,"boss_relics":[],"items_purged_floors":[],"is_endless":false,"potions_floor_spawned":[5,12],"killed_by":"Hexaghost","ascension_level":0}