{"gold_per_floor":[117,117,67,67,19,19,59,59,59,77,113,113,113,134,134,134],"floor_reached":16,"playtime":490,"items_purged":[],"score":164,"play_id":"8425f661-0135-4cf7-836d-7f4779643267","local_time":"20190809114220","is_ascension_mode":true,"campfire_choices":[{"data":"Bash","floor":6,"key":"SMITH"},{"data":"Heavy Blade","floor":8,"key":"SMITH"},{"data":"Heavy Blade","floor":13,"key":"SMITH"},{"data":"Seeing Red","floor":15,"key":"SMITH"}],"neow_cost":"NONE","seed_source_timestamp":5326802779667,"circlet_count":0,"master_deck":["Strike_R","Strike_R","Strike_R","Strike_R","Defend_R","Defend_R","Defend_R","Defend_R","Bash+1","Heavy Blade+1","Heavy Blade+1","Pommel Strike+1","Seeing Red+1"],"relics":["Burning Blood","NeowsBlessing","Golden Idol","Molten Egg 2","Letter Opener","Meat on the Bone"],"potions_floor_usage":[16,16],"damage_taken":[{"damage":0,"enemies":"2 Louse","floor":1,"turns":1},{"damage":0,"enemies":"Gremlin Nob","floor":7,"turns":1},{"damage":0,"enemies":"Jaw Worm","floor":10,"turns":1},{"damage":54,"enemies":"3 Sentries","floor":11,"turns":10},{"damage":6,"enemies":"Cultist","floor":14,"turns":3},{"damage":43,"enemies":"The Guardian","floor":16,"turns":12}],"seed_played":"-5614583290219739256","potions_obtained":[{"floor":7,"key":"LiquidBronze"},{"floor":14,"key":"AttackPotion"}],"is_trial":false,"path_per_floor":["M","?","?","?","$","R","E","R","T","M","E","?","R","M","R","B"],"character_chosen":"IRONCLAD","items_purchased":["Heavy Blade"],"campfire_rested":0,"item_purchase_floors":[5],"current_hp_per_floor":[80,60,60,60,60,60,66,66,66,72,24,24,24,36,36,0],"gold":134,"neow_bonus":"THREE_ENEMY_KILL","is_prod":false,"is_daily":false,"chose_seed":false,"campfire_upgraded":4,"win_rate":0,"timestamp":1565343740,"path_taken":["M","?","?","?","$","R","E","R","T","?","E","?","R","M","R","BOSS"],"build_version":"2019-07-17","purchased_purges":0,"victory":false,"max_hp_per_floor":[80,80,80,80,80,80,80,80,80,80,80,80,80,80,80,80],"card_choices":[{"not_picked":["Clash","Flex"],"picked":"Heavy Blade","floor":1},{"not_picked":["Power Through","Corruption","Heavy Blade"],"picked":"SKIP","floor":7},{"not_picked":["Fire Breathing","Hemokinesis+1","Berserk"],"picked":"SKIP","floor":10},{"not_picked":["Rampage+1","Perfected Strike+1"],"picked":"Pommel Strike+1","floor":11},{"not_picked":["True Grit","Anger+1"],"picked":"Seeing Red","floor":14}],"player_experience":283646,"relics_obtained":[{"floor":7,"key":"Molten Egg 2"},{"floor":9,"key":"Letter Opener"},{"floor":11,"key":"Meat on the Bone"}],"event_choices":[{"damage_healed":0,"gold_gain":0,"player_choice":"Take Damage","damage_taken":20,"relics_obtained":["Golden Idol"],"max_hp_gain":0,"max_hp_loss":0,"event_name":"Golden Idol","floor":2,"gold_loss":0},{"cards_removed":["Strike_R"],"damage_healed":0,"gold_gain":0,"player_choice":"Card Removal","damage_taken":0,"max_hp_gain":0,"max_hp_loss":0,"event_name":"The Cleric","floor":3,"gold_loss":50},{"damage_healed":0,"gold_gain":0,"player_choice":"Cursed","damage_taken":0,"max_hp_gain":0,"max_hp_loss":0,"event_name":"Wheel of Change","floor":4,"gold_loss":0,"cards_obtained":["Decay"]},{"cards_removed":["Decay"],"damage_healed":0,"gold_gain":0,"player_choice":"Forget","damage_taken":0,"max_hp_gain":0,"max_hp_loss":0,"event_name":"Living Wall","floor":12,"gold_loss":0}],"is_beta":false,"boss_relics":[],"items_purged_floors":[],"is_endless":false,"potions_floor_spawned":[7,14],"killed_by":"The Guardian","ascension_level":5}