{"path_per_floor":["M","?","M","M","M","E","?","M","T","E","?","R","M","E","R","B",null,"M","M","$","?","M","E","M","M","T","M","R","M","T","E","R","B",null,"M","?","M","M","M","E","M","E","T","R","?","M","$","E","R","B"],"character_chosen":"THE_SILENT","items_purchased":["Tiny Chest","Bottled Flame","War Paint","Endless Agony+1","Toxic Egg 2","Darkstone Periapt","Dream Catcher","Die Die Die+1","Swift Potion","SkillPotion","LiquidBronze"],"gold_per_floor":[144,219,264,309,354,444,540,585,585,675,775,775,820,910,910,1210,1210,1255,1300,695,845,890,980,1025,1070,1095,1140,1140,1185,1185,1275,1275,1575,1575,1620,1620,1665,1710,1755,1845,1890,1980,1980,1980,2085,2130,1116,1506,1506,1506],"floor_reached":51,"campfire_rested":6,"playtime":4080,"item_purchase_floors":[20,20,20,20,47,47,47,47,47,47,47],"current_hp_per_floor":[68,57,57,57,57,57,57,57,57,57,57,57,56,55,54,53,52,51,50,49,48,41,46,45,28,28,36,41,40,39,45,44,43,42,41,40,39,38,37,36,35,34,33,32,31,30,29,28,27,26],"items_purged":["Corpse Explosion","Storm of Steel+1"],"gold":1506,"score":1278,"play_id":"8fdeeb49-61ff-4a1d-9b5f-be85c57947b9","local_time":"20180606011733","daily_mods":["Shiny","Midas","Terminal"],"is_prod":false,"is_daily":true,"chose_seed":false,"is_ascension_mode":false,"campfire_upgraded":0,"win_rate":0,"timestamp":1528222653,"campfire_choices":[{"floor":12,"key":"REST"},{"floor":15,"key":"REST"},{"floor":28,"key":"REST"},{"floor":32,"key":"REST"},{"floor":44,"key":"REST"},{"floor":49,"key":"REST"}],"path_taken":["M","?","M","M","M","E","?","?","T","E","?","R","M","E","R","BOSS","M","M","$","?","M","E","M","M","T","M","R","M","?","E","R","BOSS","M","?","M","M","M","E","?","E","T","R","?","M","$","E","R","BOSS"],"build_version":"2018-06-04v2","seed_source_timestamp":0,"purchased_purges":2,"victory":true,"master_deck":["Venomology+1","Phantasmal Killer+1","Die Die Die+1","Adrenaline+1","Envenom+1","Doppelganger+1","Burst+1","Wraith Form v2+1","Tools of the Trade+1","Night Terror+1","Unload+1","After Image+1","Tactician+1","Bullet Time+1","Glass Knife+1","A Thousand Cuts+1","Grand Finale+1","Malaise+1","Well Laid Plans+1","Adrenaline+1","Predator+1","Backstab+1","Backstab+1","Bullet Time+1","Dagger Spray+1","Endless Agony+1","Dash+1","Malaise+1","Blur+1","Malaise+1","After Image+1","Escape Plan","Noxious Fumes+1","Die Die Die+1","Blur+1","Finisher+1"],"max_hp_per_floor":[68,67,66,65,64,63,62,61,60,59,58,57,56,55,54,53,52,51,50,49,48,47,46,45,44,43,42,41,40,39,45,44,43,42,41,40,39,38,37,36,35,34,33,32,31,30,29,28,27,26],"relics":["Ring of the Snake","Blue Candle","Ancient Tea Set","Smiling Mask","Bird Faced Urn","Molten Egg 2","Philosopher\u0027s Stone","Tiny Chest","Bottled Flame","War Paint","Frozen Egg 2","Bag of Preparation","Toolbox","Strawberry","Black Star","Mark of the Bloom","Snake Skull","Vajra","Potion Belt","Blood Vial","Kunai","Unceasing Top","Toxic Egg 2","Darkstone Periapt","Dream Catcher","Old Coin","Turnip"],"card_choices":[{"not_picked":["Crippling Poison","Prepared","Deadly Poison"],"picked":"SKIP","floor":1},{"not_picked":["Deflect","Eviscerate","Quick Slash"],"picked":"SKIP","floor":3},{"not_picked":["Bane","Expertise"],"picked":"Malaise","floor":4},{"not_picked":["Dodge and Roll","Bane","Setup"],"picked":"SKIP","floor":5},{"not_picked":["Crippling Poison","Dodge and Roll","Poisoned Stab"],"picked":"SKIP","floor":6},{"not_picked":["Eviscerate","Acrobatics"],"picked":"Well Laid Plans","floor":7},{"not_picked":["Reflex","Cloak And Dagger"],"picked":"Adrenaline","floor":8},{"not_picked":["Accuracy","Deadly Poison"],"picked":"Predator","floor":10},{"not_picked":["Flying Knee","Bane"],"picked":"Backstab","floor":13},{"not_picked":["Poisoned Stab","Malaise"],"picked":"Backstab","floor":14},{"not_picked":["Corpse Explosion+1","Venomology"],"picked":"Bullet Time","floor":16},{"not_picked":["Sucker Punch+1","All Out Attack+1"],"picked":"Dagger Spray+1","floor":18},{"not_picked":["Deadly Poison+1","Dagger Throw+1","PiercingWail+1"],"picked":"SKIP","floor":19},{"not_picked":["Distraction","Glass Knife+1"],"picked":"Dash+1","floor":22},{"not_picked":["Concentrate","Well Laid Plans"],"picked":"Malaise","floor":23},{"not_picked":["Poisoned Stab+1","Bouncing Flask"],"picked":"Blur","floor":24},{"not_picked":["Expertise+1","Setup","Acrobatics"],"picked":"SKIP","floor":25},{"not_picked":["Deflect","Prepared","Deadly Poison"],"picked":"SKIP","floor":27},{"not_picked":["Choke+1","Setup+1"],"picked":"Malaise","floor":29},{"not_picked":["Bouncing Flask+1","Deadly Poison","Underhanded Strike+1"],"picked":"SKIP","floor":31},{"not_picked":["Die Die Die+1","Corpse Explosion+1"],"picked":"After Image+1","floor":33},{"not_picked":["Predator+1","Backflip","Accuracy+1"],"picked":"SKIP","floor":35},{"not_picked":["Infinite Blades+1","Backflip","Dagger Throw+1"],"picked":"SKIP","floor":37},{"not_picked":["Cloak And Dagger+1","Flying Knee+1","Flechettes+1"],"picked":"SKIP","floor":38},{"not_picked":["PiercingWail+1","Choke+1"],"picked":"Escape Plan","floor":39},{"not_picked":["Acrobatics+1","Blade Dance","Grand Finale+1"],"picked":"SKIP","floor":40},{"not_picked":["Flying Knee+1","Footwork+1","Leg Sweep"],"picked":"SKIP","floor":41},{"not_picked":["Deflect","Masterful Stab+1"],"picked":"Noxious Fumes+1","floor":42},{"not_picked":["All Out Attack+1","Predator+1","Sucker Punch+1"],"picked":"SKIP","floor":46},{"not_picked":["Underhanded Strike+1","Grand Finale+1"],"picked":"Blur+1","floor":48},{"not_picked":["Poisoned Stab+1","Backflip+1"],"picked":"Finisher+1","floor":49}],"player_experience":34891,"potions_floor_usage":[3,3,6,7,10,10,10,14,16,22,23,25,27,29,31,33,33,33,37,38,39,40,41,42,42,42,48,50,50,50,50,50,50,50],"damage_taken":[{"damage":0,"enemies":"Cultist","floor":1,"turns":3},{"damage":0,"enemies":"Jaw Worm","floor":3,"turns":1},{"damage":0,"enemies":"2 Louse","floor":4,"turns":3},{"damage":0,"enemies":"2 Fungi Beasts","floor":5,"turns":4},{"damage":0,"enemies":"Lagavulin","floor":6,"turns":6},{"damage":0,"enemies":"Lagavulin Event","floor":7,"turns":7},{"damage":0,"enemies":"Large Slime","floor":8,"turns":2},{"damage":0,"enemies":"3 Sentries","floor":10,"turns":3},{"damage":0,"enemies":"Exordium Thugs","floor":13,"turns":3},{"damage":0,"enemies":"Gremlin Nob","floor":14,"turns":2},{"damage":0,"enemies":"The Guardian","floor":16,"turns":6},{"damage":0,"enemies":"Chosen","floor":18,"turns":5},{"damage":0,"enemies":"Spheric Guardian","floor":19,"turns":2},{"damage":7,"enemies":"Chosen and Byrds","floor":22,"turns":7},{"damage":0,"enemies":"Gremlin Leader","floor":23,"turns":6},{"damage":0,"enemies":"Centurion and Healer","floor":24,"turns":4},{"damage":19,"enemies":"Cultist and Chosen","floor":25,"turns":8},{"damage":0,"enemies":"Chosen and Byrds","floor":27,"turns":6},{"damage":0,"enemies":"Snake Plant","floor":29,"turns":4},{"damage":2,"enemies":"Book of Stabbing","floor":31,"turns":6},{"damage":0,"enemies":"Collector","floor":33,"turns":3},{"damage":0,"enemies":"3 Darklings","floor":35,"turns":3},{"damage":0,"enemies":"Flame Bruiser 1 Orb","floor":37,"turns":5},{"damage":0,"enemies":"Spire Growth","floor":38,"turns":4},{"damage":0,"enemies":"Flame Bruiser 2 Orb","floor":39,"turns":4},{"damage":0,"enemies":"Nemesis","floor":40,"turns":6},{"damage":0,"enemies":"Transient","floor":41,"turns":5},{"damage":0,"enemies":"2 Orb Walkers","floor":42,"turns":5},{"damage":0,"floor":45,"turns":2},{"damage":0,"enemies":"3 Darklings","floor":46,"turns":3},{"damage":0,"enemies":"Giant Head","floor":48,"turns":6},{"damage":0,"enemies":"Awakened One","floor":50,"turns":9}],"relics_obtained":[{"floor":6,"key":"Blue Candle"},{"floor":7,"key":"Ancient Tea Set"},{"floor":9,"key":"Smiling Mask"},{"floor":10,"key":"Bird Faced Urn"},{"floor":14,"key":"Molten Egg 2"},{"floor":23,"key":"Frozen Egg 2"},{"floor":26,"key":"Bag of Preparation"},{"floor":30,"key":"Toolbox"},{"floor":31,"key":"Strawberry"},{"floor":40,"key":"Snake Skull"},{"floor":40,"key":"Vajra"},{"floor":42,"key":"Potion Belt"},{"floor":42,"key":"Blood Vial"},{"floor":43,"key":"Kunai"},{"floor":45,"key":"Unceasing Top"},{"floor":48,"key":"Old Coin"},{"floor":48,"key":"Turnip"}],"event_choices":[{"event_name":"World of Goop","player_choice":"Gather Gold","floor":2,"damage_taken":0},{"event_name":"Dead Adventurer","player_choice":"Searched \u00273\u0027 times","floor":7,"damage_taken":0},{"event_name":"Golden Shrine","player_choice":"Pray","floor":11,"damage_taken":0},{"event_name":"Nest","player_choice":"Stole From Cult","floor":21,"damage_taken":0},{"event_name":"MindBloom","player_choice":"Upgrade","floor":36,"damage_taken":0},{"event_name":"Mysterious Sphere","player_choice":"Fight","floor":45,"damage_taken":0}],"boss_relics":[{"not_picked":["Busted Crown","Runic Dome"],"picked":"Philosopher\u0027s Stone"},{"not_picked":["Sozu","Tiny House"],"picked":"Black Star"}],"items_purged_floors":[20,47],"potions_floor_spawned":[4,5,7,10,16,18,23,25,27,31,33,35,37,40,45,48],"seed_played":"7492258390209351747","ascension_level":0,"potions_obtained":[{"floor":4,"key":"AttackPotion"},{"floor":5,"key":"Block Potion"},{"floor":7,"key":"Poison Potion"},{"floor":10,"key":"Poison Potion"},{"floor":16,"key":"SpeedPotion"},{"floor":23,"key":"SkillPotion"},{"floor":25,"key":"Strength Potion"},{"floor":27,"key":"AttackPotion"},{"floor":31,"key":"FearPotion"},{"floor":33,"key":"Fire Potion"},{"floor":45,"key":"Poison Potion"},{"floor":48,"key":"LiquidBronze"}],"is_trial":false}