{"gold_per_floor":[111,111,111,111,123,123,153,166,166,199,212,242],"floor_reached":12,"playtime":861,"items_purged":[],"score":203,"play_id":"27c2485d-aae8-4f9a-ba64-ceaded21cb2d","local_time":"20190626222626","is_ascension_mode":true,"campfire_choices":[{"data":"Entrench","floor":6,"key":"SMITH"}],"neow_cost":"NONE","seed_source_timestamp":262694899130454,"circlet_count":0,"master_deck":["AscendersBane","Strike_R","Strike_R","Strike_R","Strike_R","Defend_R","Defend_R","Defend_R+1","Defend_R","Bash","Corruption+1","Entrench+1","Infernal Blade","Barricade"],"relics":["Burning Blood","NeowsBlessing","Dodecahedron","Dream Catcher","Boot"],"potions_floor_usage":[10,12,12],"damage_taken":[{"damage":0,"enemies":"Small Slimes","floor":1,"turns":1},{"damage":0,"enemies":"2 Louse","floor":5,"turns":1},{"damage":0,"enemies":"Lagavulin","floor":7,"turns":1},{"damage":6,"enemies":"Cultist","floor":8,"turns":5},{"damage":46,"enemies":"3 Sentries","floor":10,"turns":14},{"damage":3,"enemies":"Exordium Wildlife","floor":11,"turns":10},{"damage":25,"enemies":"Gremlin Nob","floor":12,"turns":3}],"seed_played":"-6985018711366630001","potions_obtained":[{"floor":1,"key":"Ancient Potion"},{"floor":5,"key":"Swift Potion"},{"floor":11,"key":"SneckoOil"}],"is_trial":false,"path_per_floor":["M","?","?","?","M","R","E","M","T","E","M","?"],"character_chosen":"IRONCLAD","items_purchased":[],"campfire_rested":0,"item_purchase_floors":[],"current_hp_per_floor":[74,51,56,49,55,55,61,61,61,21,24,0],"gold":242,"neow_bonus":"THREE_ENEMY_KILL","is_prod":false,"is_daily":false,"chose_seed":false,"campfire_upgraded":1,"win_rate":0,"timestamp":1561605986,"path_taken":["M","?","?","?","M","R","E","M","T","E","M","?"],"build_version":"2019-01-23","purchased_purges":0,"victory":false,"max_hp_per_floor":[75,75,80,80,80,80,80,80,80,80,80,80],"card_choices":[{"not_picked":["Second Wind","Sentinel"],"picked":"Corruption","floor":1},{"not_picked":["Dropkick","Warcry"],"picked":"Entrench","floor":5},{"not_picked":["Corruption","Hemokinesis"],"picked":"Infernal Blade","floor":7},{"not_picked":["Warcry","Flex","Headbutt"],"picked":"SKIP","floor":8},{"not_picked":["Havoc","Twin Strike"],"picked":"Barricade","floor":10},{"not_picked":["Clothesline","Wild Strike","Flex"],"picked":"SKIP","floor":11}],"player_experience":1403603,"relics_obtained":[{"floor":7,"key":"Dodecahedron"},{"floor":9,"key":"Dream Catcher"},{"floor":10,"key":"Boot"}],"event_choices":[{"damage_healed":0,"gold_gain":0,"player_choice":"Entered Light","damage_taken":23,"max_hp_gain":0,"max_hp_loss":0,"event_name":"Shining Light","floor":2,"gold_loss":0,"cards_upgraded":["Defend_R","Corruption"]},{"damage_healed":0,"gold_gain":0,"player_choice":"Donut","damage_taken":0,"max_hp_gain":5,"max_hp_loss":0,"event_name":"Big Fish","floor":3,"gold_loss":0},{"cards_removed":["Strike_R"],"damage_healed":0,"gold_gain":0,"player_choice":"Card Removal","damage_taken":7,"max_hp_gain":0,"max_hp_loss":0,"event_name":"Golden Wing","floor":4,"gold_loss":0},{"damage_healed":0,"gold_gain":30,"player_choice":"Searched \u00272\u0027 times","damage_taken":0,"max_hp_gain":0,"max_hp_loss":0,"event_name":"Dead Adventurer","floor":12,"gold_loss":0}],"is_beta":false,"boss_relics":[],"items_purged_floors":[],"is_endless":false,"potions_floor_spawned":[1,5,11],"killed_by":"Gremlin Nob","ascension_level":16}