{"gold_per_floor":[117,17,31,51,65,95,95,115,115,115,290,290,290,33,33,136,136,147,159,35,35,8,36,36,46,46,59,59,72,72,72,72,168,168,187,287,287,300,310,310,310,322,322,322],"floor_reached":44,"playtime":2085,"items_purged":["Strike_R","Doubt"],"score":639,"play_id":"ec2bcf4b-9247-420f-8d5c-cc14c5818e67","local_time":"20190927165319","is_ascension_mode":true,"campfire_choices":[{"floor":7,"key":"REST"},{"floor":12,"key":"REST"},{"floor":15,"key":"RECALL"},{"floor":24,"key":"REST"},{"floor":30,"key":"REST"},{"data":"Whirlwind","floor":32,"key":"SMITH"},{"floor":40,"key":"REST"}],"neow_cost":"NONE","seed_source_timestamp":1301844866850800,"circlet_count":0,"master_deck":["Bash+1","Anger","Armaments","Disarm","Pommel Strike","Battle Trance","Ghostly Armor","Seeing Red","Inflame","Demon Form","Ghostly Armor","Hemokinesis","Blood for Blood","Fiend Fire","Combust","Ghostly Armor","Reaper","Heavy Blade","Seeing Red+1","Whirlwind+1","Flex","Bite","Bite","Bite","Bite","Bite","Cleave","Spot Weakness","Uppercut","Headbutt","Jack Of All Trades","Brutality","Pommel Strike+1","Dual Wield+1","Rupture","Parasite","Shockwave","Mayhem","Dual Wield+1"],"relics":["Runic Pyramid","Letter Opener","Bag of Preparation","Pandora\u0027s Box","Regal Pillow","Thread and Needle","Enchiridion","Runic Cube","Peace Pipe"],"potions_floor_usage":[6,16,16,19,23,27,33,42],"damage_taken":[{"damage":5,"enemies":"Cultist","floor":1,"turns":5},{"damage":1,"enemies":"2 Louse","floor":3,"turns":2},{"damage":2,"enemies":"Jaw Worm","floor":4,"turns":3},{"damage":8,"enemies":"Exordium Thugs","floor":5,"turns":4},{"damage":32,"enemies":"Gremlin Nob","floor":6,"turns":4},{"damage":4,"enemies":"Large Slime","floor":8,"turns":5},{"damage":4,"enemies":"The Guardian","floor":16,"turns":6},{"damage":3,"enemies":"Shell Parasite","floor":18,"turns":2},{"damage":25,"enemies":"2 Thieves","floor":19,"turns":3},{"damage":51,"enemies":"Slavers","floor":23,"turns":4},{"damage":31,"enemies":"Snake Plant","floor":25,"turns":3},{"damage":22,"enemies":"Centurion and Healer","floor":27,"turns":4},{"damage":25,"enemies":"Chosen and Byrds","floor":29,"turns":5},{"damage":41,"enemies":"Champ","floor":33,"turns":8},{"damage":3,"enemies":"Orb Walker","floor":35,"turns":2},{"damage":12,"enemies":"Mind Bloom Boss Battle","floor":36,"turns":5},{"damage":13,"enemies":"3 Shapes","floor":38,"turns":3},{"damage":29,"enemies":"Writhing Mass","floor":39,"turns":4},{"damage":38,"enemies":"3 Darklings","floor":42,"turns":5},{"damage":38,"enemies":"Spire Growth","floor":44,"turns":2}],"seed_played":"4258098137858844880","potions_obtained":[{"floor":4,"key":"LiquidBronze"},{"floor":5,"key":"GamblersBrew"},{"floor":8,"key":"PowerPotion"},{"floor":16,"key":"BloodPotion"},{"floor":18,"key":"Block Potion"},{"floor":29,"key":"Strength Potion"},{"floor":39,"key":"Energy Potion"}],"is_trial":false,"path_per_floor":["M","$","M","M","M","E","R","M","T","?","?","R","?","$","R","B",null,"M","M","$","?","$","E","R","M","T","M","?","M","R","?","R","B",null,"M","?","?","M","M","R","?","M","T","M"],"character_chosen":"IRONCLAD","items_purchased":["Armaments","Seeing Red","Inflame","PowerPotion","Whirlwind","Flex","Cleave"],"campfire_rested":5,"item_purchase_floors":[2,14,14,14,20,20,22],"current_hp_per_floor":[67,67,66,64,56,24,48,44,44,28,28,52,52,52,52,48,72,69,55,55,55,55,24,55,26,26,24,24,15,46,30,30,6,44,43,56,56,49,22,53,53,22,22,0],"gold":322,"neow_bonus":"BOSS_RELIC","is_prod":false,"is_daily":false,"chose_seed":false,"campfire_upgraded":1,"win_rate":0,"timestamp":1569617599,"path_taken":["M","$","M","M","M","E","R","M","T","?","?","R","?","$","R","BOSS","M","M","$","?","?","E","R","M","T","?","?","?","R","?","R","BOSS","M","?","?","M","M","R","?","M","T","M"],"build_version":"2019-07-17","purchased_purges":2,"victory":false,"max_hp_per_floor":[80,80,80,80,80,80,80,80,80,80,80,80,80,80,80,80,80,80,80,80,56,56,56,56,56,56,56,56,56,56,56,56,56,56,56,56,56,56,56,56,56,56,56,56],"card_choices":[{"not_picked":["Shrug It Off","True Grit"],"picked":"Anger","floor":1},{"not_picked":["Burning Pact","Havoc","Warcry"],"picked":"SKIP","floor":3},{"not_picked":["Clothesline","Armaments"],"picked":"Disarm","floor":4},{"not_picked":["Iron Wave","Sentinel","True Grit"],"picked":"SKIP","floor":5},{"not_picked":["Exhume","Feel No Pain"],"picked":"Pommel Strike","floor":6},{"not_picked":["Dual Wield","Sever Soul"],"picked":"Battle Trance","floor":8},{"not_picked":["Impervious","Immolate"],"picked":"Demon Form","floor":16},{"not_picked":["Uppercut","Body Slam+1"],"picked":"Heavy Blade","floor":18},{"not_picked":["Pommel Strike","Pummel"],"picked":"Seeing Red+1","floor":19},{"not_picked":["Cleave","Shrug It Off+1","Perfected Strike"],"picked":"SKIP","floor":23},{"not_picked":["Thunderclap","Havoc"],"picked":"Spot Weakness","floor":25},{"not_picked":["Pommel Strike","Clothesline"],"picked":"Uppercut","floor":27},{"not_picked":["Body Slam","Entrench","Feel No Pain"],"picked":"SKIP","floor":29},{"not_picked":["Offering","Dark Embrace"],"picked":"Brutality","floor":33},{"not_picked":["Burning Pact+1","True Grit+1"],"picked":"Pommel Strike+1","floor":35},{"not_picked":["Armaments","Disarm+1"],"picked":"Dual Wield+1","floor":36},{"not_picked":["Warcry+1","Pommel Strike"],"picked":"Rupture","floor":38},{"not_picked":["Pommel Strike","Wild Strike"],"picked":"Shockwave","floor":39},{"not_picked":["PanicButton","Finesse"],"picked":"Mayhem","floor":41},{"not_picked":["Carnage+1","Perfected Strike+1"],"picked":"Dual Wield+1","floor":42}],"player_experience":145501,"relics_obtained":[{"floor":6,"key":"Letter Opener"},{"floor":9,"key":"Bag of Preparation"},{"floor":23,"key":"Regal Pillow"},{"floor":26,"key":"Thread and Needle"},{"floor":31,"key":"Enchiridion"},{"floor":36,"key":"Peace Pipe"}],"event_choices":[{"damage_healed":0,"gold_gain":0,"player_choice":"Entered Light","damage_taken":16,"max_hp_gain":0,"max_hp_loss":0,"event_name":"Shining Light","floor":10,"gold_loss":0,"cards_upgraded":["Defend_R","Bash"]},{"damage_healed":0,"gold_gain":175,"player_choice":"AGREE","damage_taken":0,"max_hp_gain":0,"max_hp_loss":0,"event_name":"Liars Game","floor":11,"gold_loss":0,"cards_obtained":["Doubt"]},{"damage_healed":0,"gold_gain":0,"cards_transformed":["Strike_R"],"player_choice":"Change","damage_taken":0,"max_hp_gain":0,"max_hp_loss":0,"event_name":"Living Wall","floor":13,"gold_loss":0,"cards_obtained":["Ghostly Armor"]},{"damage_healed":0,"gold_gain":0,"player_choice":"Became a vampire","damage_taken":0,"max_hp_gain":0,"max_hp_loss":24,"event_name":"Vampires","floor":21,"gold_loss":0,"cards_obtained":["Bite","Bite","Bite","Bite","Bite"]},{"damage_healed":0,"gold_gain":0,"player_choice":"2 cards matched","damage_taken":0,"max_hp_gain":0,"max_hp_loss":0,"event_name":"Match and Keep!","floor":28,"gold_loss":0,"cards_obtained":["Headbutt","Jack Of All Trades"]},{"damage_healed":0,"gold_gain":0,"player_choice":"Obtained Book","damage_taken":16,"max_hp_gain":0,"max_hp_loss":0,"event_name":"Cursed Tome","floor":31,"gold_loss":0},{"damage_healed":0,"gold_gain":0,"player_choice":"Fight","damage_taken":0,"max_hp_gain":0,"max_hp_loss":0,"event_name":"MindBloom","floor":36,"gold_loss":0},{"damage_healed":0,"gold_gain":0,"player_choice":"Ignored","damage_taken":0,"max_hp_gain":0,"max_hp_loss":0,"event_name":"Tomb of Lord Red Mask","floor":37,"gold_loss":0},{"damage_healed":0,"gold_gain":0,"player_choice":"Memory 1","damage_taken":0,"max_hp_gain":0,"max_hp_loss":0,"event_name":"SensoryStone","floor":41,"gold_loss":0}],"is_beta":false,"boss_relics":[{"not_picked":["White Beast Statue","Busted Crown"],"picked":"Pandora\u0027s Box"},{"not_picked":["Black Star","Orrery"],"picked":"Runic Cube"}],"items_purged_floors":[2,14],"is_endless":false,"potions_floor_spawned":[4,5,8,16,18,29,39],"killed_by":"Spire Growth","ascension_level":6}