{"gold_per_floor":[16,16,76,86,86,86,111,111,148,158],"floor_reached":10,"playtime":304,"items_purged":[],"score":144,"play_id":"6fd969f3-35d0-4d2d-952b-de35fbcc6cf4","local_time":"20190827134704","is_ascension_mode":true,"campfire_choices":[{"data":"Glass Knife","floor":6.0,"key":"SMITH"},{"data":"Footwork","floor":8,"key":"SMITH"}],"neow_cost":"NO_GOLD","seed_source_timestamp":173308982871301,"circlet_count":0,"master_deck":["Strike_G","Strike_G","Strike_G","Strike_G","Defend_G","Defend_G","Defend_G","Defend_G","Defend_G","Survivor","Neutralize","AscMod:ascendersbane","Glass Knife+1","Footwork+1"],"special_seed":0,"relics":["Ring of the Snake","Sundial","Bottled Flame","MawBank"],"potions_floor_usage":[10,10],"damage_taken":[{"damage":0.0,"enemies":"2 Louse","floor":1.0,"turns":4.0},{"damage":7.0,"enemies":"Jaw Worm","floor":4.0,"turns":6.0},{"damage":31.0,"enemies":"3 Sentries","floor":7.0,"turns":17.0},{"damage":10,"enemies":"Lagavulin","floor":10,"turns":10}],"seed_played":"-2290235632860063585","potions_obtained":[{"floor":1.0,"key":"Weak Potion"},{"floor":7,"key":"Weak Potion"}],"is_trial":false,"path_per_floor":["M","?","?","M","T","R","E","R","T","E"],"character_chosen":"THE_SILENT","items_purchased":[],"campfire_rested":0,"item_purchase_floors":[],"current_hp_per_floor":[59,59,48,41,41,41,10,10,10,0],"gold":158,"neow_bonus":"THREE_RARE_CARDS","is_prod":false,"is_daily":false,"chose_seed":false,"campfire_upgraded":2,"win_rate":0,"timestamp":1566888424,"path_taken":["M","?","?","M","?","R","E","R","T","E"],"build_version":"2019-07-17","purchased_purges":0,"victory":false,"max_hp_per_floor":[66,66,66,66,66,66,66,66,66,66],"card_choices":[{"not_picked":["Tools of the Trade","Phantasmal Killer"],"picked":"Glass Knife","floor":0.0},{"not_picked":["Catalyst","PiercingWail","Slice"],"picked":"SKIP","floor":1.0},{"not_picked":["PiercingWail","All Out Attack"],"picked":"Footwork","floor":4.0},{"not_picked":["Concentrate","Cloak And Dagger","Deadly Poison"],"picked":"SKIP","floor":7}],"player_experience":1095030,"relics_obtained":[{"floor":5.0,"key":"Sundial"},{"floor":7,"key":"Bottled Flame"},{"floor":9,"key":"MawBank"}],"event_choices":[{"cards_removed":["Strike_G"],"damage_healed":0.0,"max_hp_gain":0.0,"max_hp_loss":0.0,"gold_gain":0.0,"event_name":"Living Wall","player_choice":"Forget","floor":2.0,"gold_loss":0.0,"damage_taken":0.0},{"damage_healed":0.0,"max_hp_gain":0.0,"max_hp_loss":0.0,"gold_gain":75.0,"event_name":"World of Goop","player_choice":"Gather Gold","floor":3.0,"gold_loss":0.0,"damage_taken":11.0}],"is_beta":false,"boss_relics":[],"items_purged_floors":[],"is_endless":false,"potions_floor_spawned":[1,7],"killed_by":"Lagavulin","ascension_level":25}