{"gold_per_floor":[13,33,33,44,63,88,107,282,328,328,343,23,37,117,117,215,215,233,250,250,262,281,281,313,313,313,313,15,26,40,60,60,158,158,175,145,157,4,20,20,120,120,120,120,138,138,149,149,149,149,149,149,3,35,35],"floor_reached":55,"playtime":6373,"items_purged":[],"score":793,"play_id":"5c03c776-144d-42cd-9c43-7c9f447fd529","local_time":"20190928210711","is_ascension_mode":false,"campfire_choices":[{"floor":10,"key":"REST"},{"floor":15,"key":"REST"},{"floor":23,"key":"REST"},{"data":"Apotheosis","floor":25,"key":"SMITH"},{"data":"Devotion","floor":27,"key":"SMITH"},{"floor":32,"key":"REST"},{"floor":40,"key":"REST"},{"floor":42,"key":"RECALL"},{"floor":44,"key":"REST"},{"floor":49,"key":"REST"},{"floor":52,"key":"REST"}],"neow_cost":"NO_GOLD","seed_source_timestamp":1399194613002600,"circlet_count":0,"master_deck":["Strike_P","Strike_P","Defend_P","Defend_P","Defend_P","Defend_P","Eruption","Vigilance","Secret Technique","ClearTheMind","Devotion+1","WindmillStrike","Prostrate","Wallop","Halt","WaveOfTheHand","Doubt","CrushJoints","Apotheosis+1","Unraveling","Judgement","Vengeance+1","Protect+1","Iron Wave","Worship","WindmillStrike+1","MasterReality","Swivel","FollowUp+1","DevaForm","ThirdEye+1","Devotion","Prostrate","EmptyFist","Protect+1","Adaptation","WheelKick+1","Weave","Collect+1"],"relics":["HolyWater","Potion Belt","InkBottle","PreservedInsect","Letter Opener","Sundial","Bottled Flame","Fusion Hammer","TungstenRod","Gremlin Horn","Art of War"],"potions_floor_usage":[6,16,19,31,37,41,41,45,47,50,50,50,50,50,50,54,54,55,55],"damage_taken":[{"damage":1,"enemies":"Jaw Worm","floor":1,"turns":4},{"damage":5,"enemies":"Small Slimes","floor":2,"turns":4},{"damage":0,"enemies":"Cultist","floor":4,"turns":2},{"damage":13,"enemies":"2 Fungi Beasts","floor":5,"turns":2},{"damage":28,"enemies":"Gremlin Nob","floor":6,"turns":5},{"damage":15,"enemies":"Gremlin Gang","floor":7,"turns":6},{"damage":4,"enemies":"Blue Slaver","floor":11,"turns":4},{"damage":3,"enemies":"Lots of Slimes","floor":13,"turns":4},{"damage":0,"enemies":"The Guardian","floor":16,"turns":6},{"damage":2,"enemies":"3 Byrds","floor":18,"turns":4},{"damage":6,"enemies":"2 Thieves","floor":19,"turns":2},{"damage":20,"enemies":"Snake Plant","floor":21,"turns":5},{"damage":21,"enemies":"Centurion and Healer","floor":22,"turns":5},{"damage":0,"enemies":"Gremlin Leader","floor":24,"turns":4},{"damage":0,"enemies":"3 Cultists","floor":29,"turns":4},{"damage":2,"enemies":"Snake Plant","floor":30,"turns":3},{"damage":16,"enemies":"Shelled Parasite and Fungi","floor":31,"turns":2},{"damage":20,"enemies":"Collector","floor":33,"turns":8},{"damage":7,"enemies":"3 Shapes","floor":35,"turns":5},{"damage":2,"enemies":"3 Darklings","floor":37,"turns":3},{"damage":15,"enemies":"4 Shapes","floor":39,"turns":3},{"damage":0,"enemies":"Mind Bloom Boss Battle","floor":41,"turns":5},{"damage":5,"enemies":"Writhing Mass","floor":45,"turns":3},{"damage":4,"enemies":"Spire Growth","floor":47,"turns":3},{"damage":54,"enemies":"Awakened One","floor":50,"turns":10},{"damage":0,"enemies":"Shield and Spear","floor":54,"turns":3},{"damage":90,"enemies":"The Heart","floor":55,"turns":6}],"seed_played":"-2210214275741546237","potions_obtained":[{"floor":5,"key":"PowerPotion"},{"floor":7,"key":"DuplicationPotion"},{"floor":16,"key":"FearPotion"},{"floor":18,"key":"Fire Potion"},{"floor":30,"key":"GamblersBrew"},{"floor":31,"key":"Dexterity Potion"},{"floor":33,"key":"Energy Potion"},{"floor":36,"key":"StancePotion"},{"floor":36,"key":"Block Potion"},{"floor":37,"key":"SpeedPotion"},{"floor":39,"key":"GamblersBrew"},{"floor":41,"key":"FearPotion"},{"floor":45,"key":"Dexterity Potion"},{"floor":54,"key":"Swift Potion"}],"is_trial":false,"path_per_floor":["M","M","?","M","M","E","M","?","T","R","M","$","M","T","R","B",null,"M","M","?","M","M","R","E","R","T","R","$","M","M","M","R","B",null,"M","?","M","$","M","R","?","R","T","R","M","?","M","?","R","B",null,"R","$","E","B"],"character_chosen":"WATCHER","items_purchased":["PreservedInsect","Apotheosis","MasterReality","Bottled Flame","EntropicBrew","Prostrate","AttackPotion","StancePotion","Weave"],"campfire_rested":8,"item_purchase_floors":[12,12,28,28,38,38,53,53,53],"current_hp_per_floor":[71,66,66,66,53,25,10,10,10,31,27,27,24,24,45,45,72,70,64,64,44,23,44,44,44,44,44,44,44,42,26,47,27,72,65,65,63,63,48,69,69,69,69,72,67,67,63,63,72,18,72,72,72,72,0],"gold":35,"neow_bonus":"RANDOM_COLORLESS_2","is_prod":false,"is_daily":false,"chose_seed":false,"campfire_upgraded":2,"win_rate":0.0,"timestamp":1569719231,"path_taken":["M","M","?","M","M","E","M","?","T","R","M","?","?","?","R","BOSS","M","M","?","M","M","R","E","R","T","R","$","M","?","M","R","BOSS","M","?","?","$","M","R","?","R","T","R","M","?","M","?","R","BOSS","R","$","E","BOSS"],"build_version":"2019-09-27","purchased_purges":0,"victory":false,"max_hp_per_floor":[72,72,72,72,72,72,72,72,72,72,72,72,72,72,72,72,72,72,72,72,72,72,72,72,72,72,72,72,72,72,72,72,72,72,72,72,72,72,72,72,72,72,72,72,72,72,72,72,72,72,72,72,72,72,72],"card_choices":[{"not_picked":["Secret Weapon","Mayhem"],"picked":"Secret Technique","floor":0},{"not_picked":["Consecrate","Conclude"],"picked":"ClearTheMind","floor":1},{"not_picked":["CrushJoints","BowlingBash"],"picked":"Devotion","floor":2},{"not_picked":["ForeignInfluence","Weave"],"picked":"Prostrate","floor":4},{"not_picked":["Crescendo","CrushJoints"],"picked":"Wallop","floor":5},{"not_picked":["SandsOfTime","FlyingSleeves"],"picked":"Halt","floor":6},{"not_picked":["Weave","Evaluate"],"picked":"WaveOfTheHand","floor":7},{"not_picked":["Halt","Fasting"],"picked":"CrushJoints","floor":11},{"not_picked":["Fasting","Protect"],"picked":"Unraveling","floor":13},{"not_picked":["DevaForm","Unraveling"],"picked":"Judgement","floor":16},{"not_picked":["EmptyMind+1","Weave"],"picked":"Vengeance+1","floor":18},{"not_picked":["ThirdEye","SandsOfTime"],"picked":"Protect+1","floor":19},{"not_picked":["SashWhip","Fasting"],"picked":"Weave+1","floor":21},{"not_picked":["DeceiveReality","CarveReality"],"picked":"Worship","floor":22},{"not_picked":["FollowUp","Perseverance"],"picked":"WindmillStrike+1","floor":24},{"not_picked":["Crescendo+1","CrushJoints"],"picked":"Swivel","floor":29},{"not_picked":["FlowState","Weave","ClearTheMind"],"picked":"SKIP","floor":30},{"not_picked":["Crescendo","JustLucky"],"picked":"FollowUp+1","floor":31},{"not_picked":["Blasphemy","Brilliance"],"picked":"DevaForm","floor":33},{"not_picked":["Sanctity+1","CrushJoints"],"picked":"ThirdEye+1","floor":35},{"not_picked":["CrushJoints+1","SashWhip+1"],"picked":"Devotion","floor":37},{"not_picked":["Prostrate+1","ForeignInfluence+1"],"picked":"EmptyFist","floor":39},{"not_picked":["EmptyBody","PathToVictory+1"],"picked":"Protect+1","floor":41},{"not_picked":["CutThroughFate","WreathOfFlame+1"],"picked":"Adaptation","floor":45},{"not_picked":["Consecrate","CutThroughFate"],"picked":"WheelKick+1","floor":47},{"not_picked":["FearNoEvil+1","Weave+1"],"picked":"Collect+1","floor":54}],"player_experience":180350,"relics_obtained":[{"floor":6,"key":"Potion Belt"},{"floor":9,"key":"InkBottle"},{"floor":14,"key":"Letter Opener"},{"floor":24,"key":"Sundial"},{"floor":41,"key":"TungstenRod"},{"floor":43,"key":"Gremlin Horn"},{"floor":54,"key":"Art of War"}],"event_choices":[{"damage_healed":0,"gold_gain":0,"cards_transformed":["Strike_P"],"player_choice":"Change","damage_taken":0,"max_hp_gain":0,"max_hp_loss":0,"event_name":"Living Wall","floor":3,"gold_loss":0,"cards_obtained":["WindmillStrike"]},{"damage_healed":0,"gold_gain":175,"player_choice":"AGREE","damage_taken":0,"max_hp_gain":0,"max_hp_loss":0,"event_name":"Liars Game","floor":8,"gold_loss":0,"cards_obtained":["Doubt"]},{"cards_removed":["Strike_P"],"damage_healed":0,"gold_gain":0,"player_choice":"Took Card","damage_taken":0,"max_hp_gain":0,"max_hp_loss":0,"event_name":"NoteForYourself","floor":20,"gold_loss":0,"cards_obtained":["Iron Wave"]},{"damage_healed":0,"gold_gain":0,"player_choice":"Bought 2 Potions","damage_taken":0,"max_hp_gain":0,"max_hp_loss":0,"event_name":"The Woman in Blue","floor":36,"gold_loss":0},{"damage_healed":0,"gold_gain":0,"player_choice":"Fight","damage_taken":0,"max_hp_gain":0,"max_hp_loss":0,"event_name":"MindBloom","floor":41,"gold_loss":0},{"damage_healed":0,"gold_gain":0,"player_choice":"Ignored","damage_taken":0,"max_hp_gain":0,"max_hp_loss":0,"event_name":"Mysterious Sphere","floor":46,"gold_loss":0},{"cards_removed":["Weave"],"damage_healed":0,"gold_gain":0,"player_choice":"Removed Attack","damage_taken":0,"max_hp_gain":0,"max_hp_loss":0,"event_name":"Falling","floor":48,"gold_loss":0}],"is_beta":true,"boss_relics":[{"not_picked":["Sozu","Ectoplasm"],"picked":"HolyWater"},{"not_picked":["Velvet Choker","Astrolabe"],"picked":"Fusion Hammer"}],"items_purged_floors":[],"is_endless":false,"potions_floor_spawned":[5,7,16,18,30,31,33,37,39,41,45,54],"killed_by":"The Heart","ascension_level":0}