{"gold_per_floor":[110,125,125,14,34,34,53,85,138,152,152,177,177,211,211,308,308,324,324,336,23,23,23,23],"floor_reached":24,"playtime":917,"items_purged":["Strike_R","Strike_R"],"score":265,"play_id":"cf10c77c-ecdb-4b06-8379-dfe2c81889ea","local_time":"20190927123537","is_ascension_mode":true,"campfire_choices":[{"floor":6,"key":"RECALL"},{"floor":13,"key":"REST"},{"floor":15,"key":"REST"},{"floor":23,"key":"REST"}],"neow_cost":"NONE","seed_source_timestamp":1287550840698400,"circlet_count":0,"master_deck":["Strike_R","Strike_R","Strike_R","Defend_R","Defend_R","Defend_R","Defend_R","Bash","Power Through","Blind","Hemokinesis","Reckless Charge","Reckless Charge","Disarm","Flex","Feed","Fiend Fire","Inflame","Havoc+1","Bludgeon","Sentinel"],"relics":["Runic Cube","Darkstone Periapt","Pen Nib","Orichalcum","Black Star","Potion Belt"],"potions_floor_usage":[8,8,10,24,24],"damage_taken":[{"damage":1,"enemies":"Cultist","floor":1,"turns":3},{"damage":7,"enemies":"Jaw Worm","floor":2,"turns":3},{"damage":3,"enemies":"2 Louse","floor":5,"turns":3},{"damage":7,"enemies":"Blue Slaver","floor":7,"turns":3},{"damage":23,"enemies":"3 Sentries","floor":8,"turns":5},{"damage":3,"enemies":"Red Slaver","floor":10,"turns":2},{"damage":23,"enemies":"Gremlin Nob","floor":14,"turns":4},{"damage":39,"enemies":"Slime Boss","floor":16,"turns":12},{"damage":9,"enemies":"Chosen","floor":18,"turns":4},{"damage":3,"enemies":"Spheric Guardian","floor":20,"turns":3},{"damage":69,"enemies":"Gremlin Leader","floor":24,"turns":6}],"seed_played":"5830370415854353769","potions_obtained":[{"floor":1,"key":"Swift Potion"},{"floor":2,"key":"PowerPotion"},{"floor":7,"key":"PowerPotion"},{"floor":16,"key":"SteroidPotion"},{"floor":18,"key":"Explosive Potion"}],"is_trial":false,"path_per_floor":["M","M","?","$","M","R","M","E","T","M","?","T","R","E","R","B",null,"M","T","M","$","?","R","E"],"character_chosen":"IRONCLAD","items_purchased":["Reckless Charge","Bludgeon","Sentinel"],"campfire_rested":3,"item_purchase_floors":[4,21,21],"current_hp_per_floor":[71,64,64,64,61,61,54,31,31,28,28,28,52,29,53,14,64,55,55,52,52,37,62,0],"gold":23,"neow_bonus":"BOSS_RELIC","is_prod":false,"is_daily":false,"chose_seed":false,"campfire_upgraded":0,"win_rate":0,"timestamp":1569602137,"path_taken":["M","?","?","?","M","R","M","E","T","M","?","?","R","E","R","BOSS","M","?","M","$","?","R","E"],"build_version":"2019-07-17","purchased_purges":2,"victory":false,"max_hp_per_floor":[80,80,80,80,80,80,80,80,80,80,80,80,80,80,80,80,80,80,80,80,80,85,85,85],"card_choices":[{"not_picked":["Havoc","Sentinel","Evolve"],"picked":"SKIP","floor":1},{"not_picked":["Ghostly Armor","True Grit"],"picked":"Power Through","floor":2},{"not_picked":["Intimidate","Carnage"],"picked":"Reckless Charge","floor":5},{"not_picked":["True Grit","Clothesline"],"picked":"Disarm","floor":7},{"not_picked":["Dual Wield","Warcry"],"picked":"Flex","floor":8},{"not_picked":["Twin Strike","Body Slam","Clothesline"],"picked":"SKIP","floor":10},{"not_picked":["Disarm","Berserk"],"picked":"Feed","floor":14},{"not_picked":["Berserk","Brutality"],"picked":"Fiend Fire","floor":16},{"not_picked":["Sword Boomerang","Clash"],"picked":"Inflame","floor":18},{"not_picked":["Battle Trance","Metallicize"],"picked":"Havoc+1","floor":20}],"player_experience":132006,"relics_obtained":[{"floor":8,"key":"Darkstone Periapt"},{"floor":12,"key":"Pen Nib"},{"floor":14,"key":"Orichalcum"},{"floor":19,"key":"Potion Belt"}],"event_choices":[{"damage_healed":0,"gold_gain":0,"player_choice":"2 cards matched","damage_taken":0,"max_hp_gain":0,"max_hp_loss":0,"event_name":"Match and Keep!","floor":3,"gold_loss":0,"cards_obtained":["Blind","Hemokinesis"]},{"damage_healed":0,"gold_gain":0,"player_choice":"Ignored","damage_taken":0,"max_hp_gain":0,"max_hp_loss":0,"event_name":"Shining Light","floor":11,"gold_loss":0},{"damage_healed":0,"gold_gain":0,"player_choice":"Shed Blood","damage_taken":20,"max_hp_gain":5,"max_hp_loss":0,"event_name":"Forgotten Altar","floor":22,"gold_loss":0}],"is_beta":false,"boss_relics":[{"not_picked":["Eternal Feather","Calling Bell"],"picked":"Black Star"}],"items_purged_floors":[4,21],"is_endless":false,"potions_floor_spawned":[1,2,7,16,18],"killed_by":"Gremlin Leader","ascension_level":6}