{"gold_per_floor":[114,133,146,156,174,174,174,208,235,250,273,309,309,347,347,443,443,467,467,427,220,220],"floor_reached":22,"playtime":1249,"items_purged":["Strike_B"],"score":416,"play_id":"41fe7924-8637-4ac6-95ab-563c4a9fec6b","local_time":"20190824181616","is_ascension_mode":true,"campfire_choices":[{"floor":6,"key":"REST"},{"data":"Darkness","floor":15,"key":"SMITH"}],"neow_cost":"NONE","seed_source_timestamp":677576626207600,"circlet_count":0,"master_deck":["AscendersBane","Strike_B","Strike_B","Strike_B","Defend_B","Defend_B","Defend_B","Defend_B","Zap","Dualcast","Multi-Cast","Ball Lightning","Rip and Tear","Coolheaded","Darkness+1","Capacitor","Sweeping Beam","Cold Snap","Sweeping Beam","Echo Form","Biased Cognition","Hologram+1","Darkness","Conserve Battery","Reinforced Body"],"relics":["FrozenCore","Golden Idol","Question Card","Oddly Smooth Stone","Smiling Mask","Strawberry"],"potions_floor_usage":[10,11,12,22,22],"damage_taken":[{"damage":4,"enemies":"Small Slimes","floor":1,"turns":4},{"damage":1,"enemies":"Cultist","floor":2,"turns":3},{"damage":7,"enemies":"Jaw Worm","floor":3,"turns":3},{"damage":13,"enemies":"Large Slime","floor":4,"turns":4},{"damage":6,"enemies":"Blue Slaver","floor":5,"turns":3},{"damage":26,"enemies":"Lagavulin","floor":8,"turns":6},{"damage":7,"enemies":"2 Fungi Beasts","floor":10,"turns":5},{"damage":5,"enemies":"Exordium Wildlife","floor":11,"turns":4},{"damage":24,"enemies":"Gremlin Nob","floor":12,"turns":4},{"damage":16,"enemies":"Lagavulin","floor":14,"turns":8},{"damage":64,"enemies":"Slime Boss","floor":16,"turns":8},{"damage":23,"enemies":"3 Byrds","floor":18,"turns":6},{"damage":33,"enemies":"2 Thieves","floor":20,"turns":5},{"damage":21,"enemies":"Cultist and Chosen","floor":22,"turns":3}],"seed_played":"4648544833547636949","potions_obtained":[{"floor":4,"key":"Regen Potion"},{"floor":5,"key":"SkillPotion"},{"floor":10,"key":"SneckoOil"},{"floor":20,"key":"Poison Potion"}],"is_trial":false,"path_per_floor":["M","M","M","M","M","R","?","E","T","M","M","E","?","E","R","B",null,"M","?","M","$","M"],"character_chosen":"DEFECT","items_purchased":["Regen Potion","Reinforced Body"],"campfire_rested":1,"item_purchase_floors":[21,21],"current_hp_per_floor":[60,59,52,39,33,54,54,28,28,35,30,6,74,65,65,1,61,38,38,5,5,0],"gold":220,"neow_bonus":"ONE_RANDOM_RARE_CARD","is_prod":false,"is_daily":false,"chose_seed":false,"campfire_upgraded":1,"win_rate":0,"timestamp":1566684976,"path_taken":["M","M","M","M","M","R","?","E","T","M","M","E","?","E","R","BOSS","M","?","M","$","M"],"build_version":"2019-07-17","purchased_purges":1,"victory":false,"max_hp_per_floor":[71,71,71,71,71,71,64,64,64,64,64,64,74,81,81,81,81,81,81,81,81,81],"card_choices":[{"not_picked":["Leap","Gash"],"picked":"Ball Lightning","floor":1},{"not_picked":["Chaos","Stack"],"picked":"Rainbow","floor":2},{"not_picked":["Recycle","Stack"],"picked":"Rip and Tear","floor":3},{"not_picked":["Double Energy","Hologram"],"picked":"Coolheaded","floor":4},{"not_picked":["Turbo","Consume"],"picked":"Darkness","floor":5},{"not_picked":["Heatsinks","Fission"],"picked":"Capacitor","floor":8},{"not_picked":["Capacitor","Auto Shields","Stack"],"picked":"Sweeping Beam","floor":10},{"not_picked":["Tempest","Scrape","Hologram"],"picked":"Cold Snap","floor":11},{"not_picked":["Compile Driver","Chaos","Sweeping Beam","Cold Snap"],"picked":"SKIP","floor":12},{"not_picked":["Compile Driver","Chaos","Cold Snap"],"picked":"Sweeping Beam","floor":12},{"not_picked":["Coolheaded","Stack","Cold Snap"],"picked":"Echo Form","floor":14},{"not_picked":["All For One","Seek","Hyperbeam"],"picked":"Biased Cognition","floor":16},{"not_picked":["Steam","Barrage+1","Storm"],"picked":"Hologram+1","floor":18},{"not_picked":["Rebound","Barrage","Ball Lightning"],"picked":"Conserve Battery","floor":20}],"player_experience":1018608,"relics_obtained":[{"floor":8,"key":"Question Card"},{"floor":9,"key":"Oddly Smooth Stone"},{"floor":12,"key":"Smiling Mask"},{"floor":14,"key":"Strawberry"}],"event_choices":[{"damage_healed":0,"gold_gain":0,"player_choice":"Lose Max HP","damage_taken":0,"relics_obtained":["Golden Idol"],"max_hp_gain":0,"max_hp_loss":7,"event_name":"Golden Idol","floor":7,"gold_loss":0},{"cards_removed":["Rainbow"],"damage_healed":58,"gold_gain":0,"player_choice":"Offered Rare","damage_taken":0,"max_hp_gain":10,"max_hp_loss":0,"event_name":"Bonfire Elementals","floor":13,"gold_loss":0},{"damage_healed":0,"gold_gain":0,"player_choice":"Read","damage_taken":0,"max_hp_gain":0,"max_hp_loss":0,"event_name":"The Library","floor":19,"gold_loss":0,"cards_obtained":["Darkness"]}],"is_beta":false,"boss_relics":[{"not_picked":["Tiny House","Eternal Feather"],"picked":"FrozenCore"}],"items_purged_floors":[21],"is_endless":false,"potions_floor_spawned":[4,5,8,10,20],"killed_by":"Cultist and Chosen","ascension_level":20}