{"gold_per_floor":[111,111,111,126,126,126,157,82,108,134,34,34,44,44,44,149,149,169,202,217,145,145,170,170],"floor_reached":24,"playtime":3531,"items_purged":["Strike_R","Strike_R"],"score":319,"play_id":"38de0d54-6a7b-4c50-9497-eac8340b3064","local_time":"20180927225234","is_ascension_mode":true,"campfire_choices":[{"floor":6,"key":"REST"},{"floor":12,"key":"REST"},{"floor":15,"key":"REST"}],"neow_cost":"NONE","seed_source_timestamp":214977579458679,"circlet_count":0,"master_deck":["Defend_R","Defend_R","Defend_R","Defend_R","Bash+1","Feel No Pain","Ghostly Armor+1","Pummel","Reckless Charge","Demon Form","Cleave","Dual Wield","Reaper","Disarm","Shrug It Off","Heavy Blade","Reaper","Dropkick+1"],"relics":["Burning Blood","Lantern","Juzu Bracelet","Bottled Tornado","Fusion Hammer","Red Mask","Kunai","FossilizedHelix"],"potions_floor_usage":[16,20],"damage_taken":[{"damage":14,"enemies":"Jaw Worm","floor":1,"turns":7},{"damage":1,"enemies":"Small Slimes","floor":4,"turns":6},{"damage":27,"enemies":"Lagavulin","floor":7,"turns":10},{"damage":46,"enemies":"Gremlin Nob","floor":10,"turns":6},{"damage":6,"enemies":"Cultist","floor":13,"turns":4},{"damage":24,"enemies":"Hexaghost","floor":16,"turns":6},{"damage":2,"enemies":"Chosen","floor":18,"turns":4},{"damage":53,"enemies":"Masked Bandits","floor":19,"turns":4},{"damage":34,"enemies":"Spheric Guardian","floor":20,"turns":7},{"damage":23,"enemies":"Gremlin Leader","floor":23,"turns":7},{"damage":30,"enemies":"Shelled Parasite and Fungi","floor":24,"turns":3}],"seed_played":"1316058042657588065","potions_obtained":[{"floor":13,"key":"AttackPotion"},{"floor":19,"key":"GamblersBrew"},{"floor":20,"key":"Energy Potion"}],"is_trial":false,"path_per_floor":["M","?","?","M","?","R","E","$","T","E","$","R","M","?","R","B",null,"M","?","M","$","?","E"],"character_chosen":"IRONCLAD","items_purchased":["Reaper"],"campfire_rested":3,"item_purchase_floors":[21],"current_hp_per_floor":[64,57,57,62,46,70,49,49,49,9,9,33,33,33,57,39,70,80,47,19,19,19,21,0],"gold":170,"neow_bonus":"TRANSFORM_CARD","is_prod":false,"is_daily":false,"chose_seed":false,"campfire_upgraded":0,"win_rate":0,"timestamp":1538106754,"path_taken":["M","?","?","M","?","R","E","$","T","E","$","R","M","?","R","BOSS","M","?","M","$","?","E","M"],"build_version":"2018-09-27","purchased_purges":2,"victory":false,"max_hp_per_floor":[80,80,80,80,80,80,80,80,80,80,80,80,80,80,80,80,80,80,80,80,80,80,80,80],"card_choices":[{"not_picked":["Havoc","Clash"],"picked":"Ghostly Armor","floor":1},{"not_picked":["Pommel Strike","Heavy Blade"],"picked":"Reckless Charge","floor":4},{"not_picked":["Thunderclap","Pommel Strike"],"picked":"Demon Form","floor":7},{"not_picked":["Perfected Strike","Havoc"],"picked":"Cleave","floor":10},{"not_picked":["Entrench","Dropkick"],"picked":"Dual Wield","floor":13},{"not_picked":["Bludgeon","Fiend Fire"],"picked":"Reaper","floor":16},{"not_picked":["Carnage","Body Slam"],"picked":"Disarm","floor":18},{"not_picked":["Twin Strike","Thunderclap"],"picked":"Shrug It Off","floor":19},{"not_picked":["Clash+1","Perfected Strike"],"picked":"Heavy Blade","floor":20},{"not_picked":["Intimidate","Heavy Blade"],"picked":"Dropkick+1","floor":23}],"player_experience":659145,"relics_obtained":[{"floor":7,"key":"Lantern"},{"floor":9,"key":"Juzu Bracelet"},{"floor":10,"key":"Bottled Tornado"},{"floor":19,"key":"Red Mask"},{"floor":23,"key":"FossilizedHelix"}],"event_choices":[{"event_name":"Golden Wing","player_choice":"Card Removal","floor":2,"damage_taken":0},{"event_name":"Living Wall","player_choice":"Change","floor":3,"damage_taken":0},{"event_name":"Shining Light","player_choice":"Entered Light","floor":5,"damage_taken":0},{"event_name":"Liars Game","player_choice":"disagreed","floor":14,"damage_taken":0},{"event_name":"Masked Bandits","player_choice":"Fought Bandits","floor":19,"damage_taken":0},{"event_name":"WeMeetAgain","player_choice":"Potion","floor":22,"damage_taken":0}],"is_beta":false,"boss_relics":[{"not_picked":["Pandora\u0027s Box","Black Blood"],"picked":"Fusion Hammer"}],"items_purged_floors":[8,11],"is_endless":false,"potions_floor_spawned":[13,19,20],"killed_by":"Shelled Parasite and Fungi","ascension_level":9}