{"gold_per_floor":[119,194,47,47,47,47,47,47,124,135,135,169,185,211,211,309,309,322,322,25,25,25,37,37,51,78,22,22,37,37,48,48,147,147,164,164,184,184,184],"floor_reached":39,"playtime":1510,"items_purged":["Strike_R"],"score":435,"play_id":"d1a3ba6a-6353-413f-afda-acb8ff248b17","local_time":"20190926062515","is_ascension_mode":false,"campfire_choices":[{"floor":6,"key":"RECALL"},{"data":"Inflame","floor":8,"key":"SMITH"},{"data":"Inflame","floor":11,"key":"SMITH"},{"data":"Rampage","floor":15,"key":"SMITH"},{"floor":28,"key":"REST"},{"data":"Rupture","floor":30,"key":"SMITH"},{"floor":32,"key":"REST"}],"neow_cost":"NONE","seed_source_timestamp":1178335914854600,"circlet_count":0,"master_deck":["Defend_R","Defend_R","Defend_R","Defend_R","Intimidate","Inflame+1","Juggernaut","Inflame+1","Ghostly Armor","Cleave","Rampage+1","Double Tap","Combust","Bite","Bite","Bite","Bite","Bite","Rupture+1","Shockwave","Heavy Blade","Twin Strike","Whirlwind","Infernal Blade+1","Sword Boomerang","Brutality","Spot Weakness","Combust","Writhe"],"relics":["Black Blood","NeowsBlessing","Smiling Mask","Paper Frog","Pear","Mango","Runic Cube","Membership Card","Centennial Puzzle"],"potions_floor_usage":[29,31,33,39,39],"damage_taken":[{"damage":0,"enemies":"Small Slimes","floor":1,"turns":1},{"damage":0,"enemies":"Cultist","floor":10,"turns":1},{"damage":0,"enemies":"3 Sentries","floor":12,"turns":2},{"damage":0,"enemies":"2 Louse","floor":13,"turns":4},{"damage":29,"enemies":"Gremlin Nob","floor":14,"turns":4},{"damage":68,"enemies":"The Guardian","floor":16,"turns":9},{"damage":11,"enemies":"Chosen","floor":18,"turns":4},{"damage":37,"enemies":"2 Thieves","floor":23,"turns":4},{"damage":35,"enemies":"Cultist and Chosen","floor":25,"turns":5},{"damage":1,"enemies":"3 Cultists","floor":29,"turns":2},{"damage":27,"enemies":"Sentry and Sphere","floor":31,"turns":5},{"damage":64,"enemies":"Champ","floor":33,"turns":8},{"damage":42,"enemies":"Orb Walker","floor":35,"turns":4},{"damage":27,"enemies":"3 Darklings","floor":37,"turns":4},{"damage":61,"enemies":"Maw","floor":39,"turns":7}],"seed_played":"6013524891311190179","potions_obtained":[{"floor":13,"key":"SteroidPotion"},{"floor":18,"key":"Swift Potion"},{"floor":29,"key":"SteroidPotion"},{"floor":31,"key":"EssenceOfSteel"}],"is_trial":false,"path_per_floor":["M","?","$","?","?","R","?","R","T","M","R","E","M","E","R","B",null,"M","?","$","?","?","M","?","M","T","$","R","M","R","M","R","B",null,"M","?","M","?","M"],"character_chosen":"IRONCLAD","items_purchased":["Inflame","Membership Card","Rupture","Hemokinesis","Shockwave","Whirlwind","BloodPotion"],"campfire_rested":2,"item_purchase_floors":[3,20,20,20,20,27,27],"current_hp_per_floor":[80,72,72,72,72,72,69,69,69,75,75,90,90,81,81,19,104,99,72,72,72,72,43,43,22,22,22,43,48,48,41,62,30,72,46,46,33,51,0],"gold":184,"neow_bonus":"THREE_ENEMY_KILL","is_prod":false,"is_daily":false,"chose_seed":false,"campfire_upgraded":4,"win_rate":0,"timestamp":1569493515,"path_taken":["M","?","$","?","?","R","?","R","T","M","R","E","M","E","R","BOSS","M","?","$","?","?","?","?","M","T","?","R","?","R","M","R","BOSS","M","?","M","?","M"],"build_version":"2019-07-17","purchased_purges":1,"victory":false,"max_hp_per_floor":[80,80,80,80,80,80,80,80,80,80,80,90,90,104,104,104,104,104,72,72,72,72,72,72,72,72,72,72,72,72,72,72,72,72,72,72,72,72,72],"card_choices":[{"not_picked":["Headbutt","Sentinel"],"picked":"Intimidate","floor":1},{"not_picked":["Metallicize","Burning Pact"],"picked":"Inflame","floor":10},{"not_picked":["Havoc","Headbutt"],"picked":"Ghostly Armor","floor":12},{"not_picked":["Hemokinesis","Burning Pact"],"picked":"Cleave","floor":13},{"not_picked":["Feel No Pain","Clothesline"],"picked":"Rampage","floor":14},{"not_picked":["Berserk","Limit Break"],"picked":"Double Tap","floor":16},{"not_picked":["Clash","Sword Boomerang+1"],"picked":"Combust","floor":18},{"not_picked":["Intimidate","Anger"],"picked":"Heavy Blade","floor":23},{"not_picked":["Iron Wave+1","Reckless Charge+1"],"picked":"Twin Strike","floor":25},{"not_picked":["Shrug It Off+1","Ghostly Armor"],"picked":"Infernal Blade+1","floor":29},{"not_picked":["Twin Strike","Corruption+1"],"picked":"Sword Boomerang","floor":31},{"not_picked":["Bludgeon","Impervious"],"picked":"Brutality","floor":33},{"not_picked":["Clothesline","Headbutt"],"picked":"Spot Weakness","floor":35},{"not_picked":["Burning Pact","Wild Strike"],"picked":"Combust","floor":37}],"player_experience":95378,"relics_obtained":[{"floor":9,"key":"Paper Frog"},{"floor":12,"key":"Pear"},{"floor":14,"key":"Mango"},{"floor":26,"key":"Centennial Puzzle"}],"event_choices":[{"damage_healed":0,"gold_gain":75,"player_choice":"Touch","damage_taken":8,"max_hp_gain":0,"max_hp_loss":0,"event_name":"FaceTrader","floor":2,"gold_loss":0},{"damage_healed":0,"gold_gain":0,"cards_transformed":["Strike_R"],"player_choice":"Change","damage_taken":0,"max_hp_gain":0,"max_hp_loss":0,"event_name":"Living Wall","floor":4,"gold_loss":0,"cards_obtained":["Juggernaut"]},{"damage_healed":0,"gold_gain":0,"player_choice":"Ignored","damage_taken":0,"max_hp_gain":0,"max_hp_loss":0,"event_name":"Liars Game","floor":5,"gold_loss":0},{"damage_healed":0,"gold_gain":0,"player_choice":"Success","damage_taken":3,"relics_obtained":["Smiling Mask"],"max_hp_gain":0,"max_hp_loss":0,"event_name":"Scrap Ooze","floor":7,"gold_loss":0},{"damage_healed":0,"gold_gain":0,"player_choice":"Became a vampire","damage_taken":0,"max_hp_gain":0,"max_hp_loss":32,"event_name":"Vampires","floor":19,"gold_loss":0,"cards_obtained":["Bite","Bite","Bite","Bite","Bite"]},{"damage_healed":0,"gold_gain":0,"player_choice":"Ignored","damage_taken":0,"max_hp_gain":0,"max_hp_loss":0,"event_name":"Ghosts","floor":21,"gold_loss":0},{"cards_removed":["Bash"],"damage_healed":0,"gold_gain":0,"player_choice":"Purged","damage_taken":0,"max_hp_gain":0,"max_hp_loss":0,"event_name":"Purifier","floor":22,"gold_loss":0},{"cards_removed":["Hemokinesis"],"damage_healed":0,"gold_gain":0,"player_choice":"Removed Attack","damage_taken":0,"max_hp_gain":0,"max_hp_loss":0,"event_name":"Falling","floor":36,"gold_loss":0},{"damage_healed":18,"gold_gain":0,"player_choice":"Writhe","damage_taken":0,"max_hp_gain":0,"max_hp_loss":0,"event_name":"Winding Halls","floor":38,"gold_loss":0,"cards_obtained":["Writhe"]}],"is_beta":false,"boss_relics":[{"not_picked":["Fusion Hammer","Coffee Dripper"],"picked":"Runic Cube"},{"not_picked":["Runic Dome","Eternal Feather"],"picked":"Black Blood"}],"items_purged_floors":[3],"is_endless":false,"potions_floor_spawned":[13,18,29,31],"killed_by":"Maw","ascension_level":0}