{"gold_per_floor":[110,130,150,168,19,84,108,141,141,158,158,177,22,34,34,34],"floor_reached":16,"playtime":684,"items_purged":["Strike_B"],"score":131,"play_id":"03d3e766-94cd-431a-9c31-79485dbd0f51","local_time":"20190607160338","is_ascension_mode":true,"campfire_choices":[{"floor":11,"key":"REST"},{"floor":15,"key":"REST"}],"neow_cost":"NONE","seed_source_timestamp":26236598676698,"circlet_count":0,"master_deck":["Strike_B","Strike_B","Strike_B","Defend_B","Defend_B","Defend_B","Defend_B","Zap","Dualcast","Conserve Battery","Gash","Tempest","Loop","Defragment","Conserve Battery","White Noise","Conserve Battery","Hologram"],"relics":["Cracked Core","NeowsBlessing","Tiny Chest","Dream Catcher","Art of War","Gremlin Horn","Bronze Scales"],"potions_floor_usage":[8,10,16,16],"damage_taken":[{"damage":0,"enemies":"Cultist","floor":1,"turns":1},{"damage":0,"enemies":"Jaw Worm","floor":2,"turns":1},{"damage":0,"enemies":"Small Slimes","floor":3,"turns":1},{"damage":16,"enemies":"3 Louse","floor":4,"turns":4},{"damage":28,"enemies":"3 Sentries","floor":6,"turns":8},{"damage":29,"enemies":"Lagavulin","floor":8,"turns":6},{"damage":0,"enemies":"Blue Slaver","floor":10,"turns":3},{"damage":0,"enemies":"Looter","floor":12,"turns":3},{"damage":12,"enemies":"2 Fungi Beasts","floor":14,"turns":4},{"damage":36,"enemies":"The Guardian","floor":16,"turns":10}],"seed_played":"-7922731923719030908","potions_obtained":[{"floor":2,"key":"GamblersBrew"},{"floor":6,"key":"Fire Potion"},{"floor":8,"key":"SteroidPotion"},{"floor":14,"key":"Poison Potion"}],"is_trial":false,"path_per_floor":["M","M","M","M","$","E","T","E","T","M","R","M","$","M","R","B"],"character_chosen":"DEFECT","items_purchased":["Loop","Bronze Scales"],"campfire_rested":2,"item_purchase_floors":[5,13],"current_hp_per_floor":[75,75,75,59,59,31,31,2,2,2,24,24,24,12,34,0],"gold":34,"neow_bonus":"THREE_ENEMY_KILL","is_prod":false,"is_daily":false,"chose_seed":false,"campfire_upgraded":0,"win_rate":0,"timestamp":1559916218,"path_taken":["M","?","M","M","$","E","?","E","T","M","R","?","?","M","R","BOSS"],"build_version":"2019-01-23","purchased_purges":1,"victory":false,"max_hp_per_floor":[75,75,75,75,75,75,75,75,75,75,75,75,75,75,75,75],"card_choices":[{"not_picked":["Cold Snap","Chaos"],"picked":"Conserve Battery","floor":1},{"not_picked":["Conserve Battery","Hologram"],"picked":"Gash","floor":2},{"not_picked":["Skim","Core Surge","Go for the Eyes"],"picked":"SKIP","floor":3},{"not_picked":["Redo","Coolheaded"],"picked":"Tempest","floor":4},{"not_picked":["Steam","Hyperbeam"],"picked":"Defragment","floor":6},{"not_picked":["Beam Cell","Coolheaded"],"picked":"Conserve Battery","floor":8},{"not_picked":["FTL","Sunder"],"picked":"White Noise","floor":10},{"not_picked":["Turbo","Genetic Algorithm"],"picked":"Conserve Battery","floor":12},{"not_picked":["Go for the Eyes","Chaos","Reprogram"],"picked":"SKIP","floor":14},{"not_picked":["Darkness","Ball Lightning"],"picked":"Hologram","floor":15}],"player_experience":203411,"relics_obtained":[{"floor":6,"key":"Tiny Chest"},{"floor":7,"key":"Dream Catcher"},{"floor":8,"key":"Art of War"},{"floor":9,"key":"Gremlin Horn"}],"event_choices":[],"is_beta":false,"boss_relics":[],"items_purged_floors":[5],"is_endless":false,"potions_floor_spawned":[2,6,8,14],"killed_by":"The Guardian","ascension_level":3}