{"gold_per_floor":[110,125,135,145,145,173,173,98,151,151,167,199,216,226,226,226],"floor_reached":16,"playtime":2440,"items_purged":["Strike_G"],"score":125,"play_id":"0c93ecd1-44fe-4589-9844-e4a049987089","local_time":"20190929225638","is_ascension_mode":true,"campfire_choices":[{"floor":7.0,"key":"REST"},{"data":"After Image","floor":10.0,"key":"SMITH"},{"data":"Infinite Blades","floor":15.0,"key":"SMITH"}],"neow_cost":"PERCENT_DAMAGE","seed_source_timestamp":1816358872240742,"circlet_count":0,"master_deck":["Strike_G","Strike_G+1","Strike_G+1","Strike_G","Defend_G","Defend_G","Defend_G","Defend_G","Survivor","Neutralize","After Image+1","Cloak And Dagger","Leg Sweep","Malaise","Infinite Blades+1","Footwork","PiercingWail"],"special_seed":0,"relics":["Ring of the Snake","Omamori","Tiny Chest","Whetstone"],"potions_floor_usage":[16],"damage_taken":[{"damage":3.0,"enemies":"2 Louse","floor":1.0,"turns":4.0},{"damage":0.0,"enemies":"Cultist","floor":2.0,"turns":4.0},{"damage":0.0,"enemies":"Small Slimes","floor":3.0,"turns":4.0},{"damage":0.0,"enemies":"2 Fungi Beasts","floor":4.0,"turns":8.0},{"damage":34.0,"enemies":"Gremlin Nob","floor":6.0,"turns":7.0},{"damage":0.0,"enemies":"Large Slime","floor":11.0,"turns":11.0},{"damage":13.0,"enemies":"3 Sentries","floor":12.0,"turns":12.0},{"damage":0.0,"enemies":"Looter","floor":13.0,"turns":4.0},{"damage":0.0,"enemies":"Exordium Wildlife","floor":14.0,"turns":4.0},{"damage":22,"enemies":"Slime Boss","floor":16,"turns":13}],"seed_played":"-1828772811922127456","potions_obtained":[{"floor":2.0,"key":"LiquidBronze"},{"floor":12.0,"key":"AttackPotion"},{"floor":13.0,"key":"Block Potion"}],"is_trial":false,"path_per_floor":["M","M","M","M","?","E","R","$","T","R","M","E","M","M","R","B"],"character_chosen":"THE_SILENT","items_purchased":[],"campfire_rested":1,"item_purchase_floors":[],"current_hp_per_floor":[46,46,46,46,46,12,33,33,33,33,33,20,20,20,20,0],"gold":226,"neow_bonus":"THREE_RARE_CARDS","is_prod":false,"is_daily":false,"chose_seed":false,"campfire_upgraded":2,"win_rate":0,"timestamp":1569812198,"path_taken":["M","M","M","M","?","E","R","$","T","R","M","E","?","M","R","BOSS"],"build_version":"2019-07-17","purchased_purges":1,"victory":false,"max_hp_per_floor":[70,70,70,70,70,70,70,70,70,70,70,70,70,70,70,70],"card_choices":[{"not_picked":["Adrenaline","Bullet Time"],"picked":"After Image","floor":0.0},{"not_picked":["Flying Knee","Deadly Poison"],"picked":"Cloak And Dagger","floor":1.0},{"not_picked":["Catalyst","Quick Slash","Dagger Spray"],"picked":"SKIP","floor":2.0},{"not_picked":["Heel Hook","All Out Attack"],"picked":"Leg Sweep","floor":3.0},{"not_picked":["Underhanded Strike","Outmaneuver","Heel Hook"],"picked":"SKIP","floor":4.0},{"not_picked":["Quick Slash","Eviscerate","Dagger Throw"],"picked":"SKIP","floor":6.0},{"not_picked":["Outmaneuver","Bane"],"picked":"Malaise","floor":11.0},{"not_picked":["Eviscerate","Dodge and Roll"],"picked":"Infinite Blades","floor":12.0},{"not_picked":["Crippling Poison","Escape Plan"],"picked":"Footwork","floor":13.0},{"not_picked":["Dagger Throw","Eviscerate"],"picked":"PiercingWail","floor":14.0}],"player_experience":530884,"relics_obtained":[{"floor":6.0,"key":"Omamori"},{"floor":9.0,"key":"Tiny Chest"},{"floor":12.0,"key":"Whetstone"}],"event_choices":[{"cards_removed":["Defend_G"],"damage_healed":0.0,"max_hp_gain":0.0,"max_hp_loss":0.0,"gold_gain":0.0,"event_name":"Bonfire Elementals","player_choice":"Offered Basic","floor":5.0,"gold_loss":0.0,"damage_taken":0.0}],"is_beta":false,"boss_relics":[],"items_purged_floors":[8],"is_endless":false,"potions_floor_spawned":[2,12,13],"killed_by":"Slime Boss","ascension_level":2}