{"gold_per_floor":[113,67,94,269,269,296,296,296,323,323,354,367,367,402,402,504,504,516,107,107,107,123,123,133,133,133,133,144,144,144,155,155,253,253,272,289,289,46,0,0,100,113,113,113,123,136,147,147,147,147],"floor_reached":50,"playtime":4254,"items_purged":["Parasite"],"score":657,"play_id":"a0f975b8-1a55-4028-9683-9d96c30c5afa","local_time":"20190822165947","is_ascension_mode":true,"campfire_choices":[{"data":"Glacier","floor":8,"key":"SMITH"},{"data":"Hologram","floor":10,"key":"SMITH"},{"data":"Zap","floor":13,"key":"SMITH"},{"data":"Capacitor","floor":15,"key":"SMITH"},{"floor":23,"key":"REST"},{"data":"Machine Learning","floor":27,"key":"SMITH"},{"data":"Redo","floor":29,"key":"SMITH"},{"data":"Go for the Eyes","floor":32,"key":"SMITH"},{"floor":40,"key":"RECALL"},{"floor":49,"key":"REST"}],"neow_cost":"NONE","seed_source_timestamp":193743117512389,"circlet_count":0,"master_deck":["Defend_B+1","Defend_B+1","Defend_B+1","Defend_B+1","Zap+1","Dualcast","Glacier+1","Cold Snap","Hologram+1","Capacitor+1","Cold Snap","Seek","Core Surge","Conserve Battery","Go for the Eyes+1","Hologram","Capacitor","Capacitor","Machine Learning+1","BootSequence+1","Bite","Bite","Bite","Bite","Redo+1","Loop","Conserve Battery+1","Madness","Madness","Force Field+1"],"relics":["Cracked Core","NeowsBlessing","Regal Pillow","Potion Belt","Bag of Preparation","Omamori","Orichalcum","Orrery","Mummified Hand","Ornamental Fan","Fusion Hammer","Symbiotic Virus","Red Mask","Gambling Chip","Boot"],"potions_floor_usage":[22,33,33,33,42,45,50,50,50],"damage_taken":[{"damage":0,"enemies":"Cultist","floor":1,"turns":1},{"damage":0,"enemies":"Lagavulin","floor":6,"turns":1},{"damage":0,"enemies":"3 Sentries","floor":11,"turns":1},{"damage":0,"enemies":"Small Slimes","floor":12,"turns":3},{"damage":17,"enemies":"Lagavulin","floor":14,"turns":7},{"damage":29,"enemies":"Slime Boss","floor":16,"turns":15},{"damage":2,"enemies":"Chosen","floor":18,"turns":5},{"damage":24,"enemies":"2 Thieves","floor":22,"turns":5},{"damage":17,"enemies":"3 Cultists","floor":24,"turns":8},{"damage":0,"enemies":"Cultist and Chosen","floor":28,"turns":8},{"damage":0,"enemies":"Centurion and Healer","floor":31,"turns":12},{"damage":65,"enemies":"Champ","floor":33,"turns":20},{"damage":7,"enemies":"3 Darklings","floor":35,"turns":10},{"damage":1,"enemies":"Orb Walker","floor":36,"turns":5},{"damage":2,"enemies":"Mind Bloom Boss Battle","floor":41,"turns":9},{"damage":28,"enemies":"Jaw Worm Horde","floor":42,"turns":4},{"damage":12,"enemies":"Sphere and 2 Shapes","floor":45,"turns":8},{"damage":0,"enemies":"Spire Growth","floor":46,"turns":6},{"damage":12,"enemies":"Transient","floor":47,"turns":5},{"damage":122,"enemies":"Donu and Deca","floor":50,"turns":17}],"seed_played":"-6518720161959676973","potions_obtained":[{"floor":1,"key":"Weak Potion"},{"floor":12,"key":"SpeedPotion"},{"floor":14,"key":"SkillPotion"},{"floor":18,"key":"AttackPotion"},{"floor":22,"key":"Swift Potion"},{"floor":35,"key":"Explosive Potion"},{"floor":36,"key":"Block Potion"},{"floor":41,"key":"Regen Potion"},{"floor":47,"key":"Regen Potion"}],"is_trial":false,"path_per_floor":["M","$","T","?","?","E","?","R","T","R","E","M","R","E","R","B",null,"M","$","?","?","M","R","M","?","T","R","M","R","?","M","R","B",null,"M","M","?","$","?","R","?","M","T","T","M","M","M","?","R","B"],"character_chosen":"DEFECT","items_purchased":["Cold Snap","Mummified Hand","Capacitor","Symbiotic Virus"],"campfire_rested":2,"item_purchase_floors":[2,19,19,38],"current_hp_per_floor":[75,75,75,75,75,75,75,75,75,75,75,75,75,58,58,29,75,73,72,72,59,35,73,56,53,53,53,53,53,53,53,53,14,53,53,53,46,46,46,46,53,31,31,31,37,53,47,47,53,0],"gold":147,"neow_bonus":"THREE_ENEMY_KILL","is_prod":false,"is_daily":false,"chose_seed":false,"campfire_upgraded":7,"win_rate":0,"timestamp":1566485987,"path_taken":["M","$","?","?","?","E","?","R","T","R","E","M","R","E","R","BOSS","M","$","?","?","M","R","M","?","T","R","M","R","?","M","R","BOSS","M","?","?","$","?","R","?","M","T","?","?","M","?","?","R","BOSS"],"build_version":"2019-07-17","purchased_purges":1,"victory":false,"max_hp_per_floor":[75,75,75,75,75,75,75,75,75,75,75,75,75,75,75,75,75,75,72,72,77,77,77,77,53,53,53,53,53,53,53,53,53,53,53,53,53,53,53,53,53,53,53,53,53,53,53,53,53,53],"card_choices":[{"not_picked":["Scrape","BootSequence"],"picked":"Glacier","floor":1},{"not_picked":["Reinforced Body","Recycle"],"picked":"Hologram","floor":6},{"not_picked":["Reprogram","Rip and Tear"],"picked":"Capacitor","floor":11},{"not_picked":["Streamline","Skim"],"picked":"Cold Snap","floor":12},{"not_picked":["Hologram","Go for the Eyes"],"picked":"Seek","floor":14},{"not_picked":["Buffer","Seek"],"picked":"Core Surge","floor":16},{"not_picked":["Coolheaded","Capacitor"],"picked":"Conserve Battery","floor":17},{"not_picked":["Coolheaded","Stack"],"picked":"Go for the Eyes","floor":17},{"not_picked":["Turbo","Rebound"],"picked":"Hologram","floor":17},{"not_picked":["Steam Power","Redo"],"picked":"Capacitor","floor":18},{"not_picked":["Beam Cell+1","Streamline"],"picked":"Machine Learning","floor":22},{"not_picked":["Beam Cell","Cold Snap"],"picked":"BootSequence+1","floor":24},{"not_picked":["Steam","Scrape"],"picked":"Redo","floor":28},{"not_picked":["Doom and Gloom","Stack","Sweeping Beam"],"picked":"SKIP","floor":31},{"not_picked":["Capacitor","Conserve Battery"],"picked":"Loop","floor":35},{"not_picked":["Steam","Tempest"],"picked":"Conserve Battery+1","floor":36},{"not_picked":["Stack+1","Coolheaded+1","Barrage+1"],"picked":"SKIP","floor":42},{"not_picked":["Rip and Tear+1","Steam+1"],"picked":"Force Field+1","floor":45},{"not_picked":["Double Energy","Meteor Strike","Rebound"],"picked":"SKIP","floor":46},{"not_picked":["Compile Driver","Rebound+1","Go for the Eyes"],"picked":"SKIP","floor":47}],"player_experience":325307,"relics_obtained":[{"floor":3,"key":"Regal Pillow"},{"floor":6,"key":"Potion Belt"},{"floor":9,"key":"Bag of Preparation"},{"floor":11,"key":"Omamori"},{"floor":14,"key":"Orichalcum"},{"floor":26,"key":"Ornamental Fan"},{"floor":41,"key":"Gambling Chip"},{"floor":44,"key":"Boot"}],"event_choices":[{"damage_healed":0,"gold_gain":175,"player_choice":"AGREE","damage_taken":0,"max_hp_gain":0,"max_hp_loss":0,"event_name":"Liars Game","floor":4,"gold_loss":0,"cards_obtained":["Doubt"]},{"cards_removed":["Doubt"],"damage_healed":0,"gold_gain":0,"player_choice":"Forget","damage_taken":0,"max_hp_gain":0,"max_hp_loss":0,"event_name":"Living Wall","floor":5,"gold_loss":0},{"damage_healed":18,"gold_gain":0,"player_choice":"Healed and dodged fight","damage_taken":0,"max_hp_gain":0,"max_hp_loss":0,"event_name":"Mushrooms","floor":7,"gold_loss":0,"cards_obtained":["Parasite"]},{"damage_healed":0,"gold_gain":0,"player_choice":"Simplicity","damage_taken":0,"max_hp_gain":0,"max_hp_loss":0,"event_name":"Back to Basics","floor":20,"gold_loss":0,"cards_upgraded":["Strike_B","Strike_B","Strike_B","Strike_B","Defend_B","Defend_B","Defend_B","Defend_B"]},{"damage_healed":0,"gold_gain":0,"player_choice":"Shed Blood","damage_taken":18,"max_hp_gain":5,"max_hp_loss":0,"event_name":"Forgotten Altar","floor":21,"gold_loss":0},{"damage_healed":0,"gold_gain":0,"player_choice":"Became a vampire","damage_taken":0,"max_hp_gain":0,"max_hp_loss":24,"event_name":"Vampires","floor":25,"gold_loss":0,"cards_obtained":["Bite","Bite","Bite","Bite","Bite"]},{"damage_healed":0,"gold_gain":0,"player_choice":"Full Heal","damage_taken":0,"max_hp_gain":0,"max_hp_loss":0,"event_name":"Wheel of Change","floor":30,"gold_loss":0},{"damage_healed":0,"gold_gain":0,"player_choice":"Embrace Madness","damage_taken":7,"max_hp_gain":0,"max_hp_loss":0,"event_name":"Winding Halls","floor":37,"gold_loss":0,"cards_obtained":["Madness","Madness"]},{"damage_healed":0,"gold_gain":0,"player_choice":"Paid","damage_taken":0,"relics_obtained":["Red Mask"],"max_hp_gain":0,"max_hp_loss":0,"event_name":"Tomb of Lord Red Mask","floor":39,"gold_loss":46},{"damage_healed":0,"gold_gain":0,"player_choice":"Fight","damage_taken":0,"max_hp_gain":0,"max_hp_loss":0,"event_name":"MindBloom","floor":41,"gold_loss":0},{"cards_removed":["Bite"],"damage_healed":0,"gold_gain":0,"player_choice":"Removed Attack","damage_taken":0,"max_hp_gain":0,"max_hp_loss":0,"event_name":"Falling","floor":48,"gold_loss":0}],"is_beta":false,"boss_relics":[{"not_picked":["White Beast Statue","Snecko Eye"],"picked":"Orrery"},{"not_picked":["Runic Dome","Tiny House"],"picked":"Fusion Hammer"}],"items_purged_floors":[19],"is_endless":false,"potions_floor_spawned":[1,12,14,18,22,35,36,41,47],"killed_by":"Donu and Deca","ascension_level":4}