{"gold_per_floor":[111,127,127,140,153,153,182,182,182,182,182,194,228,239,239,343,343,359,359,43,61,61,61,87,102,153,153,153],"floor_reached":28,"playtime":1525,"items_purged":[],"score":298,"play_id":"20f67711-6255-4cbf-8877-c6f1cad02374","local_time":"20190927031141","is_ascension_mode":true,"campfire_choices":[{"data":"Outmaneuver","floor":6,"key":"SMITH"},{"floor":8,"key":"REST"},{"floor":11,"key":"REST"},{"floor":15,"key":"REST"},{"floor":23,"key":"REST"},{"data":"Catalyst","floor":27,"key":"SMITH"}],"neow_cost":"NONE","seed_source_timestamp":1253105864585300,"circlet_count":0,"master_deck":["Defend_G","Defend_G","Defend_G","Defend_G","Defend_G","Survivor","Neutralize","Unload","Deadly Poison","Outmaneuver+1","Riddle With Holes","Predator","Infinite Blades","Noxious Fumes","Deflect","Burst","Dodge and Roll","Bite","Bite","Bite","Bite","Bite","Catalyst+1","Cloak And Dagger+1","Blur","Deadly Poison"],"relics":["Ring of the Snake","Shuriken","Ornamental Fan","Meat on the Bone","WristBlade","Mercury Hourglass","Gremlin Horn","Du-Vu Doll","Snake Skull"],"potions_floor_usage":[12,16,21,24,28],"damage_taken":[{"damage":0,"enemies":"2 Louse","floor":1,"turns":3},{"damage":1,"enemies":"Cultist","floor":2,"turns":3},{"damage":1,"enemies":"Jaw Worm","floor":4,"turns":3},{"damage":7,"enemies":"3 Louse","floor":5,"turns":4},{"damage":26,"enemies":"3 Sentries","floor":7,"turns":8},{"damage":16,"enemies":"Exordium Thugs","floor":12,"turns":4},{"damage":6,"enemies":"Gremlin Nob","floor":13,"turns":3},{"damage":18,"enemies":"Lots of Slimes","floor":14,"turns":4},{"damage":23,"enemies":"The Guardian","floor":16,"turns":9},{"damage":20,"enemies":"Spheric Guardian","floor":18,"turns":4},{"damage":22,"enemies":"2 Thieves","floor":21,"turns":4},{"damage":19,"enemies":"Gremlin Leader","floor":24,"turns":7},{"damage":27,"enemies":"Snake Plant","floor":25,"turns":5},{"damage":59,"enemies":"Cultist and Chosen","floor":28,"turns":6}],"seed_played":"6393173024088971199","potions_obtained":[{"floor":5,"key":"Weak Potion"},{"floor":13,"key":"Swift Potion"},{"floor":16,"key":"AttackPotion"},{"floor":21,"key":"SteroidPotion"},{"floor":25,"key":"Regen Potion"}],"is_trial":false,"path_per_floor":["M","M","?","M","M","R","E","R","T","?","R","M","E","M","R","B",null,"M","?","$","M","T","R","E","M","T","R","M"],"character_chosen":"THE_SILENT","items_purchased":["Catalyst","Mercury Hourglass"],"campfire_rested":4,"item_purchase_floors":[20,20],"current_hp_per_floor":[70,69,69,68,61,61,35,56,56,49,70,54,48,42,63,40,70,50,49,49,29,29,43,46,33,33,33,0],"gold":153,"neow_bonus":"ONE_RANDOM_RARE_CARD","is_prod":false,"is_daily":false,"chose_seed":false,"campfire_upgraded":2,"win_rate":0,"timestamp":1569568301,"path_taken":["M","M","?","M","?","R","E","R","T","?","R","M","E","M","R","BOSS","M","?","$","M","?","R","E","M","T","R","M"],"build_version":"2019-07-17","purchased_purges":0,"victory":false,"max_hp_per_floor":[70,70,70,70,70,70,70,70,70,70,70,70,70,70,70,70,70,70,49,49,49,49,49,49,49,49,49,49],"card_choices":[{"not_picked":["Blade Dance","Deflect"],"picked":"Deadly Poison","floor":1},{"not_picked":["Cloak And Dagger","Acrobatics"],"picked":"Outmaneuver","floor":2},{"not_picked":["Slice","Endless Agony"],"picked":"Riddle With Holes","floor":4},{"not_picked":["Underhanded Strike","Endless Agony","Flying Knee"],"picked":"SKIP","floor":5},{"not_picked":["PiercingWail","Tactician"],"picked":"Predator","floor":7},{"not_picked":["Blade Dance","Acrobatics"],"picked":"Infinite Blades","floor":12},{"not_picked":["Dagger Spray","Phantasmal Killer"],"picked":"Noxious Fumes","floor":13},{"not_picked":["Poisoned Stab","Bane"],"picked":"Deflect","floor":14},{"not_picked":["Malaise","Die Die Die"],"picked":"Burst","floor":16},{"not_picked":["Poisoned Stab","Backstab"],"picked":"Dodge and Roll","floor":18},{"not_picked":["Poisoned Stab","Sucker Punch"],"picked":"Cloak And Dagger+1","floor":21},{"not_picked":["Malaise","Backstab"],"picked":"Blur","floor":24},{"not_picked":["Dagger Spray","Acrobatics"],"picked":"Deadly Poison","floor":25}],"player_experience":98011,"relics_obtained":[{"floor":7,"key":"Shuriken"},{"floor":9,"key":"Ornamental Fan"},{"floor":13,"key":"Meat on the Bone"},{"floor":22,"key":"Gremlin Horn"},{"floor":24,"key":"Du-Vu Doll"},{"floor":26,"key":"Snake Skull"}],"event_choices":[{"cards_removed":["Strike_G"],"damage_healed":0,"gold_gain":0,"player_choice":"Card Removal","damage_taken":0,"max_hp_gain":0,"max_hp_loss":0,"event_name":"Wheel of Change","floor":3,"gold_loss":0},{"cards_removed":["Strike_G"],"damage_healed":0,"gold_gain":0,"player_choice":"Card Removal","damage_taken":7,"max_hp_gain":0,"max_hp_loss":0,"event_name":"Golden Wing","floor":10,"gold_loss":0},{"damage_healed":0,"gold_gain":0,"player_choice":"Became a vampire","damage_taken":0,"max_hp_gain":0,"max_hp_loss":21,"event_name":"Vampires","floor":19,"gold_loss":0,"cards_obtained":["Bite","Bite","Bite","Bite","Bite"]}],"is_beta":false,"boss_relics":[{"not_picked":["Astrolabe","Black Star"],"picked":"WristBlade"}],"items_purged_floors":[],"is_endless":false,"potions_floor_spawned":[5,13,16,21,25],"killed_by":"Cultist and Chosen","ascension_level":2}