{"gold_per_floor":[115,115,65,65,16,45,62,95,120,140,140,175,195,215,215,310,310,321,236,91,91,91,117,117,117,117,131,149,149,74,108,108,108],"floor_reached":33,"playtime":1247,"items_purged":["Steam Power"],"score":375,"play_id":"61456bf1-f7d2-4e64-ab13-2dee5a012ae2","local_time":"20190714121742","is_ascension_mode":true,"campfire_choices":[{"data":"Conserve Battery","floor":11,"key":"SMITH"},{"floor":15,"key":"REST"},{"floor":25,"key":"REST"},{"floor":29,"key":"REST"},{"floor":32,"key":"REST"}],"neow_cost":"NONE","seed_source_timestamp":173622240569139,"circlet_count":0,"master_deck":["Strike_B","Strike_B+1","Strike_B+1","Defend_B+1","Defend_B","Defend_B","Zap","Dualcast","Ball Lightning+1","Conserve Battery+1","Streamline","Loop","Self Repair","Streamline","Cold Snap","Turbo","Multi-Cast"],"relics":["Cracked Core","NeowsBlessing","Lantern","Whetstone","Bronze Scales","Regal Pillow","Snecko Eye","Dodecahedron","Juzu Bracelet","Singing Bowl","Vajra","Toxic Egg 2"],"potions_floor_usage":[31],"damage_taken":[{"damage":0,"enemies":"Jaw Worm","floor":1,"turns":1},{"damage":0,"enemies":"3 Sentries","floor":6,"turns":1},{"damage":0,"enemies":"Small Slimes","floor":7,"turns":1},{"damage":23,"enemies":"Lagavulin","floor":8,"turns":5},{"damage":0,"enemies":"Cultist","floor":10,"turns":4},{"damage":24,"enemies":"Gremlin Nob","floor":12,"turns":4},{"damage":9,"enemies":"Looter","floor":13,"turns":2},{"damage":3,"enemies":"Blue Slaver","floor":14,"turns":3},{"damage":15,"enemies":"The Guardian","floor":16,"turns":9},{"damage":2,"enemies":"Chosen","floor":18,"turns":4},{"damage":63,"enemies":"Book of Stabbing","floor":23,"turns":6},{"damage":13,"enemies":"2 Thieves","floor":27,"turns":3},{"damage":42,"enemies":"Shelled Parasite and Fungi","floor":28,"turns":7},{"damage":41,"enemies":"Slavers","floor":31,"turns":6},{"damage":62,"enemies":"Champ","floor":33,"turns":6}],"seed_played":"-8755932536666001523","potions_obtained":[{"floor":6,"key":"FocusPotion"},{"floor":13,"key":"SkillPotion"},{"floor":14,"key":"AttackPotion"},{"floor":31,"key":"GamblersBrew"}],"is_trial":false,"path_per_floor":["M","?","?","?","$","E","M","E","T","M","R","E","M","M","R","B",null,"M","?","$","?","T","E","$","R","T","M","M","R","$","E","R","B"],"character_chosen":"DEFECT","items_purchased":["Conserve Battery","Juzu Bracelet"],"campfire_rested":4,"item_purchase_floors":[5,20],"current_hp_per_floor":[75,60,60,60,60,60,60,37,37,44,44,27,25,29,66,58,75,75,75,75,75,75,21,21,59,59,48,15,54,54,22,61,0],"gold":108,"neow_bonus":"THREE_ENEMY_KILL","is_prod":false,"is_daily":false,"chose_seed":false,"campfire_upgraded":1,"win_rate":0,"timestamp":1563099462,"path_taken":["M","?","?","?","$","E","M","E","T","M","R","E","?","M","R","BOSS","M","?","$","?","?","E","$","R","T","M","M","R","?","E","R","BOSS"],"build_version":"2019-07-05","purchased_purges":1,"victory":false,"max_hp_per_floor":[75,75,75,75,75,75,75,75,75,75,75,75,75,75,75,75,75,75,75,75,75,75,77,77,77,77,79,81,81,81,83,83,83],"card_choices":[{"not_picked":["Leap","Stack"],"picked":"Ball Lightning","floor":1},{"not_picked":["Thunder Strike","Amplify"],"picked":"Streamline","floor":6},{"not_picked":["Barrage","Stack"],"picked":"Loop","floor":7},{"not_picked":["Glacier","Turbo"],"picked":"Self Repair","floor":8},{"not_picked":["Leap","Ball Lightning"],"picked":"Streamline","floor":10},{"not_picked":["Steam","Fusion"],"picked":"Cold Snap","floor":12},{"not_picked":["Blizzard","Darkness","Genetic Algorithm"],"picked":"SKIP","floor":13},{"not_picked":["Consume","Stack"],"picked":"Turbo","floor":14},{"not_picked":["Meteor Strike","Core Surge"],"picked":"Multi-Cast","floor":16},{"not_picked":["Barrage","Compile Driver","Beam Cell"],"picked":"SKIP","floor":18},{"not_picked":["Coolheaded","Chaos","Lockon+1"],"picked":"Singing Bowl","floor":23},{"not_picked":["Sweeping Beam","Reinforced Body","Compile Driver"],"picked":"Singing Bowl","floor":27},{"not_picked":["Streamline+1","Self Repair","Loop"],"picked":"Singing Bowl","floor":28},{"not_picked":["Blizzard","Turbo+1","Skim"],"picked":"Singing Bowl","floor":31}],"player_experience":262284,"relics_obtained":[{"floor":6,"key":"Lantern"},{"floor":8,"key":"Whetstone"},{"floor":9,"key":"Bronze Scales"},{"floor":12,"key":"Regal Pillow"},{"floor":22,"key":"Singing Bowl"},{"floor":23,"key":"Vajra"},{"floor":31,"key":"Toxic Egg 2"}],"event_choices":[{"damage_healed":0,"gold_gain":0,"player_choice":"Entered Light","damage_taken":15,"max_hp_gain":0,"max_hp_loss":0,"event_name":"Shining Light","floor":2,"gold_loss":0,"cards_upgraded":["Defend_B","Strike_B"]},{"cards_removed":["Strike_B"],"damage_healed":0,"gold_gain":0,"player_choice":"Card Removal","damage_taken":0,"max_hp_gain":0,"max_hp_loss":0,"event_name":"The Cleric","floor":3,"gold_loss":50},{"damage_healed":0,"gold_gain":0,"cards_transformed":["Defend_B"],"player_choice":"Transformed","damage_taken":0,"max_hp_gain":0,"max_hp_loss":0,"event_name":"Transmorgrifier","floor":4,"gold_loss":0,"cards_obtained":["Steam Power"]},{"damage_healed":0,"gold_gain":0,"player_choice":"Obtained Relic","damage_taken":0,"relics_obtained":["Dodecahedron"],"max_hp_gain":0,"max_hp_loss":0,"event_name":"Addict","floor":19,"gold_loss":85},{"damage_healed":0,"gold_gain":0,"player_choice":"Ignored","damage_taken":0,"max_hp_gain":0,"max_hp_loss":0,"event_name":"Vampires","floor":21,"gold_loss":0}],"is_beta":false,"boss_relics":[{"not_picked":["Tiny House","Fusion Hammer"],"picked":"Snecko Eye"}],"items_purged_floors":[30],"is_endless":false,"potions_floor_spawned":[6,13,14,23,31],"killed_by":"Champ","ascension_level":3}