{"gold_per_floor":[110,137,157,157,82,112,112,126,126,141,141,153,163,177,177,249,249,260,5,5,5,22,22,57,57,57,76,91,91,91,16,16,16],"floor_reached":33,"playtime":1008,"items_purged":["Strike_R"],"score":584,"play_id":"5e8cc6f4-0f18-446b-94fe-a138455f6489","local_time":"20190926181357","is_ascension_mode":true,"campfire_choices":[{"data":"Wild Strike","floor":7,"key":"SMITH"},{"data":"Flame Barrier","floor":11,"key":"SMITH"},{"data":"Anger","floor":15,"key":"SMITH"},{"data":"Evolve","floor":23,"key":"SMITH"},{"floor":25,"key":"REST"},{"floor":30,"key":"REST"},{"data":"Spot Weakness","floor":32,"key":"SMITH"}],"neow_cost":"NONE","seed_source_timestamp":841827194938400,"circlet_count":0,"master_deck":["AscendersBane","Strike_R","Strike_R","Strike_R+1","Defend_R","Defend_R","Defend_R+1","Defend_R","Bash","Evolve+1","Wild Strike+1","Flame Barrier+1","Shrug It Off","Sword Boomerang","Shrug It Off","Anger+1","Fiend Fire","Body Slam","Metallicize","Spot Weakness+1","Reaper","Corruption","Reckless Charge+1","Necronomicurse"],"relics":["Burning Blood","NeowsBlessing","Pen Nib","Thread and Needle","Blue Candle","Sozu","Orrery","Bag of Preparation","Ornamental Fan","Necronomicon"],"potions_floor_usage":[16,16,33],"damage_taken":[{"damage":0,"enemies":"Cultist","floor":1,"turns":1},{"damage":0,"enemies":"Small Slimes","floor":3,"turns":1},{"damage":0,"enemies":"Lagavulin","floor":6,"turns":1},{"damage":0,"enemies":"2 Louse","floor":8,"turns":3},{"damage":0,"enemies":"2 Fungi Beasts","floor":10,"turns":3},{"damage":9,"enemies":"Exordium Thugs","floor":12,"turns":7},{"damage":8,"enemies":"Large Slime","floor":13,"turns":9},{"damage":0,"enemies":"2 Fungi Beasts","floor":14,"turns":3},{"damage":18,"enemies":"Slime Boss","floor":16,"turns":4},{"damage":9,"enemies":"Spheric Guardian","floor":18,"turns":5},{"damage":18,"enemies":"2 Thieves","floor":22,"turns":3},{"damage":51,"enemies":"Slavers","floor":24,"turns":7},{"damage":16,"enemies":"Snake Plant","floor":27,"turns":4},{"damage":13,"enemies":"Centurion and Healer","floor":28,"turns":5},{"damage":78,"enemies":"Automaton","floor":33,"turns":8}],"seed_played":"-1193796055898771361","potions_obtained":[{"floor":3,"key":"SteroidPotion"},{"floor":10,"key":"DuplicationPotion"},{"floor":12,"key":"Strength Potion"},{"floor":16,"key":"Dexterity Potion"}],"is_trial":false,"path_per_floor":["M","T","M","?","?","E","R","M","T","M","R","M","M","M","R","B",null,"M","$","?","?","M","R","E","R","T","M","M","?","R","$","R","B"],"character_chosen":"IRONCLAD","items_purchased":["Orrery","Corruption"],"campfire_rested":2,"item_purchase_floors":[19,19],"current_hp_per_floor":[74,74,75,52,52,58,58,64,64,70,70,67,65,71,71,59,71,68,68,68,68,56,56,11,33,33,27,48,27,49,49,49,0],"gold":16,"neow_bonus":"THREE_ENEMY_KILL","is_prod":false,"is_daily":false,"chose_seed":false,"campfire_upgraded":5,"win_rate":0,"timestamp":1569546837,"path_taken":["M","?","M","?","?","E","R","M","T","M","R","M","M","M","R","BOSS","M","$","?","?","?","R","E","R","T","M","M","?","R","$","R","BOSS"],"build_version":"2019-09-26","purchased_purges":1,"victory":false,"max_hp_per_floor":[75,75,75,75,75,75,75,75,75,75,75,75,75,75,75,75,75,75,75,75,75,75,75,75,75,75,75,75,75,75,75,75,75],"card_choices":[{"not_picked":["Pommel Strike","Havoc"],"picked":"Evolve","floor":1},{"not_picked":["Heavy Blade","True Grit"],"picked":"Wild Strike","floor":3},{"not_picked":["Havoc","Infernal Blade","Thunderclap"],"picked":"SKIP","floor":6},{"not_picked":["Headbutt","Body Slam"],"picked":"Flame Barrier","floor":8},{"not_picked":["Iron Wave","Searing Blow"],"picked":"Shrug It Off","floor":10},{"not_picked":["Pommel Strike","Anger"],"picked":"Sword Boomerang","floor":12},{"not_picked":["Pummel","Blood for Blood"],"picked":"Shrug It Off","floor":13},{"not_picked":["Flame Barrier","Pommel Strike"],"picked":"Anger","floor":14},{"not_picked":["Juggernaut","Dark Embrace"],"picked":"Fiend Fire","floor":16},{"not_picked":["Rampage","Wild Strike"],"picked":"Body Slam","floor":18},{"not_picked":["Twin Strike+1","Body Slam"],"picked":"Metallicize","floor":19},{"not_picked":["Shrug It Off","Havoc"],"picked":"Spot Weakness","floor":19},{"not_picked":["Intimidate","Bludgeon"],"picked":"Reaper","floor":19},{"not_picked":["Clash","Ghostly Armor"],"picked":"Reckless Charge+1","floor":22},{"not_picked":["Dual Wield+1","Clash","Rampage"],"picked":"SKIP","floor":24},{"not_picked":["Armaments","Clothesline","Infernal Blade"],"picked":"SKIP","floor":27},{"not_picked":["Thunderclap","Iron Wave+1","Havoc"],"picked":"SKIP","floor":28}],"player_experience":1048047,"relics_obtained":[{"floor":2,"key":"Pen Nib"},{"floor":6,"key":"Thread and Needle"},{"floor":9,"key":"Blue Candle"},{"floor":24,"key":"Bag of Preparation"},{"floor":26,"key":"Ornamental Fan"},{"floor":29,"key":"Necronomicon"}],"event_choices":[{"damage_healed":0,"gold_gain":0,"player_choice":"Entered Light","damage_taken":23,"max_hp_gain":0,"max_hp_loss":0,"event_name":"Shining Light","floor":4,"gold_loss":0,"cards_upgraded":["Defend_R","Strike_R"]},{"cards_removed":["Strike_R"],"damage_healed":0,"gold_gain":0,"player_choice":"Card Removal","damage_taken":0,"max_hp_gain":0,"max_hp_loss":0,"event_name":"The Cleric","floor":5,"gold_loss":75},{"damage_healed":0,"gold_gain":0,"player_choice":"Ignored","damage_taken":0,"max_hp_gain":0,"max_hp_loss":0,"event_name":"Ghosts","floor":20,"gold_loss":0},{"damage_healed":0,"gold_gain":0,"player_choice":"0 cards matched","damage_taken":0,"max_hp_gain":0,"max_hp_loss":0,"event_name":"Match and Keep!","floor":21,"gold_loss":0,"cards_obtained":[]},{"damage_healed":0,"gold_gain":0,"player_choice":"Obtained Book","damage_taken":21,"max_hp_gain":0,"max_hp_loss":0,"event_name":"Cursed Tome","floor":29,"gold_loss":0}],"is_beta":true,"boss_relics":[{"not_picked":["Astrolabe","Busted Crown"],"picked":"Sozu"}],"items_purged_floors":[31],"is_endless":false,"potions_floor_spawned":[3,10,12,13,16,24,28],"killed_by":"Automaton","ascension_level":20}