{"gold_per_floor":[114,114,289,304,304,334,349,379,379,409,424,480,480],"floor_reached":13,"playtime":426,"items_purged":[],"score":328,"play_id":"4a68f670-fa51-4b0d-bf87-31e961a209f3","local_time":"20180807142230","daily_mods":["Insanity","Elite Swarm","Hoarder"],"is_ascension_mode":false,"campfire_choices":[],"neow_cost":"","seed_source_timestamp":0,"circlet_count":0,"master_deck":["Flame Barrier","Blood for Blood","Battle Trance","Seeing Red","Limit Break","Sword Boomerang","Headbutt","Sentinel","Limit Break","Heavy Blade","Offering","Entrench","Barricade","Juggernaut","Cleave","Evolve","Barricade","Carnage","Infernal Blade","Dark Embrace","Berserk","Carnage","Pummel","Rage","Wild Strike","Disarm","Seeing Red","Anger","Carnage","Pommel Strike","Headbutt","Reaper","Double Tap","Ghostly Armor","Infernal Blade","Infernal Blade","True Grit","Dark Embrace","Barricade","Thunderclap","Limit Break+1","Evolve","Feel No Pain","Exhume","Offering","True Grit","Rampage","Barricade","Bash","Rupture","Wild Strike","Wild Strike","Wild Strike","Doubt","Doubt","Doubt","Twin Strike","Twin Strike","Twin Strike","Limit Break","Limit Break","Limit Break","Perfected Strike","Perfected Strike","Perfected Strike","Offering","Offering","Offering","Double Tap","Double Tap+1","Double Tap","Heavy Blade","Heavy Blade","Heavy Blade","Blood for Blood","Blood for Blood","Blood for Blood"],"special_seed":17750,"relics":["Burning Blood","Meat on the Bone","Shovel","Paper Frog","Omamori","War Paint"],"potions_floor_usage":[6,10,12,13],"damage_taken":[{"damage":13,"enemies":"Cultist","floor":1,"turns":4},{"damage":0,"enemies":"2 Louse","floor":4,"turns":1},{"damage":9,"enemies":"Gremlin Nob","floor":6,"turns":3},{"damage":7,"enemies":"Small Slimes","floor":7,"turns":3},{"damage":30,"enemies":"Lagavulin","floor":8,"turns":4},{"damage":32,"enemies":"Gremlin Nob","floor":10,"turns":4},{"damage":25,"enemies":"Exordium Wildlife","floor":11,"turns":2},{"damage":35,"enemies":"Lagavulin Event","floor":12,"turns":5},{"damage":30,"enemies":"3 Sentries","floor":13,"turns":4}],"seed_played":"581998401352651869","potions_obtained":[{"floor":4,"key":"SkillPotion"},{"floor":6,"key":"Ancient Potion"},{"floor":8,"key":"Strength Potion"},{"floor":12,"key":"Dexterity Potion"}],"is_trial":false,"path_per_floor":["M","$","?","M","$","E","M","E","T","E","M","?"],"character_chosen":"IRONCLAD","items_purchased":[],"campfire_rested":0,"item_purchase_floors":[],"current_hp_per_floor":[73,73,73,79,79,76,75,51,51,37,41,24,0],"gold":480,"neow_bonus":"","is_prod":false,"is_daily":true,"chose_seed":false,"campfire_upgraded":0,"win_rate":0,"timestamp":1533626550,"path_taken":["M","$","?","M","$","E","M","E","T","E","M","?","E"],"build_version":"2018-08-06","purchased_purges":0,"victory":false,"max_hp_per_floor":[80,80,80,80,80,80,80,80,80,80,80,80,80],"card_choices":[{"not_picked":["Twin Strike","Pummel"],"picked":"Wild Strike","floor":1},{"not_picked":["Clash","Rupture"],"picked":"Twin Strike","floor":4},{"not_picked":["Immolate","Bludgeon"],"picked":"Limit Break","floor":6},{"not_picked":["Thunderclap","Twin Strike"],"picked":"Perfected Strike","floor":7},{"not_picked":["Feed","Limit Break"],"picked":"Offering","floor":8},{"not_picked":["Barricade","Reaper"],"picked":"Double Tap","floor":10},{"not_picked":["Metallicize","Clothesline"],"picked":"Heavy Blade","floor":11},{"not_picked":["Combust","Clash"],"picked":"Blood for Blood","floor":12}],"player_experience":281983,"relics_obtained":[{"floor":6,"key":"Meat on the Bone"},{"floor":8,"key":"Shovel"},{"floor":9,"key":"Paper Frog"},{"floor":10,"key":"Omamori"},{"floor":12,"key":"War Paint"}],"event_choices":[{"event_name":"Liars Game","player_choice":"agreed","floor":3,"damage_taken":0},{"event_name":"Dead Adventurer","player_choice":"Searched \u00271\u0027 times","floor":12,"damage_taken":0}],"is_beta":true,"boss_relics":[],"items_purged_floors":[],"is_endless":false,"potions_floor_spawned":[4,6,8,12],"killed_by":"3 Sentries","ascension_level":0}