{"gold_per_floor":[110,170,95,103,83,83,111,111,111,121,147,157,12,12,12,69,69,0],"floor_reached":18,"playtime":315,"items_purged":["Strike_R"],"score":434,"play_id":"e538942e-e36e-48a4-85e0-b7f5f664a178","local_time":"20190906181911","is_ascension_mode":true,"campfire_choices":[{"data":"Clothesline","floor":6.0,"key":"SMITH"},{"data":"Bash","floor":8.0,"key":"SMITH"},{"data":"Disarm","floor":15,"key":"SMITH"}],"neow_cost":"NONE","seed_source_timestamp":22480605540106,"circlet_count":0,"master_deck":["Strike_R","Strike_R","Strike_R","Defend_R","Defend_R+1","Defend_R","Defend_R+1","Bash+1","AscMod:ascendersbane","Clothesline+1","Anger+1","Uppercut+1","Disarm+1","Decay"],"special_seed":0,"relics":["Burning Blood","NeowsBlessing","Molten Egg 2","Unceasing Top","War Paint","Fusion Hammer"],"potions_floor_usage":[16,16],"damage_taken":[{"damage":0.0,"enemies":"2 Louse","floor":1.0,"turns":1.0},{"damage":0.0,"enemies":"Small Slimes","floor":4.0,"turns":1.0},{"damage":0.0,"enemies":"3 Sentries","floor":7.0,"turns":2.0},{"damage":0.0,"enemies":"Cultist","floor":10.0,"turns":3.0},{"damage":31,"enemies":"Lagavulin","floor":11,"turns":8},{"damage":5,"enemies":"Blue Slaver","floor":12,"turns":3},{"damage":40,"enemies":"Hexaghost","floor":16,"turns":10},{"damage":16,"enemies":"2 Thieves","floor":18,"turns":3}],"seed_played":"-6196033268711839366","potions_obtained":[{"floor":11,"key":"Dexterity Potion"},{"floor":12,"key":"Energy Potion"},{"floor":16,"key":"Energy Potion"}],"is_trial":false,"path_per_floor":["M","?","?","M","?","R","E","R","T","M","E","M","$","?","R","B",null,"M"],"character_chosen":"IRONCLAD","items_purchased":["Disarm"],"campfire_rested":0,"item_purchase_floors":[13],"current_hp_per_floor":[73,62,62,67,67,67,72,72,72,75,49,49,49,49,49,14,51,35],"gold":0,"neow_bonus":"THREE_ENEMY_KILL","is_prod":false,"is_daily":false,"chose_seed":false,"campfire_upgraded":3,"win_rate":0,"timestamp":1567768751,"path_taken":["M","?","?","M","?","R","E","R","T","M","E","?","$","?","R","BOSS","M"],"build_version":"2019-07-17","purchased_purges":1,"victory":false,"max_hp_per_floor":[75,75,75,75,75,75,75,75,75,75,75,75,75,75,75,75,75,75],"card_choices":[{"not_picked":["Flame Barrier","Havoc"],"picked":"Clothesline","floor":1.0},{"not_picked":["Carnage","Reckless Charge","Warcry"],"picked":"SKIP","floor":4.0},{"not_picked":["Ghostly Armor","Dual Wield","Hemokinesis"],"picked":"SKIP","floor":7.0},{"not_picked":["Hemokinesis+1","Headbutt+1"],"picked":"Anger+1","floor":10.0},{"not_picked":["Havoc","Barricade"],"picked":"Uppercut+1","floor":11},{"not_picked":["Perfected Strike+1","Rupture","Armaments"],"picked":"SKIP","floor":12}],"player_experience":1144745,"relics_obtained":[{"floor":7.0,"key":"Molten Egg 2"},{"floor":9.0,"key":"Unceasing Top"},{"floor":11,"key":"War Paint"}],"event_choices":[{"damage_healed":0.0,"max_hp_gain":0.0,"max_hp_loss":0.0,"gold_gain":75.0,"event_name":"World of Goop","player_choice":"Gather Gold","floor":2.0,"gold_loss":0.0,"damage_taken":11.0},{"cards_removed":["Strike_R"],"damage_healed":0.0,"max_hp_gain":0.0,"max_hp_loss":0.0,"gold_gain":0.0,"event_name":"The Cleric","player_choice":"Card Removal","floor":3.0,"gold_loss":75.0,"damage_taken":0.0},{"damage_healed":0.0,"max_hp_gain":0.0,"max_hp_loss":0.0,"gold_gain":0.0,"event_name":"The Woman in Blue","player_choice":"Bought 1 Potion","floor":5.0,"gold_loss":0.0,"damage_taken":0.0},{"damage_healed":0,"gold_gain":0,"player_choice":"Cursed","damage_taken":0,"max_hp_gain":0,"max_hp_loss":0,"event_name":"Wheel of Change","floor":14,"gold_loss":0,"cards_obtained":["Decay"]}],"is_beta":false,"boss_relics":[{"not_picked":["Scatterbrain"],"picked":"GraspOfShadows"},{"not_picked":["Scatterbrain"],"picked":"GraspOfShadows"},{"not_picked":["Calling Bell","Sozu"],"picked":"Fusion Hammer"}],"items_purged_floors":[13],"is_endless":false,"potions_floor_spawned":[11,12,16],"killed_by":"2 Thieves","ascension_level":25}