{"gold_per_floor":[16,33,33,33,10,10,41,58,83,111,111,36,51,64,64,160,160,160,63,63,3,3,3,3,3,3,3,3,3,3,3,3,3,3,3,3,3,3,3,3,3,3,3,3,3,3,3,3,3,3],"floor_reached":51,"playtime":9756,"items_purged":["Defend_B"],"score":918,"play_id":"4ce1cf2d-f43f-4f2f-9a8f-ac460b0171ac","local_time":"20180828154627","is_ascension_mode":true,"campfire_choices":[{"data":"Zap","floor":6,"key":"SMITH"},{"data":"Loop","floor":11,"key":"SMITH"},{"floor":15,"key":"REST"},{"floor":25,"key":"REST"},{"floor":32,"key":"REST"},{"data":"Apotheosis","floor":41,"key":"SMITH"},{"floor":49,"key":"DIG"}],"neow_cost":"NO_GOLD","seed_source_timestamp":1176635282670074,"circlet_count":0,"master_deck":["Defend_B","Defend_B","Defend_B","Zap+1","Dualcast","Core Surge","Cold Snap","Hologram","Loop+1","Conserve Battery","Reinforced Body","Defragment","Creative AI","Cold Snap","Seek","Compile Driver+1","Conserve Battery","Bite","Bite+1","Bite","Bite","Bite","Sunder+1","Loop","Steam Power+1","Go for the Eyes","Glacier","Necronomicurse","Consume","Go for the Eyes","Seek","Genetic Algorithm+1","Compile Driver+1","Apotheosis+1","Bandage Up","Madness","Madness","Hologram+1","White Noise+1","Go for the Eyes+1","Reboot"],"relics":["Cracked Core","Bag of Preparation","Mercury Hourglass","Incense Burner","Ectoplasm","Vajra","Orichalcum","Letter Opener","Necronomicon","Sundial","Runic Dome","Old Coin","MawBank","Pen Nib","Thread and Needle","Shovel","Whetstone","Dodecahedron"],"potions_floor_usage":[10,16,18,36,50,50],"damage_taken":[{"damage":0,"enemies":"Small Slimes","floor":1,"turns":2},{"damage":1,"enemies":"Cultist","floor":2,"turns":3},{"damage":27,"enemies":"Lagavulin","floor":7,"turns":8},{"damage":4,"enemies":"Jaw Worm","floor":8,"turns":2},{"damage":2,"enemies":"Gremlin Nob","floor":10,"turns":3},{"damage":2,"enemies":"Looter","floor":13,"turns":3},{"damage":6,"enemies":"Large Slime","floor":14,"turns":3},{"damage":3,"enemies":"The Guardian","floor":16,"turns":10},{"damage":4,"enemies":"Shell Parasite","floor":18,"turns":3},{"damage":26,"enemies":"2 Thieves","floor":21,"turns":4},{"damage":30,"enemies":"Gremlin Leader","floor":23,"turns":8},{"damage":24,"enemies":"Shelled Parasite and Fungi","floor":24,"turns":6},{"damage":16,"enemies":"Book of Stabbing","floor":27,"turns":6},{"damage":0,"enemies":"Cultist and Chosen","floor":28,"turns":5},{"damage":24,"enemies":"Slavers","floor":30,"turns":4},{"damage":4,"enemies":"3 Cultists","floor":31,"turns":5},{"damage":8,"enemies":"Automaton","floor":33,"turns":12},{"damage":2,"enemies":"3 Shapes","floor":35,"turns":4},{"damage":8,"enemies":"Mysterious Sphere","floor":36,"turns":3},{"damage":0,"enemies":"3 Darklings","floor":38,"turns":5},{"damage":28,"enemies":"Nemesis","floor":40,"turns":7},{"damage":5,"enemies":"4 Shapes","floor":42,"turns":5},{"damage":4,"enemies":"Giant Head","floor":44,"turns":9},{"damage":20,"enemies":"Spire Growth","floor":45,"turns":5},{"damage":0,"enemies":"Mind Bloom Boss Battle","floor":46,"turns":3},{"damage":4,"enemies":"2 Orb Walkers","floor":47,"turns":3},{"damage":0,"enemies":"Maw","floor":48,"turns":6},{"damage":72,"enemies":"Time Eater","floor":50,"turns":10}],"seed_played":"5245640691266961159","potions_obtained":[{"floor":8,"key":"Block Potion"},{"floor":10,"key":"Ancient Potion"},{"floor":13,"key":"AttackPotion"},{"floor":16,"key":"GamblersBrew"},{"floor":24,"key":"FearPotion"},{"floor":27,"key":"FairyPotion"},{"floor":33,"key":"AttackPotion"},{"floor":35,"key":"Energy Potion"},{"floor":36,"key":"LiquidBronze"},{"floor":40,"key":"FocusPotion"}],"is_trial":false,"path_per_floor":["M","M","?","?","$","R","E","M","T","E","R","$","M","M","R","B",null,"M","$","?","M","?","E","M","R","T","E","M","?","E","M","R","B",null,"M","?","?","M","?","E","R","M","T","E","M","?","E","M","R","B"],"character_chosen":"DEFECT","items_purchased":["Hologram","Defragment","Conserve Battery"],"campfire_rested":3,"item_purchase_floors":[5,12,19],"current_hp_per_floor":[75,74,62,62,62,62,35,31,31,31,31,31,31,27,49,48,75,71,71,71,51,51,39,31,53,53,47,55,39,21,25,47,59,75,75,71,66,75,66,50,50,56,56,75,64,70,75,75,75,27],"gold":3,"neow_bonus":"THREE_RARE_CARDS","is_prod":false,"is_daily":false,"chose_seed":false,"campfire_upgraded":3,"win_rate":0,"timestamp":1535489187,"path_taken":["M","M","?","?","$","R","E","M","T","E","R","?","M","?","R","BOSS","M","$","?","M","?","E","M","R","T","E","M","?","E","?","R","BOSS","M","?","?","M","?","E","R","M","T","E","?","?","E","M","R","BOSS"],"build_version":"2018-08-23v2","purchased_purges":1,"victory":true,"max_hp_per_floor":[75,75,75,75,75,75,75,75,75,75,75,75,75,75,75,75,75,75,75,75,75,75,75,75,75,75,75,75,75,75,75,75,75,75,75,75,75,75,75,75,75,75,75,75,75,75,75,75,75,75],"card_choices":[{"not_picked":["Reboot","Fission"],"picked":"Core Surge","floor":0},{"not_picked":["Barrage","Scrape","Redo"],"picked":"SKIP","floor":1},{"not_picked":["Turbo","Rebound"],"picked":"Cold Snap","floor":2},{"not_picked":["Steam","Rip and Tear"],"picked":"Loop","floor":7},{"not_picked":["Sweeping Beam","Leap"],"picked":"Conserve Battery","floor":8},{"not_picked":["Scrape","Rip and Tear"],"picked":"Reinforced Body","floor":10},{"not_picked":["Gash","Force Field"],"picked":"Creative AI","floor":13},{"not_picked":["Streamline","Conserve Battery"],"picked":"Cold Snap","floor":14},{"not_picked":["Creative AI","Multi-Cast"],"picked":"Seek","floor":16},{"not_picked":["Static Discharge","Barrage"],"picked":"Compile Driver","floor":18},{"not_picked":["Leap+1","Barrage"],"picked":"Sunder+1","floor":21},{"not_picked":["Hologram","Gash"],"picked":"Steam Power+1","floor":23},{"not_picked":["Hologram","Static Discharge"],"picked":"Go for the Eyes","floor":24},{"not_picked":["Coolheaded","Undo"],"picked":"Glacier","floor":27},{"not_picked":["Multi-Cast","Tempest","Gash"],"picked":"SKIP","floor":28},{"not_picked":["Darkness","Turbo"],"picked":"Consume","floor":30},{"not_picked":["Stack+1","Lockon"],"picked":"Go for the Eyes","floor":31},{"not_picked":["Creative AI","Machine Learning"],"picked":"Seek","floor":33},{"not_picked":["Leap","Blizzard"],"picked":"Genetic Algorithm+1","floor":35},{"not_picked":["Beam Cell","Gash"],"picked":"Compile Driver+1","floor":36},{"not_picked":["Flash of Steel","Finesse"],"picked":"Apotheosis","floor":37},{"not_picked":["Dark Shackles","Panacea"],"picked":"Bandage Up","floor":37},{"not_picked":["Conserve Battery","Genetic Algorithm","Stack"],"picked":"SKIP","floor":38},{"not_picked":["Reprogram","Genetic Algorithm+1"],"picked":"Hologram+1","floor":40},{"not_picked":["Reinforced Body","Scrape+1","Force Field+1"],"picked":"SKIP","floor":42},{"not_picked":["Double Energy","Consume+1"],"picked":"White Noise+1","floor":44},{"not_picked":["Rebound","Sunder+1"],"picked":"Go for the Eyes+1","floor":45},{"not_picked":["Rip and Tear","Heatsinks"],"picked":"Reboot","floor":47},{"not_picked":["Barrage+1","Skim+1","Hologram"],"picked":"SKIP","floor":48}],"player_experience":334954,"relics_obtained":[{"floor":7,"key":"Mercury Hourglass"},{"floor":9,"key":"Blood Vial"},{"floor":10,"key":"Incense Burner"},{"floor":23,"key":"Vajra"},{"floor":26,"key":"Orichalcum"},{"floor":27,"key":"Letter Opener"},{"floor":29,"key":"Necronomicon"},{"floor":30,"key":"Sundial"},{"floor":36,"key":"Old Coin"},{"floor":40,"key":"MawBank"},{"floor":43,"key":"Pen Nib"},{"floor":44,"key":"Thread and Needle"},{"floor":46,"key":"Shovel"},{"floor":47,"key":"Whetstone"},{"floor":49,"key":"Dodecahedron"}],"event_choices":[{"event_name":"Scrap Ooze","player_choice":"success","floor":3,"damage_taken":12},{"event_name":"The Cleric","player_choice":"Leave","floor":4,"damage_taken":0},{"event_name":"Vampires","player_choice":"Became a vampire (Vial)","floor":20,"damage_taken":0},{"event_name":"The Library","player_choice":"Read","floor":22,"damage_taken":0},{"event_name":"Cursed Tome","player_choice":"Obtained Book","floor":29,"damage_taken":0},{"event_name":"Mysterious Sphere","player_choice":"Fight","floor":36,"damage_taken":0},{"event_name":"SensoryStone","player_choice":"Memory 2","floor":37,"damage_taken":0},{"event_name":"Winding Halls","player_choice":"Embrace Madness","floor":39,"damage_taken":0},{"event_name":"MindBloom","player_choice":"Fight","floor":46,"damage_taken":0}],"is_beta":false,"boss_relics":[{"not_picked":["Empty Cage","Snecko Eye"],"picked":"Ectoplasm"},{"not_picked":["FrozenCore","Calling Bell"],"picked":"Runic Dome"}],"items_purged_floors":[19],"is_endless":false,"potions_floor_spawned":[8,10,13,16,24,27,33,35,36,40,42,45],"ascension_level":3}