{"gold_per_floor":[117,42,53,65,82,112,112,112,112,112,127,202,234,249,249,349,349,365,375,375,375,8,42,42,60,60,60,90,109,128,128,128,128],"floor_reached":33,"playtime":2048,"items_purged":["Strike_R"],"score":411,"play_id":"e4d1d755-6c5e-44e7-b78d-ad243f25d900","local_time":"20190928070438","is_ascension_mode":true,"campfire_choices":[{"floor":8,"key":"REST"},{"data":"Feed","floor":10,"key":"SMITH"},{"data":"Evolve","floor":15,"key":"SMITH"},{"data":"Dark Embrace","floor":24,"key":"SMITH"},{"floor":27,"key":"REST"},{"floor":32,"key":"REST"}],"neow_cost":"TEN_PERCENT_HP_LOSS","seed_source_timestamp":1352965120743600,"circlet_count":0,"master_deck":["Strike_R","Strike_R","Strike_R","Defend_R","Defend_R","Defend_R","Defend_R","Bash","Fiend Fire","Sword Boomerang","Seeing Red","Battle Trance","Wild Strike","Feed+1","Dual Wield","Havoc","Brutality","Evolve+1","Dark Embrace+1","Cleave+1","Anger+1","Limit Break","Flex","Hemokinesis+1","J.A.X."],"relics":["Burning Blood","Bag of Preparation","The Courier","Mark of Pain","Orichalcum","Bronze Scales","Omamori","Anchor","Paper Frog","PreservedInsect"],"potions_floor_usage":[6,11,16,19,23,28,30,33],"damage_taken":[{"damage":1,"enemies":"Cultist","floor":1,"turns":4},{"damage":10,"enemies":"Small Slimes","floor":3,"turns":3},{"damage":3,"enemies":"Jaw Worm","floor":4,"turns":5},{"damage":0,"enemies":"2 Fungi Beasts","floor":5,"turns":2},{"damage":43,"enemies":"3 Sentries","floor":6,"turns":13},{"damage":0,"enemies":"Looter","floor":11,"turns":1},{"damage":20,"enemies":"Lagavulin","floor":13,"turns":5},{"damage":2,"enemies":"Exordium Thugs","floor":14,"turns":3},{"damage":16,"enemies":"Slime Boss","floor":16,"turns":8},{"damage":39,"enemies":"3 Byrds","floor":18,"turns":5},{"damage":20,"enemies":"2 Thieves","floor":19,"turns":3},{"damage":38,"enemies":"Book of Stabbing","floor":23,"turns":4},{"damage":21,"enemies":"Sentry and Sphere","floor":25,"turns":4},{"damage":12,"enemies":"Slavers","floor":28,"turns":4},{"damage":15,"enemies":"3 Cultists","floor":29,"turns":5},{"damage":34,"enemies":"Centurion and Healer","floor":30,"turns":4},{"damage":84,"enemies":"Automaton","floor":33,"turns":6}],"seed_played":"7952172346954649318","potions_obtained":[{"floor":3,"key":"SpeedPotion"},{"floor":4,"key":"SteroidPotion"},{"floor":5,"key":"Block Potion"},{"floor":14,"key":"Regen Potion"},{"floor":16,"key":"Ancient Potion"},{"floor":18,"key":"PowerPotion"},{"floor":19,"key":"LiquidBronze"},{"floor":25,"key":"Fire Potion"},{"floor":29,"key":"Poison Potion"}],"is_trial":false,"path_per_floor":["M","$","M","M","M","E","?","R","T","R","M","?","E","M","R","B",null,"M","M","?","?","$","E","R","M","T","R","E","M","M","?","R","B"],"character_chosen":"IRONCLAD","items_purchased":["Orichalcum","Bronze Scales","Omamori"],"campfire_rested":3,"item_purchase_floors":[22,22,22],"current_hp_per_floor":[72,72,68,71,72,35,35,56,56,56,66,55,45,53,53,43,74,45,35,65,92,92,60,60,49,49,77,75,66,42,42,73,0],"gold":128,"neow_bonus":"THREE_RARE_CARDS","is_prod":false,"is_daily":false,"chose_seed":false,"campfire_upgraded":3,"win_rate":0,"timestamp":1569668678,"path_taken":["M","?","M","M","M","E","?","R","T","R","M","?","E","M","R","BOSS","M","M","?","?","$","E","R","M","T","R","E","?","M","?","R","BOSS"],"build_version":"2019-07-17","purchased_purges":1,"victory":false,"max_hp_per_floor":[72,72,72,72,72,72,72,72,72,72,76,76,80,84,84,84,84,88,92,92,92,92,92,92,96,96,96,100,100,104,104,104,104],"card_choices":[{"not_picked":["Berserk","Exhume"],"picked":"Fiend Fire","floor":0},{"not_picked":["Clash","Ghostly Armor"],"picked":"Sword Boomerang","floor":1},{"not_picked":["Heavy Blade","Iron Wave"],"picked":"Seeing Red","floor":3},{"not_picked":["Ghostly Armor","Clothesline"],"picked":"Battle Trance","floor":4},{"not_picked":["Corruption","Sentinel"],"picked":"Wild Strike","floor":5},{"not_picked":["Thunderclap","Power Through"],"picked":"Feed","floor":6},{"not_picked":["Warcry","Anger"],"picked":"Havoc","floor":11},{"not_picked":["Hemokinesis","Sentinel"],"picked":"Brutality","floor":13},{"not_picked":["Twin Strike","True Grit"],"picked":"Evolve","floor":14},{"not_picked":["Offering","Berserk"],"picked":"Dark Embrace","floor":16},{"not_picked":["Dropkick","Battle Trance"],"picked":"Cleave+1","floor":18},{"not_picked":["Body Slam","Havoc+1"],"picked":"Burning Pact","floor":19},{"not_picked":["Warcry","Rampage"],"picked":"Anger+1","floor":23},{"not_picked":["Warcry","Havoc","Headbutt"],"picked":"SKIP","floor":25},{"not_picked":["Sword Boomerang","Iron Wave"],"picked":"Limit Break","floor":28},{"not_picked":["Bloodletting+1","Heavy Blade"],"picked":"Flex","floor":29},{"not_picked":["Second Wind+1","Iron Wave"],"picked":"Hemokinesis+1","floor":30}],"player_experience":152902,"relics_obtained":[{"floor":6,"key":"Bag of Preparation"},{"floor":13,"key":"The Courier"},{"floor":23,"key":"Anchor"},{"floor":26,"key":"Paper Frog"},{"floor":28,"key":"PreservedInsect"}],"event_choices":[{"damage_healed":0,"gold_gain":0,"cards_transformed":["Strike_R"],"player_choice":"Change","damage_taken":0,"max_hp_gain":0,"max_hp_loss":0,"event_name":"Living Wall","floor":7,"gold_loss":0,"cards_obtained":["Dual Wield"]},{"damage_healed":0,"gold_gain":75,"player_choice":"Gather Gold","damage_taken":11,"max_hp_gain":0,"max_hp_loss":0,"event_name":"World of Goop","floor":12,"gold_loss":0},{"damage_healed":30,"gold_gain":0,"player_choice":"Heal","damage_taken":0,"max_hp_gain":0,"max_hp_loss":0,"event_name":"The Library","floor":20,"gold_loss":0},{"cards_removed":["Burning Pact"],"damage_healed":27,"gold_gain":0,"player_choice":"Offered Uncommon","damage_taken":0,"max_hp_gain":0,"max_hp_loss":0,"event_name":"Bonfire Elementals","floor":21,"gold_loss":0},{"damage_healed":0,"gold_gain":0,"player_choice":"Obtain J.A.X.","damage_taken":0,"max_hp_gain":0,"max_hp_loss":0,"event_name":"Drug Dealer","floor":31,"gold_loss":0,"cards_obtained":["J.A.X."]}],"is_beta":false,"boss_relics":[{"not_picked":["Velvet Choker","Runic Cube"],"picked":"Mark of Pain"}],"items_purged_floors":[2],"is_endless":false,"potions_floor_spawned":[3,4,5,14,16,18,19,25,29],"killed_by":"Automaton","ascension_level":6}