{"gold_per_floor":[115,115,138,138,151,185,185,185,185,221,43,43,79,95,95,218,218,239,252,252,252,252,252,278,203,203,222,222,240,200,218,218,317,317,328,274,284,284],"floor_reached":38,"playtime":1708,"items_purged":["Injury"],"score":525,"play_id":"3b3efa2c-2fbb-4ac0-bc67-38a6b74518b8","local_time":"20190714211023","is_ascension_mode":true,"campfire_choices":[{"data":"Redo","floor":7,"key":"SMITH"},{"floor":15,"key":"REST"},{"data":"Loop","floor":23,"key":"SMITH"},{"floor":28,"key":"REST"},{"data":"Hologram","floor":32,"key":"SMITH"}],"neow_cost":"NONE","seed_source_timestamp":205122914229484,"circlet_count":0,"master_deck":["Defend_B","Defend_B","Defend_B","Defend_B","Zap+1","Dualcast","Leap","Zap","Redo+1","Capacitor","Ball Lightning","Gash","Coolheaded","All For One","Loop+1","Hologram+1","Bite","Bite","Bite","Bite","Bite","Leap+1","Streamline","Redo+1","Self Repair","Streamline","Electrodynamics","Hologram+1"],"relics":["Cracked Core","NeowsBlessing","Anchor","Sundial","Bloody Idol","Mercury Hourglass","MawBank","Runic Capacitor","Pocketwatch","Nuclear Battery","Enchiridion","Peace Pipe","PreservedInsect","Eternal Feather","Vajra"],"potions_floor_usage":[24,33,33,33,38],"damage_taken":[{"damage":0,"enemies":"Small Slimes","floor":1,"turns":1},{"damage":0,"enemies":"Jaw Worm","floor":5,"turns":1},{"damage":0,"enemies":"3 Sentries","floor":6,"turns":1},{"damage":21,"enemies":"Lagavulin","floor":10,"turns":5},{"damage":37,"enemies":"Gremlin Nob","floor":13,"turns":4},{"damage":0,"enemies":"2 Louse","floor":14,"turns":2},{"damage":13,"enemies":"Hexaghost","floor":16,"turns":8},{"damage":11,"enemies":"2 Thieves","floor":18,"turns":3},{"damage":0,"enemies":"3 Byrds","floor":19,"turns":3},{"damage":55,"enemies":"Book of Stabbing","floor":24,"turns":6},{"damage":11,"enemies":"Centurion and Healer","floor":27,"turns":5},{"damage":11,"enemies":"3 Cultists","floor":29,"turns":5},{"damage":11,"enemies":"Sentry and Sphere","floor":31,"turns":5},{"damage":57,"enemies":"Automaton","floor":33,"turns":9},{"damage":24,"enemies":"3 Darklings","floor":35,"turns":4},{"damage":6,"enemies":"3 Shapes","floor":37,"turns":4},{"damage":58,"enemies":"Transient","floor":38,"turns":5}],"seed_played":"-7703256440697822252","potions_obtained":[{"floor":5,"key":"Strength Potion"},{"floor":10,"key":"Dexterity Potion"},{"floor":13,"key":"Ancient Potion"},{"floor":18,"key":"PowerPotion"},{"floor":29,"key":"PowerPotion"},{"floor":37,"key":"GamblersBrew"}],"is_trial":false,"path_per_floor":["M","?","T","?","M","E","R","?","T","E","$","?","E","M","R","B",null,"M","M","?","?","?","R","E","$","T","M","R","M","$","M","R","B",null,"M","?","M","M"],"character_chosen":"DEFECT","items_purchased":["Runic Capacitor","Self Repair"],"campfire_rested":2,"item_purchase_floors":[11,30],"current_hp_per_floor":[75,75,75,75,75,75,75,75,75,54,54,39,2,2,24,11,75,64,64,48,48,48,48,10,10,10,20,35,41,41,47,47,24,52,33,33,45,0],"gold":284,"neow_bonus":"THREE_ENEMY_KILL","is_prod":false,"is_daily":false,"chose_seed":false,"campfire_upgraded":3,"win_rate":0,"timestamp":1563131423,"path_taken":["M","?","?","?","?","E","R","?","T","E","$","?","E","M","R","BOSS","M","M","?","?","?","R","E","?","T","M","R","M","$","M","R","BOSS","M","?","?","?"],"build_version":"2019-07-05","purchased_purges":1,"victory":false,"max_hp_per_floor":[75,75,75,75,75,75,75,75,75,75,75,75,75,75,75,75,75,75,75,75,75,52,52,52,52,52,52,52,52,52,52,52,52,52,52,52,52,52],"card_choices":[{"not_picked":["Barrage","Tempest"],"picked":"Leap","floor":1},{"not_picked":["Steam Power","Compile Driver"],"picked":"Redo","floor":5},{"not_picked":["Darkness","Consume"],"picked":"Capacitor","floor":6},{"not_picked":["Streamline","Core Surge"],"picked":"Ball Lightning","floor":10},{"not_picked":["Melter","Turbo"],"picked":"Gash","floor":13},{"not_picked":["Go for the Eyes","Aggregate"],"picked":"Coolheaded","floor":14},{"not_picked":["Thunder Strike","Reboot"],"picked":"All For One","floor":16},{"not_picked":["Ball Lightning","Sweeping Beam"],"picked":"Loop","floor":18},{"not_picked":["Turbo","Rebound+1"],"picked":"Hologram","floor":19},{"not_picked":["Biased Cognition","Coolheaded"],"picked":"Leap+1","floor":24},{"not_picked":["Redo","Sweeping Beam+1"],"picked":"Streamline","floor":27},{"not_picked":["Turbo","Hologram"],"picked":"Redo+1","floor":29},{"not_picked":["Go for the Eyes","Steam+1"],"picked":"Streamline","floor":31},{"not_picked":["Rainbow","Core Surge"],"picked":"Electrodynamics","floor":33},{"not_picked":["Rebound","Beam Cell"],"picked":"Hologram+1","floor":35},{"not_picked":["Ball Lightning","Barrage","Rebound"],"picked":"SKIP","floor":37}],"player_experience":268289,"relics_obtained":[{"floor":3,"key":"Anchor"},{"floor":6,"key":"Sundial"},{"floor":9,"key":"Mercury Hourglass"},{"floor":10,"key":"MawBank"},{"floor":13,"key":"Pocketwatch"},{"floor":20,"key":"Enchiridion"},{"floor":24,"key":"Peace Pipe"},{"floor":26,"key":"PreservedInsect"}],"event_choices":[{"cards_removed":["Strike_B"],"damage_healed":0,"gold_gain":0,"player_choice":"Forget","damage_taken":0,"max_hp_gain":0,"max_hp_loss":0,"event_name":"Living Wall","floor":2,"gold_loss":0},{"damage_healed":0,"gold_gain":0,"player_choice":"1 cards matched","damage_taken":0,"max_hp_gain":0,"max_hp_loss":0,"event_name":"Match and Keep!","floor":4,"gold_loss":0,"cards_obtained":["Zap"]},{"damage_healed":0,"gold_gain":0,"player_choice":"Take Wound","damage_taken":0,"relics_obtained":["Golden Idol"],"max_hp_gain":0,"max_hp_loss":0,"event_name":"Golden Idol","floor":8,"gold_loss":0,"cards_obtained":["Injury"]},{"damage_healed":0,"gold_gain":0,"player_choice":"Entered Light","damage_taken":15,"max_hp_gain":0,"max_hp_loss":0,"event_name":"Shining Light","floor":12,"gold_loss":0,"cards_upgraded":["Zap","Strike_B"]},{"damage_healed":0,"gold_gain":0,"player_choice":"Obtained Book","damage_taken":16,"max_hp_gain":0,"max_hp_loss":0,"event_name":"Cursed Tome","floor":20,"gold_loss":0},{"damage_healed":0,"gold_gain":0,"player_choice":"Gave Idol","damage_taken":0,"relics_obtained":["Bloody Idol"],"max_hp_gain":0,"max_hp_loss":0,"event_name":"Forgotten Altar","floor":21,"relics_lost":["Golden Idol"],"gold_loss":0},{"damage_healed":0,"gold_gain":0,"player_choice":"Became a vampire","damage_taken":0,"max_hp_gain":0,"max_hp_loss":23,"event_name":"Vampires","floor":22,"gold_loss":0,"cards_obtained":["Bite","Bite","Bite","Bite","Bite"]},{"damage_healed":0,"gold_gain":0,"player_choice":"Paid Gold","damage_taken":0,"relics_obtained":["Vajra"],"max_hp_gain":0,"max_hp_loss":0,"event_name":"WeMeetAgain","floor":36,"gold_loss":54}],"is_beta":false,"boss_relics":[{"not_picked":["Astrolabe","Tiny House"],"picked":"Nuclear Battery"},{"not_picked":["Velvet Choker","Runic Dome"],"picked":"Eternal Feather"}],"items_purged_floors":[25],"is_endless":false,"potions_floor_spawned":[5,10,13,18,19,29,37],"killed_by":"Transient","ascension_level":3}