{"gold_per_floor":[109,184,198,348,51,51,81,81,81,116,116,134,149,165,165,240,240,215,227,243,253,267,267,267],"floor_reached":24,"playtime":979,"items_purged":["Doubt"],"score":470,"play_id":"ce6d6aca-a75c-4d00-be48-78d45202b77b","local_time":"20190424003456","is_ascension_mode":true,"campfire_choices":[{"data":"Bash","floor":6.0,"key":"SMITH"},{"data":"Flame Barrier","floor":11.0,"key":"SMITH"},{"data":"Perfected Strike","floor":15.0,"key":"SMITH"},{"floor":23,"key":"REST"}],"neow_cost":"NONE","seed_source_timestamp":175293474607735,"circlet_count":0,"master_deck":["AscendersBane","Strike_R","Strike_R","Strike_R","Strike_R","Strike_R","Defend_R","Defend_R","Defend_R","Defend_R","Bash+1","Headbutt","Perfected Strike+1","Shrug It Off","Flame Barrier+1","Shockwave","Shrug It Off","Feed","Headbutt","Entrench+1","Twin Strike","Pommel Strike+1","Evolve+1"],"special_seed":0,"relics":["Black Blood","NeowsBlessing","Sling","Matryoshka","Lantern","Question Card","Gremlin Horn"],"potions_floor_usage":[21,24],"damage_taken":[{"damage":0.0,"enemies":"2 Louse","floor":1.0,"turns":1.0},{"damage":0.0,"enemies":"Small Slimes","floor":3.0,"turns":1.0},{"damage":0.0,"enemies":"3 Sentries","floor":7.0,"turns":1.0},{"damage":22.0,"enemies":"Lagavulin","floor":10.0,"turns":5.0},{"damage":0.0,"enemies":"Jaw Worm","floor":12.0,"turns":3.0},{"damage":6.0,"enemies":"3 Louse","floor":13.0,"turns":3.0},{"damage":6.0,"enemies":"Red Slaver","floor":14.0,"turns":3.0},{"damage":62.0,"enemies":"Hexaghost","floor":16.0,"turns":12.0},{"damage":15.0,"enemies":"2 Thieves","floor":18.0,"turns":4.0},{"damage":22.0,"enemies":"3 Byrds","floor":19.0,"turns":7.0},{"damage":16.0,"enemies":"Centurion and Healer","floor":20.0,"turns":10.0},{"damage":31,"enemies":"3 Cultists","floor":21,"turns":5},{"damage":20,"enemies":"Snake Plant","floor":22,"turns":4},{"damage":55,"enemies":"Shelled Parasite and Fungi","floor":24,"turns":4}],"seed_played":"-1342473573147598282","potions_obtained":[{"floor":3.0,"key":"SteroidPotion"},{"floor":7.0,"key":"Weak Potion"},{"floor":10.0,"key":"SkillPotion"},{"floor":12.0,"key":"SpeedPotion"},{"floor":13.0,"key":"SteroidPotion"},{"floor":21,"key":"Explosive Potion"}],"is_trial":false,"path_per_floor":["M","?","M","?","$","R","E","?","T","E","R","M","M","M","R","B",null,"M","M","M","M","M","R","M"],"character_chosen":"IRONCLAD","items_purchased":["Sling"],"campfire_rested":1,"item_purchase_floors":[5],"current_hp_per_floor":[74,63,69,69,69,69,75,80,80,64,64,70,70,70,70,14,64,62,53,50,32,22,49,0],"gold":267,"neow_bonus":"THREE_ENEMY_KILL","is_prod":false,"is_daily":false,"chose_seed":false,"campfire_upgraded":3,"win_rate":0,"timestamp":1556080496,"path_taken":["M","?","M","?","$","R","E","?","T","E","R","M","M","M","R","BOSS","M","M","M","M","M","R","M"],"build_version":"2019-01-23","purchased_purges":1,"victory":false,"max_hp_per_floor":[75,75,75,75,75,75,75,80,80,80,80,80,80,80,80,80,80,83,86,89,92,92,92,92],"card_choices":[{"not_picked":["Wild Strike","Perfected Strike"],"picked":"Headbutt","floor":1.0},{"not_picked":["Clash","Sentinel"],"picked":"Perfected Strike","floor":3.0},{"not_picked":["Sentinel","Body Slam"],"picked":"Shrug It Off","floor":7.0},{"not_picked":["Heavy Blade","Brutality","Corruption"],"picked":"Flame Barrier","floor":10.0},{"not_picked":["Rampage","Rupture","Heavy Blade"],"picked":"Shockwave","floor":12.0},{"not_picked":["Anger","Rage","Warcry","Thunderclap"],"picked":"SKIP","floor":13.0},{"not_picked":["Cleave","Perfected Strike","True Grit"],"picked":"Shrug It Off","floor":14.0},{"not_picked":["Double Tap","Juggernaut","Impervious"],"picked":"Feed","floor":16.0},{"not_picked":["Sever Soul","Anger","Whirlwind"],"picked":"Headbutt","floor":18.0},{"not_picked":["Cleave","Shrug It Off","Heavy Blade"],"picked":"Entrench+1","floor":19.0},{"not_picked":["Havoc","Perfected Strike","Infernal Blade"],"picked":"Twin Strike","floor":20.0},{"not_picked":["Pummel","Havoc","Clothesline+1"],"picked":"Pommel Strike+1","floor":21},{"not_picked":["Armaments","Shockwave","Hemokinesis"],"picked":"Evolve+1","floor":22}],"player_experience":774412,"relics_obtained":[{"floor":7.0,"key":"Matryoshka"},{"floor":9.0,"key":"Lantern"},{"floor":9.0,"key":"Question Card"},{"floor":10.0,"key":"Gremlin Horn"}],"event_choices":[{"damage_healed":0.0,"max_hp_gain":0.0,"max_hp_loss":0.0,"gold_gain":75.0,"event_name":"World of Goop","player_choice":"Gather Gold","floor":2.0,"gold_loss":0.0,"damage_taken":11.0},{"damage_healed":0.0,"max_hp_gain":0.0,"max_hp_loss":0.0,"gold_gain":150.0,"event_name":"Liars Game","player_choice":"AGREE","floor":4.0,"gold_loss":0.0,"damage_taken":0.0,"cards_obtained":["Doubt"]},{"damage_healed":0.0,"max_hp_gain":5.0,"max_hp_loss":0.0,"gold_gain":0.0,"event_name":"Big Fish","player_choice":"Donut","floor":8.0,"gold_loss":0.0,"damage_taken":0.0}],"is_beta":false,"boss_relics":[{"not_picked":["Runic Cube","Philosopher\u0027s Stone"],"picked":"Black Blood"}],"items_purged_floors":[5],"is_endless":false,"potions_floor_spawned":[3,7,10,12,13,19,21],"killed_by":"Shelled Parasite and Fungi","ascension_level":20}