{"gold_per_floor":[116,130,141,141,57,86,98,98,122,122,155,26,47,81,81,155,155,170,185,185,201,201,201],"floor_reached":23,"playtime":2954,"items_purged":["Strike_G"],"score":387,"play_id":"69820709-595c-4be3-ad05-2d430a0a1d6a","local_time":"20190718165418","is_ascension_mode":true,"campfire_choices":[{"floor":8,"key":"REST"},{"floor":15,"key":"REST"}],"neow_cost":"NONE","seed_source_timestamp":404093630505992,"circlet_count":0,"master_deck":["AscendersBane","Strike_G","Strike_G","Strike_G","Strike_G","Defend_G","Defend_G","Defend_G","Defend_G","Defend_G","Survivor","Neutralize","Dagger Spray","Dagger Throw","Dodge and Roll","Bouncing Flask","Noxious Fumes","Footwork","Corpse Explosion","Deadly Poison","Cloak And Dagger","Distraction+1","Glass Knife","Sucker Punch+1","Deadly Poison+1","Acrobatics+1","Catalyst+1"],"relics":["Ring of the Serpent","Lantern","Centennial Puzzle","Art of War","Dodecahedron","Odd Mushroom","Toxic Egg 2","MutagenicStrength"],"potions_floor_usage":[6,14,21],"damage_taken":[{"damage":7,"enemies":"Jaw Worm","floor":1,"turns":5},{"damage":0,"enemies":"2 Louse","floor":2,"turns":2},{"damage":0,"enemies":"Cultist","floor":3,"turns":3},{"damage":8,"enemies":"Lagavulin","floor":6,"turns":5},{"damage":5,"enemies":"Blue Slaver","floor":7,"turns":3},{"damage":28,"enemies":"Gremlin Nob","floor":11,"turns":5},{"damage":2,"enemies":"The Mushroom Lair","floor":13,"turns":2},{"damage":6,"enemies":"Lagavulin","floor":14,"turns":7},{"damage":7,"enemies":"Hexaghost","floor":16,"turns":9},{"damage":10,"enemies":"Shell Parasite","floor":18,"turns":4},{"damage":13,"enemies":"Chosen","floor":19,"turns":5},{"damage":26,"enemies":"Shelled Parasite and Fungi","floor":21,"turns":6},{"damage":19,"enemies":"Slavers","floor":23,"turns":1}],"seed_played":"-413387722521118965","potions_obtained":[{"floor":2,"key":"Poison Potion"},{"floor":6,"key":"Fire Potion"},{"floor":13,"key":"AttackPotion"},{"floor":18,"key":"Energy Potion"},{"floor":21,"key":"FearPotion"}],"is_trial":false,"path_per_floor":["M","M","M","?","$","E","M","R","T","?","E","$","?","E","R","B",null,"M","M","?","M","?","E"],"character_chosen":"THE_SILENT","items_purchased":["Bouncing Flask","Deadly Poison"],"campfire_rested":2,"item_purchase_floors":[5,12],"current_hp_per_floor":[58,58,58,47,47,39,34,55,55,55,27,27,25,19,40,33,62,52,39,39,13,13,0],"gold":201,"neow_bonus":"TEN_PERCENT_HP_BONUS","is_prod":false,"is_daily":false,"chose_seed":false,"campfire_upgraded":0,"win_rate":0,"timestamp":1563486858,"path_taken":["M","M","M","?","$","E","M","R","T","?","E","$","?","E","R","BOSS","M","M","?","M","?","E"],"build_version":"2019-07-17","purchased_purges":1,"victory":false,"max_hp_per_floor":[72,72,72,72,72,72,72,72,72,72,72,72,72,72,72,72,72,72,72,72,72,72,72],"card_choices":[{"not_picked":["Flechettes","Poisoned Stab"],"picked":"Dagger Spray","floor":1},{"not_picked":["Slice","Riddle With Holes"],"picked":"Dagger Throw","floor":2},{"not_picked":["Flying Knee","Slice"],"picked":"Dodge and Roll","floor":3},{"not_picked":["Die Die Die","Prepared"],"picked":"Noxious Fumes","floor":6},{"not_picked":["Backflip","PiercingWail"],"picked":"Footwork","floor":7},{"not_picked":["Prepared","Flying Knee"],"picked":"Corpse Explosion","floor":11},{"not_picked":["Concentrate","Blade Dance"],"picked":"Cloak And Dagger","floor":13},{"not_picked":["Outmaneuver","Riddle With Holes"],"picked":"Distraction","floor":14},{"not_picked":["A Thousand Cuts","Wraith Form v2"],"picked":"Glass Knife","floor":16},{"not_picked":["Dagger Throw","Dagger Spray"],"picked":"Sucker Punch+1","floor":18},{"not_picked":["Finisher","Sucker Punch"],"picked":"Deadly Poison+1","floor":19},{"not_picked":["Flying Knee+1","Slice+1"],"picked":"Acrobatics+1","floor":21}],"player_experience":1574343,"relics_obtained":[{"floor":6,"key":"Centennial Puzzle"},{"floor":9,"key":"Art of War"},{"floor":11,"key":"Dodecahedron"},{"floor":13,"key":"Odd Mushroom"},{"floor":14,"key":"Toxic Egg 2"}],"event_choices":[{"damage_healed":0,"gold_gain":0,"player_choice":"Success","damage_taken":11,"relics_obtained":["Lantern"],"max_hp_gain":0,"max_hp_loss":0,"event_name":"Scrap Ooze","floor":4,"gold_loss":0},{"damage_healed":0,"gold_gain":0,"player_choice":"Ignored","damage_taken":0,"max_hp_gain":0,"max_hp_loss":0,"event_name":"Liars Game","floor":10,"gold_loss":0},{"damage_healed":0,"gold_gain":0,"player_choice":"Fought Mushrooms","damage_taken":0,"max_hp_gain":0,"max_hp_loss":0,"event_name":"Mushrooms","floor":13,"gold_loss":0},{"damage_healed":0,"gold_gain":0,"player_choice":"Inject Mutagens","damage_taken":0,"relics_obtained":["MutagenicStrength"],"max_hp_gain":0,"max_hp_loss":0,"event_name":"Drug Dealer","floor":20,"gold_loss":0},{"damage_healed":0,"gold_gain":0,"player_choice":"Read","damage_taken":0,"max_hp_gain":0,"max_hp_loss":0,"event_name":"The Library","floor":22,"gold_loss":0,"cards_obtained":["Catalyst"]}],"is_beta":false,"boss_relics":[{"not_picked":["Snecko Eye","Orrery"],"picked":"Ring of the Serpent"}],"items_purged_floors":[12],"is_endless":false,"potions_floor_spawned":[2,6,13,18,21],"killed_by":"Slavers","ascension_level":17}