{"gold_per_floor":[111,127,143,143,167,210,210,248,274,274,307,332,432,333,333,333],"floor_reached":16,"playtime":8331,"items_purged":["Strike_B"],"score":178,"play_id":"970bf1e1-168a-462a-b968-75340997ba06","local_time":"20181225173214","is_ascension_mode":true,"campfire_choices":[{"data":"Zap","floor":7,"key":"SMITH"},{"floor":10,"key":"REST"},{"floor":15,"key":"REST"}],"neow_cost":"NONE","seed_source_timestamp":494305947138230,"circlet_count":0,"master_deck":["AscendersBane","Strike_B","Strike_B","Strike_B","Defend_B","Defend_B","Defend_B","Defend_B","Zap+1","Dualcast","Dramatic Entrance","Genetic Algorithm","Leap","Coolheaded","Buffer","Coolheaded","Hologram","Stack"],"relics":["Cracked Core","Golden Idol","Anchor","Centennial Puzzle","Odd Mushroom","Bag of Preparation","Vajra"],"potions_floor_usage":[6,6],"damage_taken":[{"damage":0,"enemies":"2 Louse","floor":1,"turns":2},{"damage":12,"enemies":"Jaw Worm","floor":2,"turns":2},{"damage":0,"enemies":"Cultist","floor":3,"turns":3},{"damage":28,"enemies":"Gremlin Nob","floor":6,"turns":5},{"damage":19,"enemies":"The Mushroom Lair","floor":8,"turns":4},{"damage":18,"enemies":"3 Sentries","floor":11,"turns":10},{"damage":0,"enemies":"2 Fungi Beasts","floor":12,"turns":3},{"damage":53,"enemies":"Slime Boss","floor":16,"turns":12}],"seed_played":"2449328591129375127","potions_obtained":[{"floor":1,"key":"Regen Potion"},{"floor":2,"key":"PowerPotion"}],"is_trial":false,"path_per_floor":["M","M","M","?","T","E","R","?","T","R","E","M","?","$","R","B"],"character_chosen":"DEFECT","items_purchased":["Stack"],"campfire_rested":2,"item_purchase_floors":[14],"current_hp_per_floor":[68,56,56,56,56,40,40,21,21,41,23,23,23,23,43,0],"gold":333,"neow_bonus":"RANDOM_COLORLESS","is_prod":false,"is_daily":false,"chose_seed":false,"campfire_upgraded":1,"win_rate":0,"timestamp":1545780734,"path_taken":["M","M","M","?","?","E","R","?","T","R","E","?","?","$","R","BOSS"],"build_version":"2018-12-20","purchased_purges":1,"victory":false,"max_hp_per_floor":[75,75,75,69,69,69,69,69,69,69,69,69,69,69,69,69],"card_choices":[{"not_picked":["Streamline","Reprogram"],"picked":"Genetic Algorithm","floor":1},{"not_picked":["Streamline","Compile Driver"],"picked":"Leap","floor":2},{"not_picked":["Aggregate","Sweeping Beam"],"picked":"Coolheaded","floor":3},{"not_picked":["Redo","Auto Shields"],"picked":"Buffer","floor":6},{"not_picked":["Redo","Compile Driver"],"picked":"Coolheaded","floor":8},{"not_picked":["Aggregate","Redo"],"picked":"Hologram","floor":11},{"not_picked":["Gash","Aggregate","Steam"],"picked":"SKIP","floor":12}],"player_experience":958274,"relics_obtained":[{"floor":5,"key":"Anchor"},{"floor":6,"key":"Centennial Puzzle"},{"floor":8,"key":"Odd Mushroom"},{"floor":9,"key":"Bag of Preparation"},{"floor":11,"key":"Vajra"}],"event_choices":[{"damage_healed":0,"gold_gain":0,"player_choice":"Lose Max HP","damage_taken":0,"relics_obtained":["Golden Idol"],"max_hp_gain":0,"max_hp_loss":6,"event_name":"Golden Idol","floor":4,"gold_loss":0},{"damage_healed":0,"gold_gain":0,"player_choice":"Fought Mushrooms","damage_taken":0,"max_hp_gain":0,"max_hp_loss":0,"event_name":"Mushrooms","floor":8,"gold_loss":0},{"damage_healed":0,"gold_gain":100,"player_choice":"Pray","damage_taken":0,"max_hp_gain":0,"max_hp_loss":0,"event_name":"Golden Shrine","floor":13,"gold_loss":0}],"is_beta":false,"boss_relics":[],"items_purged_floors":[14],"is_endless":false,"potions_floor_spawned":[1,2,3],"killed_by":"Slime Boss","ascension_level":13}