{"gold_per_floor":[113,125,50,64,64,98,113,113,113,13,13,33,33,91,91,191,191,207,207,207,220,95,95],"floor_reached":23,"playtime":2470,"items_purged":["Strike_R","Strike_R","Strike_R"],"score":293,"play_id":"f4a59f7b-d641-4a42-95d8-e02cb5e8a076","local_time":"20181030223440","is_ascension_mode":true,"campfire_choices":[{"data":"Barricade","floor":8.0,"key":"SMITH"},{"data":"Inflame","floor":11.0,"key":"SMITH"},{"data":"Bludgeon","floor":13.0,"key":"SMITH"},{"floor":15.0,"key":"REST"}],"neow_cost":"NONE","seed_source_timestamp":0,"circlet_count":0,"master_deck":["Strike_R","Defend_R","Defend_R","Defend_R","Defend_R","Bash","AscendersBane","Barricade+1","Armaments","Inflame+1","Cleave","True Grit","Ghostly Armor","Bludgeon+1","Limit Break","J.A.X.","Entrench"],"special_seed":0,"relics":["Burning Blood","Happy Flower","Kunai","Thread and Needle","Mark of Pain"],"potions_floor_usage":[23],"damage_taken":[{"damage":4.0,"enemies":"2 Louse","floor":1.0,"turns":3.0},{"damage":13.0,"enemies":"Jaw Worm","floor":2.0,"turns":4.0},{"damage":4.0,"enemies":"Small Slimes","floor":4.0,"turns":5.0},{"damage":20.0,"enemies":"Gremlin Nob","floor":6.0,"turns":4.0},{"damage":6.0,"enemies":"Exordium Thugs","floor":7.0,"turns":4.0},{"damage":3.0,"enemies":"Blue Slaver","floor":12.0,"turns":6.0},{"damage":28.0,"enemies":"Lagavulin Event","floor":14.0,"turns":8.0},{"damage":37.0,"enemies":"Hexaghost","floor":16.0,"turns":9.0},{"damage":0,"enemies":"Spheric Guardian","floor":18,"turns":5},{"damage":19,"enemies":"Chosen","floor":21,"turns":6},{"damage":72,"enemies":"Gremlin Leader","floor":23,"turns":7}],"seed_played":"-6767398663826688549","potions_obtained":[{"floor":2.0,"key":"BloodPotion"},{"floor":4.0,"key":"Energy Potion"},{"floor":14.0,"key":"Regen Potion"},{"floor":18,"key":"Strength Potion"}],"is_trial":false,"path_per_floor":["M","M","$","M","?","E","M","R","T","$","R","M","R","?","R","B",null,"M","?","?","M","$"],"character_chosen":"IRONCLAD","items_purchased":[],"campfire_rested":1,"item_purchase_floors":[],"current_hp_per_floor":[74,67,67,69,69,55,55,55,55,55,55,58,58,36,60,44,71,77,77,62,49,49,0],"gold":95,"neow_bonus":"TRANSFORM_CARD","is_prod":false,"is_daily":false,"chose_seed":false,"campfire_upgraded":3,"win_rate":0,"timestamp":1540956880,"path_taken":["M","M","$","M","?","E","M","R","T","?","R","M","R","?","R","BOSS","M","?","?","M","?","E"],"build_version":"2018-10-25v2","purchased_purges":3,"victory":false,"max_hp_per_floor":[80,80,80,80,80,80,80,80,80,80,80,80,80,80,80,80,80,80,80,85,85,85,85],"card_choices":[{"not_picked":["Wild Strike","Body Slam"],"picked":"Armaments","floor":1.0},{"not_picked":["Pommel Strike","True Grit"],"picked":"Inflame","floor":2.0},{"not_picked":["Sword Boomerang","Perfected Strike"],"picked":"Cleave","floor":4.0},{"not_picked":["Cleave","Body Slam"],"picked":"True Grit","floor":6.0},{"not_picked":["True Grit","Headbutt"],"picked":"Ghostly Armor","floor":7.0},{"not_picked":["Rupture","Wild Strike"],"picked":"Bludgeon","floor":12.0},{"not_picked":["Reaper","Dark Embrace"],"picked":"Limit Break","floor":16.0},{"not_picked":["Sword Boomerang+1","Seeing Red","Armaments"],"picked":"SKIP","floor":18},{"not_picked":["Twin Strike","Shrug It Off"],"picked":"Entrench","floor":21}],"player_experience":845640,"relics_obtained":[{"floor":6.0,"key":"Happy Flower"},{"floor":9.0,"key":"Kunai"},{"floor":14.0,"key":"Thread and Needle"}],"event_choices":[{"damage_healed":0.0,"max_hp_gain":0.0,"max_hp_loss":0.0,"gold_gain":0.0,"event_name":"Liars Game","player_choice":"Ignored","floor":5.0,"gold_loss":0.0,"damage_taken":0.0},{"damage_healed":0.0,"max_hp_gain":0.0,"max_hp_loss":0.0,"gold_gain":0.0,"event_name":"Dead Adventurer","player_choice":"Searched \u00271\u0027 times","floor":14.0,"gold_loss":0.0,"damage_taken":0.0},{"damage_healed":0,"gold_gain":0,"player_choice":"Obtain J.A.X.","damage_taken":0,"max_hp_gain":0,"max_hp_loss":0,"event_name":"Drug Dealer","floor":19,"gold_loss":0,"cards_obtained":["J.A.X."]},{"damage_healed":0,"gold_gain":0,"player_choice":"Shed Blood","damage_taken":20,"max_hp_gain":5,"max_hp_loss":0,"event_name":"Forgotten Altar","floor":20,"gold_loss":0}],"is_beta":false,"boss_relics":[{"not_picked":["Cursed Key","Pandora\u0027s Box"],"picked":"Mark of Pain"}],"items_purged_floors":[3,10,22],"is_endless":false,"potions_floor_spawned":[2,4,14,18,21],"killed_by":"Gremlin Leader","ascension_level":11}