{"gold_per_floor":[109,109,129,144,69,98,98,98,98,118,179,179,27,37,37,109,109,127,138,138,153,172,172,172],"floor_reached":24,"playtime":664,"items_purged":["Strike_R"],"score":516,"play_id":"bd1fd662-c6a2-4746-8785-0563e6eec419","local_time":"20190929144442","is_ascension_mode":true,"campfire_choices":[{"floor":8,"key":"REST"},{"data":"Combust","floor":12,"key":"SMITH"},{"data":"Hemokinesis","floor":15,"key":"SMITH"},{"floor":23,"key":"REST"}],"neow_cost":"NONE","seed_source_timestamp":1088820280959700,"circlet_count":0,"master_deck":["AscendersBane","Strike_R","Strike_R","Strike_R","Strike_R","Defend_R","Defend_R","Defend_R","Defend_R","Bash+1","Disarm","Ghostly Armor","Combust+1","Anger","Disarm","Hemokinesis+1","Blood for Blood","Bludgeon","Disarm","Rupture","Pain","Sword Boomerang"],"relics":["Burning Blood","NeowsBlessing","Darkstone Periapt","MealTicket","Meat on the Bone","Tiny Chest","Sozu","WarpedTongs"],"potions_floor_usage":[10,16,22],"damage_taken":[{"damage":0,"enemies":"2 Louse","floor":1,"turns":1},{"damage":0,"enemies":"Cultist","floor":3,"turns":1},{"damage":0,"enemies":"Jaw Worm","floor":4,"turns":1},{"damage":60,"enemies":"Gremlin Nob","floor":6,"turns":5},{"damage":8,"enemies":"Exordium Wildlife","floor":10,"turns":5},{"damage":42,"enemies":"3 Sentries","floor":11,"turns":8},{"damage":20,"enemies":"Gremlin Gang","floor":14,"turns":3},{"damage":12,"enemies":"Slime Boss","floor":16,"turns":6},{"damage":27,"enemies":"2 Thieves","floor":18,"turns":3},{"damage":29,"enemies":"Shell Parasite","floor":19,"turns":7},{"damage":24,"enemies":"Snecko","floor":21,"turns":5},{"damage":41,"enemies":"Centurion and Healer","floor":22,"turns":6},{"damage":54,"enemies":"Gremlin Leader","floor":24,"turns":4}],"seed_played":"-2149563377095723302","potions_obtained":[{"floor":1,"key":"Regen Potion"},{"floor":10,"key":"BloodPotion"},{"floor":11,"key":"SpeedPotion"},{"floor":14,"key":"DuplicationPotion"}],"is_trial":false,"path_per_floor":["M","?","M","M","$","E","?","R","T","M","E","R","$","M","R","B",null,"M","M","?","M","M","R","E"],"character_chosen":"IRONCLAD","items_purchased":["Combust","Blood for Blood"],"campfire_rested":2,"item_purchase_floors":[5,13],"current_hp_per_floor":[74,74,75,75,75,21,3,25,25,49,25,25,40,38,38,44,67,46,35,41,35,28,52,0],"gold":172,"neow_bonus":"THREE_ENEMY_KILL","is_prod":false,"is_daily":false,"chose_seed":false,"campfire_upgraded":2,"win_rate":0,"timestamp":1569793482,"path_taken":["M","?","M","?","$","E","?","R","T","M","E","R","$","M","R","BOSS","M","M","?","M","?","R","E"],"build_version":"2019-09-27","purchased_purges":1,"victory":false,"max_hp_per_floor":[75,75,75,75,75,75,75,75,75,75,75,75,75,75,75,75,75,75,75,81,81,81,81,81],"card_choices":[{"not_picked":["Whirlwind","Havoc","Pommel Strike"],"picked":"SKIP","floor":1},{"not_picked":["Headbutt","Rampage"],"picked":"Disarm","floor":3},{"not_picked":["Sever Soul","Cleave"],"picked":"Ghostly Armor","floor":4},{"not_picked":["Dual Wield","Perfected Strike"],"picked":"Anger","floor":6},{"not_picked":["Pummel","Body Slam"],"picked":"Disarm","floor":10},{"not_picked":["Barricade","Sword Boomerang"],"picked":"Hemokinesis","floor":11},{"not_picked":["Wild Strike","Sever Soul","Shockwave"],"picked":"SKIP","floor":14},{"not_picked":["Exhume","Juggernaut"],"picked":"Bludgeon","floor":16},{"not_picked":["Armaments","Headbutt"],"picked":"Disarm","floor":18},{"not_picked":["Rampage","Pummel"],"picked":"Rupture","floor":19},{"not_picked":["Body Slam","Flex"],"picked":"Sword Boomerang","floor":21},{"not_picked":["Anger","Entrench","Juggernaut"],"picked":"SKIP","floor":22}],"player_experience":1118781,"relics_obtained":[{"floor":6,"key":"Darkstone Periapt"},{"floor":9,"key":"Meat on the Bone"},{"floor":11,"key":"Tiny Chest"}],"event_choices":[{"damage_healed":0,"gold_gain":0,"player_choice":"Upgraded","damage_taken":0,"max_hp_gain":0,"max_hp_loss":0,"event_name":"Upgrade Shrine","floor":2,"gold_loss":0,"cards_upgraded":["Bash"]},{"damage_healed":0,"gold_gain":0,"player_choice":"Success","damage_taken":18,"relics_obtained":["MealTicket"],"max_hp_gain":0,"max_hp_loss":0,"event_name":"Scrap Ooze","floor":7,"gold_loss":0},{"damage_healed":0,"gold_gain":0,"player_choice":"Rummage","damage_taken":0,"relics_obtained":["WarpedTongs"],"max_hp_gain":0,"max_hp_loss":0,"event_name":"Accursed Blacksmith","floor":20,"gold_loss":0,"cards_obtained":["Pain"]}],"is_beta":true,"boss_relics":[{"not_picked":["Runic Pyramid","Empty Cage"],"picked":"Sozu"}],"items_purged_floors":[13],"is_endless":false,"potions_floor_spawned":[1,10,11,14,21,22],"killed_by":"Gremlin Leader","ascension_level":20}