{"gold_per_floor":[117,133,28,47,24,50,0,0,0,275,287,297,322,334,334,430,430,445,445,463,463,477,477,3,3,56,75,75,91,120,130,130,231,231,249,262,23,34,50,50,78,78,78,106,106,106,206,222,222,222,222,222,5,33,33],"floor_reached":55,"playtime":3499,"items_purged":["Strike_G","Strike_G","Strike_G"],"score":894,"play_id":"e310b3bb-cb3b-4d7f-8fd4-aaaabe2d23be","local_time":"20190927140934","is_ascension_mode":true,"campfire_choices":[{"floor":8,"key":"REST"},{"floor":15,"key":"REST"},{"floor":23,"key":"REST"},{"floor":25,"key":"RECALL"},{"data":"Catalyst","floor":28,"key":"SMITH"},{"floor":32,"key":"REST"},{"floor":40,"key":"REST"},{"floor":42,"key":"REST"},{"floor":46,"key":"REST"},{"data":"Apotheosis","floor":49,"key":"SMITH"},{"data":"Adrenaline","floor":52,"key":"SMITH"}],"neow_cost":"NONE","seed_source_timestamp":1290605111465300,"circlet_count":0,"master_deck":["Strike_G","Strike_G","Defend_G","Defend_G","Defend_G","Defend_G","Defend_G","Survivor","Neutralize","Tactician","PiercingWail","Bouncing Flask","Deadly Poison","Underhanded Strike","Prepared","Riddle With Holes","Regret","Calculated Gamble","Dash","Envenom","Catalyst+1","Bullet Time","Concentrate","Madness","Deadly Poison","Poisoned Stab+1","Deadly Poison","Bane","Outmaneuver+1","Dash","Blur","Adrenaline+1","Dash+1","Leg Sweep+1","Burst","Catalyst","Leg Sweep+1","Tools of the Trade","Footwork","Escape Plan","Master of Strategy","Apotheosis+1","Panache","Catalyst","PiercingWail+1"],"relics":["Ring of the Serpent","Shuriken","Mercury Hourglass","Letter Opener","Ninja Scroll","Omamori","Regal Pillow","The Courier","Cursed Key","Bottled Flame","Pantograph","Question Card","StoneCalendar","Bag of Preparation","Dodecahedron"],"potions_floor_usage":[13,16,16,27,27,30,30,33,36,38,47,50],"damage_taken":[{"damage":0,"enemies":"Cultist","floor":1,"turns":4},{"damage":1,"enemies":"2 Louse","floor":2,"turns":5},{"damage":0,"enemies":"Small Slimes","floor":4,"turns":4},{"damage":23,"enemies":"Lagavulin","floor":6,"turns":6},{"damage":20,"enemies":"Exordium Thugs","floor":11,"turns":4},{"damage":9,"enemies":"Gremlin Gang","floor":12,"turns":5},{"damage":22,"enemies":"3 Sentries","floor":13,"turns":6},{"damage":4,"enemies":"Looter","floor":14,"turns":3},{"damage":43,"enemies":"Hexaghost","floor":16,"turns":8},{"damage":9,"enemies":"Spheric Guardian","floor":18,"turns":5},{"damage":21,"enemies":"Shell Parasite","floor":20,"turns":4},{"damage":17,"enemies":"Snecko","floor":22,"turns":4},{"damage":0,"enemies":"3 Cultists","floor":27,"turns":3},{"damage":23,"enemies":"Centurion and Healer","floor":29,"turns":4},{"damage":14,"enemies":"Slavers","floor":30,"turns":5},{"damage":2,"enemies":"Cultist and Chosen","floor":31,"turns":4},{"damage":13,"enemies":"Champ","floor":33,"turns":7},{"damage":7,"enemies":"3 Shapes","floor":35,"turns":3},{"damage":53,"enemies":"3 Darklings","floor":36,"turns":6},{"damage":2,"enemies":"Maw","floor":38,"turns":4},{"damage":14,"enemies":"Sphere and 2 Shapes","floor":39,"turns":5},{"damage":20,"enemies":"Giant Head","floor":41,"turns":6},{"damage":20,"enemies":"Nemesis","floor":44,"turns":5},{"damage":0,"enemies":"Mind Bloom Boss Battle","floor":47,"turns":3},{"damage":0,"enemies":"Transient","floor":48,"turns":5},{"damage":60,"enemies":"Donu and Deca","floor":50,"turns":7},{"damage":50,"enemies":"Shield and Spear","floor":54,"turns":5},{"damage":55,"enemies":"The Heart","floor":55,"turns":2}],"seed_played":"1772582956129932365","potions_obtained":[{"floor":11,"key":"Fire Potion"},{"floor":12,"key":"SteroidPotion"},{"floor":14,"key":"Swift Potion"},{"floor":18,"key":"Explosive Potion"},{"floor":22,"key":"SkillPotion"},{"floor":27,"key":"EssenceOfSteel"},{"floor":30,"key":"Block Potion"},{"floor":33,"key":"GamblersBrew"},{"floor":35,"key":"Regen Potion"},{"floor":39,"key":"SteroidPotion"},{"floor":47,"key":"Poison Potion"}],"is_trial":false,"path_per_floor":["M","M","$","M","$","E","$","R","T","?","M","M","E","M","R","B",null,"M","?","M","T","M","R","$","R","T","M","R","M","E","M","R","B",null,"M","M","$","M","M","R","E","R","T","E","?","R","?","M","R","B",null,"R","$","E","B"],"character_chosen":"THE_SILENT","items_purchased":["Bouncing Flask","Deadly Poison","Prepared","Fire Potion","Ninja Scroll","Omamori","Burst","Catalyst","Bag of Preparation"],"campfire_rested":7,"item_purchase_floors":[3,3,5,7,24,24,37,37,53],"current_hp_per_floor":[77,76,76,76,76,53,53,76,76,76,56,47,25,21,44,1,77,68,68,47,47,30,53,53,53,53,53,53,30,16,14,52,39,77,70,17,17,29,15,53,33,71,71,51,41,77,77,77,77,17,77,77,77,27,0],"gold":33,"neow_bonus":"TEN_PERCENT_HP_BONUS","is_prod":false,"is_daily":false,"chose_seed":false,"campfire_upgraded":3,"win_rate":0,"timestamp":1569607774,"path_taken":["M","M","?","M","$","E","$","R","T","?","M","?","E","M","R","BOSS","M","?","?","?","M","R","$","R","T","M","R","M","E","M","R","BOSS","M","?","$","?","M","R","E","R","T","E","?","R","?","M","R","BOSS","R","$","E","BOSS"],"build_version":"2019-07-17","purchased_purges":3,"victory":false,"max_hp_per_floor":[77,77,77,77,77,77,77,77,77,77,77,77,77,77,77,77,77,77,77,77,77,77,77,77,77,77,77,77,77,77,77,77,77,77,77,77,77,77,77,77,77,77,77,77,77,77,77,77,77,77,77,77,77,77,77],"card_choices":[{"not_picked":["Dagger Spray","Calculated Gamble"],"picked":"Tactician","floor":1},{"not_picked":["Bane","Blade Dance"],"picked":"PiercingWail","floor":2},{"not_picked":["Slice","Doppelganger"],"picked":"Underhanded Strike","floor":4},{"not_picked":["PiercingWail","Dagger Spray"],"picked":"Riddle With Holes","floor":6},{"not_picked":["Infinite Blades","PiercingWail"],"picked":"Calculated Gamble","floor":11},{"not_picked":["Bane","Flying Knee"],"picked":"Dash","floor":12},{"not_picked":["Distraction","Blade Dance"],"picked":"Envenom","floor":13},{"not_picked":["Prepared","Underhanded Strike"],"picked":"Catalyst","floor":14},{"not_picked":["Glass Knife","Storm of Steel"],"picked":"Bullet Time","floor":16},{"not_picked":["Reflex","Bane"],"picked":"Concentrate","floor":18},{"not_picked":["Underhanded Strike","PiercingWail"],"picked":"Poisoned Stab+1","floor":20},{"not_picked":["Quick Slash+1","Night Terror"],"picked":"Deadly Poison","floor":22},{"not_picked":["Outmaneuver","Quick Slash+1"],"picked":"Bane","floor":27},{"not_picked":["Dagger Throw","Endless Agony"],"picked":"Outmaneuver+1","floor":29},{"not_picked":["Deadly Poison","Finisher"],"picked":"Dash","floor":30},{"not_picked":["Dagger Throw","Cloak And Dagger"],"picked":"Blur","floor":31},{"not_picked":["After Image","Burst"],"picked":"Adrenaline","floor":33},{"not_picked":["Cloak And Dagger+1","Concentrate"],"picked":"Dash+1","floor":35},{"not_picked":["Choke+1","Dagger Spray"],"picked":"Leg Sweep+1","floor":36},{"not_picked":["Dagger Throw","Outmaneuver"],"picked":"Leg Sweep+1","floor":38},{"not_picked":["Underhanded Strike+1","Poisoned Stab"],"picked":"Tools of the Trade","floor":39},{"not_picked":["Acrobatics+1","Underhanded Strike+1"],"picked":"Footwork","floor":41},{"not_picked":["Reflex","Slice+1"],"picked":"Escape Plan","floor":44},{"not_picked":["Forethought","Finesse","Dramatic Entrance"],"picked":"Master of Strategy","floor":45},{"not_picked":["Deep Breath","Madness","Impatience"],"picked":"Apotheosis","floor":45},{"not_picked":["PanicButton","Deep Breath","Thinking Ahead"],"picked":"Panache","floor":45},{"not_picked":["Caltrops+1","Dodge and Roll+1","Tactician"],"picked":"Catalyst","floor":47},{"not_picked":["Reflex","Predator","All Out Attack","Quick Slash"],"picked":"SKIP","floor":48},{"not_picked":["Sucker Punch","Quick Slash","Venomology"],"picked":"PiercingWail+1","floor":54}],"player_experience":135014,"relics_obtained":[{"floor":6,"key":"Shuriken"},{"floor":9,"key":"Mercury Hourglass"},{"floor":13,"key":"Letter Opener"},{"floor":26,"key":"Regal Pillow"},{"floor":30,"key":"The Courier"},{"floor":41,"key":"Bottled Flame"},{"floor":43,"key":"Pantograph"},{"floor":44,"key":"Question Card"},{"floor":47,"key":"StoneCalendar"},{"floor":54,"key":"Dodecahedron"}],"event_choices":[{"damage_healed":0,"gold_gain":275,"player_choice":"Desecrate","damage_taken":0,"max_hp_gain":0,"max_hp_loss":0,"event_name":"Golden Shrine","floor":10,"gold_loss":0,"cards_obtained":["Regret"]},{"damage_healed":0,"gold_gain":0,"player_choice":"2 cards matched","damage_taken":0,"max_hp_gain":0,"max_hp_loss":0,"event_name":"Match and Keep!","floor":19,"gold_loss":0,"cards_obtained":["Madness","Deadly Poison"]},{"damage_healed":0,"gold_gain":0,"player_choice":"Memory 3","damage_taken":10,"max_hp_gain":0,"max_hp_loss":0,"event_name":"SensoryStone","floor":45,"gold_loss":0},{"damage_healed":0,"gold_gain":0,"player_choice":"Fight","damage_taken":0,"max_hp_gain":0,"max_hp_loss":0,"event_name":"MindBloom","floor":47,"gold_loss":0}],"is_beta":false,"boss_relics":[{"not_picked":["Empty Cage","Busted Crown"],"picked":"Ring of the Serpent"},{"not_picked":["Runic Pyramid","Pandora\u0027s Box"],"picked":"Cursed Key"}],"items_purged_floors":[24,37,53],"is_endless":false,"potions_floor_spawned":[11,12,14,18,22,27,30,33,35,39,47],"killed_by":"The Heart","ascension_level":3}