{"gold_per_floor":[114,64,64,239,39,69,69,99,99,114,114,114,19,19,19,144,144,163,163,182,182,182,182],"floor_reached":23,"playtime":664,"items_purged":[],"score":418,"play_id":"8895a25a-ceb0-4404-9f31-ea988a601270","local_time":"20180930162907","daily_mods":["Draft","Flight","Lethality"],"is_ascension_mode":false,"campfire_choices":[{"data":"Go for the Eyes","floor":7.0,"key":"SMITH"},{"data":"Hologram","floor":15.0,"key":"SMITH"}],"neow_cost":"","seed_source_timestamp":0,"circlet_count":0,"master_deck":["Beam Cell+1","Conserve Battery","FTL","Sweeping Beam","Steam Power+1","Steam+1","Sweeping Beam","Stack","Ball Lightning","Go for the Eyes+1","Gash","Rebound","Gash","Leap","Coolheaded","Doubt","Barrage","Hologram+1","Conserve Battery","Beam Cell","Rebound","Injury","Buffer","Parasite","Parasite","Doubt","Sunder","Ball Lightning","Seek","Clumsy","Loop","Ghostly","Ghostly","Ghostly","Ghostly","Ghostly","Bite","Bite","Bite","Bite","Bite"],"special_seed":17804,"relics":["Cracked Core","War Paint","Shuriken","Orichalcum","Cables","Ice Cream","Potion Belt","Golden Idol","Calling Bell","Vajra","Darkstone Periapt","Bird Faced Urn"],"potions_floor_usage":[],"damage_taken":[{"damage":0.0,"enemies":"2 Louse","floor":1.0,"turns":1.0},{"damage":0.0,"enemies":"3 Sentries","floor":6.0,"turns":3.0},{"damage":0.0,"enemies":"Gremlin Nob","floor":8.0,"turns":2.0},{"damage":0.0,"enemies":"Small Slimes","floor":10.0,"turns":1.0},{"damage":55.0,"enemies":"Hexaghost","floor":16.0,"turns":5.0},{"damage":26.0,"enemies":"3 Byrds","floor":18.0,"turns":3.0},{"damage":18.0,"enemies":"2 Thieves","floor":20.0,"turns":3.0},{"damage":30,"enemies":"Gremlin Leader","floor":23,"turns":2}],"seed_played":"3855407655360463062","potions_obtained":[{"floor":6.0,"key":"FocusPotion"},{"floor":8.0,"key":"Swift Potion"}],"is_trial":false,"path_per_floor":["M","?","?","?","$","E","R","E","T","M","?","T","$","?","R","B",null,"M","?","M","?","?"],"character_chosen":"DEFECT","items_purchased":["War Paint","PowerPotion","Beam Cell","Rebound"],"campfire_rested":0,"item_purchase_floors":[5,5,13,13],"current_hp_per_floor":[75,75,75,75,75,75,75,75,75,75,72,72,72,72,72,17,75,49,55,37,37,28,0],"gold":182,"neow_bonus":"","is_prod":false,"is_daily":true,"chose_seed":false,"campfire_upgraded":2,"win_rate":0,"timestamp":1538299747,"path_taken":["M","?","?","?","?","E","R","E","T","?","?","?","?","?","R","BOSS","M","?","?","?","?","E"],"build_version":"2018-09-27","purchased_purges":0,"victory":false,"max_hp_per_floor":[75,75,75,75,75,75,75,75,75,75,75,75,75,75,75,75,75,75,81,81,40,28,28],"card_choices":[{"not_picked":["Redo","Static Discharge"],"picked":"Beam Cell","floor":0.0},{"not_picked":["Turbo","Redo"],"picked":"Conserve Battery","floor":0.0},{"not_picked":["Chaos","Compile Driver"],"picked":"Turbo","floor":0.0},{"not_picked":["Ball Lightning","Compile Driver"],"picked":"FTL","floor":0.0},{"not_picked":["Genetic Algorithm","Streamline"],"picked":"Sweeping Beam","floor":0.0},{"not_picked":["Lockon","Static Discharge"],"picked":"Steam Power","floor":0.0},{"not_picked":["Darkness","Coolheaded"],"picked":"Steam","floor":0.0},{"not_picked":["Barrage","Turbo"],"picked":"Sweeping Beam","floor":0.0},{"not_picked":["Turbo","Lockon"],"picked":"Stack","floor":0.0},{"not_picked":["Coolheaded","Darkness"],"picked":"Ball Lightning","floor":0.0},{"not_picked":["FTL","Recycle"],"picked":"Go for the Eyes","floor":0.0},{"not_picked":["Conserve Battery","Beam Cell"],"picked":"Gash","floor":0.0},{"not_picked":["Chaos","Fusion"],"picked":"Rebound","floor":0.0},{"not_picked":["Cold Snap","Beam Cell"],"picked":"Gash","floor":0.0},{"not_picked":["Sweeping Beam","Redo"],"picked":"Leap","floor":0.0},{"not_picked":["Rebound","Static Discharge"],"picked":"Coolheaded","floor":1.0},{"not_picked":["Double Energy","Heatsinks"],"picked":"Barrage","floor":6.0},{"not_picked":["Defragment","Coolheaded"],"picked":"Hologram","floor":8.0},{"not_picked":["Loop","Stack"],"picked":"Conserve Battery","floor":10.0},{"not_picked":["Creative AI","All For One"],"picked":"Buffer","floor":16.0},{"not_picked":["Steam","Coolheaded"],"picked":"Sunder","floor":18.0},{"not_picked":["Rebound","Coolheaded"],"picked":"Loop","floor":20.0}],"player_experience":392464,"relics_obtained":[{"floor":6.0,"key":"Shuriken"},{"floor":8.0,"key":"Orichalcum"},{"floor":9.0,"key":"Cables"},{"floor":12.0,"key":"Potion Belt"},{"floor":17.0,"key":"Vajra"},{"floor":17.0,"key":"Darkstone Periapt"},{"floor":17.0,"key":"Bird Faced Urn"}],"event_choices":[{"event_name":"The Cleric","player_choice":"Card Removal","floor":2.0,"damage_taken":0.0},{"event_name":"Living Wall","player_choice":"Grow","floor":3.0,"damage_taken":0.0},{"event_name":"Liars Game","player_choice":"agreed","floor":4.0,"damage_taken":0.0},{"event_name":"Scrap Ooze","player_choice":"success","floor":11.0,"damage_taken":3.0},{"event_name":"Golden Idol","player_choice":"Take Wound","floor":14.0,"damage_taken":0.0},{"event_name":"Match and Keep!","player_choice":"3 cards matched","floor":19.0,"damage_taken":0.0},{"event_name":"Ghosts","player_choice":"Became a Ghost","floor":21.0,"damage_taken":0.0},{"event_name":"Vampires","player_choice":"Became a vampire","floor":22.0,"damage_taken":0.0}],"is_beta":true,"boss_relics":[{"not_picked":["Black Star","Lizard Tail"],"picked":"Calling Bell"}],"items_purged_floors":[],"is_endless":false,"potions_floor_spawned":[6,8],"killed_by":"Gremlin Leader","ascension_level":0}