{"gold_per_floor":[129,129,184,239,294,324,324,274,349,349,419,419,474,444,444,564,564,579,579,614,614,614,664,664],"floor_reached":24,"playtime":1076,"items_purged":[],"score":374,"play_id":"7e374a2d-04fb-4db9-8e15-b98e1ee0109a","local_time":"20180925154949","daily_mods":["Allstar","Cursed Run","Terminal"],"is_ascension_mode":false,"campfire_choices":[{"data":"Feel No Pain","floor":10,"key":"SMITH"},{"data":"Disarm","floor":12,"key":"SMITH"},{"data":"Whirlwind","floor":15,"key":"SMITH"}],"neow_cost":"","seed_source_timestamp":0,"circlet_count":0,"master_deck":["Strike_R","Strike_R","Strike_R","Strike_R","Defend_R","Defend_R","Defend_R","Defend_R","Bash","HandOfGreed+1","Dramatic Entrance","Magnetism","Forethought","Master of Strategy","Feel No Pain+1","True Grit","Disarm+1","Headbutt","Iron Wave","Pain","Pain","Ghostly Armor","Whirlwind+1","Pommel Strike","Writhe","Exhume","Battle Trance","Ghostly","Ghostly","Ghostly","Ghostly","Ghostly","Headbutt","Whirlwind+1","Shrug It Off"],"special_seed":17799,"relics":["Cursed Key","Darkstone Periapt","Du-Vu Doll","Strawberry","WarpedTongs","Gremlin Horn","Turnip","Mark of Pain","Nilry\u0027s Codex","Bird Faced Urn"],"potions_floor_usage":[16,16,23],"damage_taken":[{"damage":0.0,"enemies":"Jaw Worm","floor":1.0,"turns":3.0},{"damage":0.0,"enemies":"Small Slimes","floor":3.0,"turns":4.0},{"damage":0.0,"enemies":"2 Louse","floor":4.0,"turns":5.0},{"damage":0.0,"enemies":"Exordium Thugs","floor":5.0,"turns":5.0},{"damage":0,"enemies":"Lagavulin","floor":6,"turns":5},{"damage":10,"enemies":"3 Sentries","floor":11,"turns":9},{"damage":46,"enemies":"Large Slime","floor":13,"turns":21},{"damage":9,"enemies":"Looter","floor":14,"turns":4},{"damage":7,"enemies":"Hexaghost","floor":16,"turns":6},{"damage":2,"enemies":"Spheric Guardian","floor":18,"turns":1},{"damage":8,"enemies":"Shell Parasite","floor":20,"turns":5},{"damage":18,"enemies":"Slavers","floor":23,"turns":4},{"damage":3,"enemies":"Chosen and Byrds","floor":24,"turns":2}],"seed_played":"-3656457146817088839","potions_obtained":[{"floor":3.0,"key":"FairyPotion"},{"floor":5.0,"key":"Regen Potion"},{"floor":13,"key":"Weak Potion"},{"floor":18,"key":"Poison Potion"},{"floor":23,"key":"Dexterity Potion"}],"is_trial":false,"path_per_floor":["M","?","M","M","M","E","?","?","T","R","E","R","M","M","R","B",null,"M","?","M","?","?","E"],"character_chosen":"IRONCLAD","items_purchased":[],"campfire_rested":0,"item_purchase_floors":[],"current_hp_per_floor":[78,77,76,75,74,80,85,84,89,88,78,78,32,23,23,36,87,85,42,34,34,18,3,0],"gold":664,"neow_bonus":"","is_prod":false,"is_daily":true,"chose_seed":false,"campfire_upgraded":3,"win_rate":0,"timestamp":1537865389,"path_taken":["M","?","M","M","M","E","?","?","T","R","E","R","?","M","R","BOSS","M","?","?","?","?","E","M"],"build_version":"2018-09-24","purchased_purges":0,"victory":false,"max_hp_per_floor":[78,77,76,75,74,80,85,84,89,88,87,86,85,84,83,88,87,86,42,41,40,39,38,38],"card_choices":[{"not_picked":["Iron Wave","Anger"],"picked":"Feel No Pain","floor":1.0},{"not_picked":["Power Through","Headbutt"],"picked":"True Grit","floor":3.0},{"not_picked":["Intimidate","Warcry"],"picked":"Disarm","floor":4.0},{"not_picked":["Warcry","Rampage"],"picked":"Headbutt","floor":5.0},{"not_picked":["Rage","Havoc"],"picked":"Iron Wave","floor":6},{"not_picked":["Seeing Red","Perfected Strike"],"picked":"Ghostly Armor","floor":11},{"not_picked":["Anger","Power Through"],"picked":"Whirlwind","floor":13},{"not_picked":["Body Slam","Warcry"],"picked":"Pommel Strike","floor":14},{"not_picked":["Immolate","Demon Form"],"picked":"Exhume","floor":16},{"not_picked":["Wild Strike","Sever Soul"],"picked":"Battle Trance","floor":18},{"not_picked":["Blood for Blood+1","Clothesline"],"picked":"Headbutt","floor":20},{"not_picked":["Headbutt","Pummel+1"],"picked":"Shrug It Off","floor":23}],"player_experience":380499,"relics_obtained":[{"floor":6,"key":"Strawberry"},{"floor":9,"key":"Gremlin Horn"},{"floor":11,"key":"Turnip"},{"floor":22,"key":"Nilry\u0027s Codex"},{"floor":23,"key":"Bird Faced Urn"}],"event_choices":[{"event_name":"Living Wall","player_choice":"Grow","floor":2.0,"damage_taken":0.0},{"event_name":"Accursed Blacksmith","player_choice":"Rummage","floor":7,"damage_taken":0},{"event_name":"The Cleric","player_choice":"Card Removal","floor":8,"damage_taken":0},{"event_name":"Ghosts","player_choice":"Became a Ghost","floor":19,"damage_taken":0},{"event_name":"Duplicator","player_choice":"One dupe","floor":21,"damage_taken":0},{"event_name":"Cursed Tome","player_choice":"Obtained Book","floor":22,"damage_taken":0}],"is_beta":true,"boss_relics":[{"not_picked":["Runic Dome","Philosopher\u0027s Stone"],"picked":"Mark of Pain"}],"items_purged_floors":[],"is_endless":false,"potions_floor_spawned":[3,5,13,18,23],"killed_by":"Chosen and Byrds","ascension_level":0}