{"gold_per_floor":[119,44,58,58,58,58,90,90,117,117,149,149,178,196,196,270,270,287,187,187,187,200,226,226,226,226,101,101,116,76,76,76,76],"floor_reached":33,"playtime":384,"items_purged":["Strike_R","Defend_R","Strike_R+1"],"score":604,"play_id":"8091c280-af3f-482d-8b01-33a9b0d3fcfb","local_time":"20190821215643","is_ascension_mode":true,"campfire_choices":[{"data":"Bash","floor":6.0,"key":"SMITH"},{"data":"Bludgeon","floor":8.0,"key":"SMITH"},{"data":"Defend_R","floor":12.0,"key":"SMITH"},{"data":"Strike_R","floor":15.0,"key":"SMITH"},{"data":"Bludgeon","floor":24.0,"key":"SMITH"},{"data":"Battle Trance","floor":28.0,"key":"SMITH"},{"floor":32.0,"key":"REST"}],"neow_cost":"NONE","seed_source_timestamp":168698721186415,"circlet_count":0,"master_deck":["AscendersBane","Defend_R+1","Defend_R+1","Defend_R+1","Bash+1","Bludgeon+1","Bludgeon+1","Thunderclap+1","Seeing Red+1","Whirlwind+1","Battle Trance+1","Bludgeon+1"],"special_seed":0,"relics":["Burning Blood","NeowsBlessing","Mercury Hourglass","Juzu Bracelet","War Paint","Mummified Hand","Astrolabe","MutagenicStrength","Self Forming Clay","Dodecahedron"],"potions_floor_usage":[33,33,33],"damage_taken":[{"damage":0.0,"enemies":"Cultist","floor":1.0,"turns":1.0},{"damage":0.0,"enemies":"2 Louse","floor":3.0,"turns":2.0},{"damage":0.0,"enemies":"Gremlin Nob","floor":7.0,"turns":1.0},{"damage":25.0,"enemies":"Lagavulin","floor":11.0,"turns":4.0},{"damage":4.0,"enemies":"3 Sentries","floor":13.0,"turns":6.0},{"damage":0.0,"enemies":"Small Slimes","floor":14.0,"turns":2.0},{"damage":33.0,"enemies":"Slime Boss","floor":16.0,"turns":6.0},{"damage":12.0,"enemies":"Chosen","floor":18.0,"turns":3.0},{"damage":0.0,"enemies":"Spheric Guardian","floor":22.0,"turns":2.0},{"damage":25.0,"enemies":"Gremlin Leader","floor":23.0,"turns":3.0},{"damage":0.0,"enemies":"Snake Plant","floor":29.0,"turns":2.0},{"damage":16,"enemies":"Automaton","floor":33,"turns":3}],"seed_played":"7385646542993711075","potions_obtained":[{"floor":3.0,"key":"Weak Potion"},{"floor":7.0,"key":"FearPotion"},{"floor":10.0,"key":"Fire Potion"},{"floor":13.0,"key":"Energy Potion"},{"floor":16.0,"key":"FearPotion"},{"floor":29.0,"key":"SneckoOil"},{"floor":30.0,"key":"EntropicBrew"},{"floor":30.0,"key":"Regen Potion"}],"is_trial":false,"path_per_floor":["M","$","M","?","?","R","E","R","T","?","E","R","E","M","R","B",null,"M","$","?","?","M","E","R","?","T","$","R","M","?","$","R","B"],"character_chosen":"IRONCLAD","items_purchased":[],"campfire_rested":1,"item_purchase_floors":[],"current_hp_per_floor":[74,74,75,80,80,80,80,80,80,80,61,61,63,69,69,42,71,65,65,42,42,48,29,29,29,29,29,29,35,35,35,60,53],"gold":76,"neow_bonus":"THREE_ENEMY_KILL","is_prod":false,"is_daily":false,"chose_seed":false,"campfire_upgraded":6,"win_rate":0,"timestamp":1566399403,"path_taken":["M","?","M","?","?","R","E","R","T","?","E","R","E","M","R","BOSS","M","$","?","?","M","E","R","?","T","$","R","M","?","?","R","BOSS"],"build_version":"2019-08-15","purchased_purges":3,"victory":false,"max_hp_per_floor":[75,75,75,80,80,80,80,80,80,80,80,80,80,80,80,80,80,80,80,85,85,85,85,85,85,85,85,85,85,85,85,85,85],"card_choices":[{"not_picked":["Havoc","Clash","Corruption"],"picked":"SKIP","floor":1.0},{"not_picked":["Pommel Strike","Wild Strike","Feel No Pain"],"picked":"SKIP","floor":3.0},{"not_picked":["Headbutt","Clothesline"],"picked":"Bludgeon","floor":7.0},{"not_picked":["Headbutt","Thunderclap","Dual Wield"],"picked":"SKIP","floor":11.0},{"not_picked":["Hemokinesis","Flex","Pommel Strike"],"picked":"SKIP","floor":13.0},{"not_picked":["Anger","Second Wind","Sword Boomerang"],"picked":"SKIP","floor":14.0},{"not_picked":["Exhume","Barricade"],"picked":"Bludgeon","floor":16.0},{"not_picked":["Clothesline","Heavy Blade","True Grit"],"picked":"SKIP","floor":18.0},{"not_picked":["Combust","Headbutt","Twin Strike"],"picked":"SKIP","floor":22.0},{"not_picked":["Pommel Strike+1","Cleave"],"picked":"Battle Trance","floor":23.0},{"not_picked":["Inflame","Corruption","Clash"],"picked":"SKIP","floor":29.0}],"player_experience":1075276,"relics_obtained":[{"floor":7.0,"key":"Mercury Hourglass"},{"floor":9.0,"key":"Juzu Bracelet"},{"floor":11.0,"key":"War Paint"},{"floor":13.0,"key":"Mummified Hand"},{"floor":23.0,"key":"Self Forming Clay"},{"floor":26.0,"key":"Dodecahedron"}],"event_choices":[{"damage_healed":0.0,"max_hp_gain":5.0,"max_hp_loss":0.0,"gold_gain":0.0,"event_name":"Big Fish","player_choice":"Donut","floor":4.0,"gold_loss":0.0,"damage_taken":0.0},{"damage_healed":0.0,"max_hp_gain":0.0,"max_hp_loss":0.0,"gold_gain":0.0,"event_name":"Liars Game","player_choice":"Ignored","floor":5.0,"gold_loss":0.0,"damage_taken":0.0},{"damage_healed":0.0,"max_hp_gain":0.0,"max_hp_loss":0.0,"gold_gain":0.0,"event_name":"Lab","player_choice":"Got Potions","floor":10.0,"gold_loss":0.0,"damage_taken":0.0},{"damage_healed":0.0,"max_hp_gain":5.0,"max_hp_loss":0.0,"gold_gain":0.0,"event_name":"Forgotten Altar","player_choice":"Shed Blood","floor":20.0,"gold_loss":0.0,"damage_taken":28.0},{"damage_healed":0.0,"max_hp_gain":0.0,"max_hp_loss":0.0,"gold_gain":0.0,"event_name":"Drug Dealer","player_choice":"Inject Mutagens","floor":21.0,"gold_loss":0.0,"damage_taken":0.0,"relics_obtained":["MutagenicStrength"]},{"damage_healed":0.0,"max_hp_gain":0.0,"max_hp_loss":0.0,"gold_gain":0.0,"event_name":"Duplicator","player_choice":"Copied","floor":25.0,"gold_loss":0.0,"damage_taken":0.0,"cards_obtained":["Bludgeon"]},{"damage_healed":0.0,"max_hp_gain":0.0,"max_hp_loss":0.0,"gold_gain":0.0,"event_name":"The Woman in Blue","player_choice":"Bought 3 Potions","floor":30.0,"gold_loss":0.0,"damage_taken":0.0}],"is_beta":true,"boss_relics":[{"not_picked":["Philosopher\u0027s Stone","Orrery"],"picked":"Astrolabe"}],"items_purged_floors":[2,19,27],"is_endless":false,"potions_floor_spawned":[3,7,13,16,22,29],"killed_by":"Automaton","ascension_level":20}