{"gold_per_floor":[113,113,113,93,107,107,141,154,154,154,184,184,195,208,208,280,280,295,314,314,314],"floor_reached":21,"playtime":612,"items_purged":[],"score":428,"play_id":"c3314265-9ff8-4a95-9099-8bc79a9cd430","local_time":"20190926121534","is_ascension_mode":true,"campfire_choices":[{"data":"Battle Trance","floor":6,"key":"SMITH"},{"data":"Anger","floor":10,"key":"SMITH"},{"data":"Evolve","floor":15,"key":"SMITH"}],"neow_cost":"NONE","seed_source_timestamp":820722844979700,"circlet_count":0,"master_deck":["AscendersBane","Strike_R","Strike_R","Strike_R","Strike_R","Defend_R","Defend_R","Defend_R","Defend_R","Bash+1","Shrug It Off","Battle Trance+1","Evolve+1","Anger+1","Feel No Pain","Reckless Charge","Demon Form","Corruption"],"relics":["Burning Blood","NeowsBlessing","MealTicket","Mummified Hand","Smiling Mask","Runic Dome"],"potions_floor_usage":[11,16,21,21],"damage_taken":[{"damage":0,"enemies":"Small Slimes","floor":1,"turns":1},{"damage":0,"enemies":"Cultist","floor":5,"turns":1},{"damage":0,"enemies":"Lagavulin","floor":7,"turns":1},{"damage":4,"enemies":"Jaw Worm","floor":8,"turns":4},{"damage":30,"enemies":"3 Sentries","floor":11,"turns":10},{"damage":0,"enemies":"Blue Slaver","floor":13,"turns":4},{"damage":3,"enemies":"2 Fungi Beasts","floor":14,"turns":5},{"damage":30,"enemies":"Hexaghost","floor":16,"turns":6},{"damage":39,"enemies":"3 Byrds","floor":18,"turns":6},{"damage":23,"enemies":"2 Thieves","floor":19,"turns":4},{"damage":26,"enemies":"Snake Plant","floor":21,"turns":3}],"seed_played":"-1396169534955473754","potions_obtained":[{"floor":4,"key":"SteroidPotion"},{"floor":5,"key":"Fire Potion"},{"floor":8,"key":"Regen Potion"},{"floor":13,"key":"PowerPotion"},{"floor":14,"key":"PowerPotion"},{"floor":19,"key":"SpeedPotion"}],"is_trial":false,"path_per_floor":["M","?","?","?","M","R","E","M","T","R","E","$","M","M","R","B",null,"M","M","?","M"],"character_chosen":"IRONCLAD","items_purchased":[],"campfire_rested":0,"item_purchase_floors":[],"current_hp_per_floor":[74,74,67,67,73,73,75,75,75,75,65,75,75,75,75,51,69,36,19,19,0],"gold":314,"neow_bonus":"THREE_ENEMY_KILL","is_prod":false,"is_daily":false,"chose_seed":false,"campfire_upgraded":3,"win_rate":0,"timestamp":1569525334,"path_taken":["M","?","?","?","?","R","E","M","T","R","E","?","M","M","R","BOSS","M","?","?","M"],"build_version":"2019-09-25","purchased_purges":0,"victory":false,"max_hp_per_floor":[75,75,75,75,75,75,75,75,75,75,75,75,75,75,75,75,75,75,75,75,75],"card_choices":[{"not_picked":["Flex","Thunderclap"],"picked":"Shrug It Off","floor":1},{"not_picked":["Inflame","Sword Boomerang"],"picked":"Battle Trance","floor":5},{"not_picked":["True Grit","Heavy Blade"],"picked":"Evolve","floor":7},{"not_picked":["Hemokinesis","Havoc"],"picked":"Anger","floor":8},{"not_picked":["Blood for Blood","Dropkick","Dark Embrace"],"picked":"SKIP","floor":11},{"not_picked":["Rage","Sever Soul"],"picked":"Feel No Pain","floor":13},{"not_picked":["Burning Pact","Headbutt"],"picked":"Reckless Charge","floor":14},{"not_picked":["Feed","Limit Break"],"picked":"Demon Form","floor":16},{"not_picked":["Cleave+1","Sword Boomerang","Clothesline"],"picked":"SKIP","floor":18},{"not_picked":["Shockwave","Combust"],"picked":"Corruption","floor":19}],"player_experience":1040397,"relics_obtained":[{"floor":7,"key":"MealTicket"},{"floor":9,"key":"Mummified Hand"},{"floor":11,"key":"Smiling Mask"}],"event_choices":[{"damage_healed":0,"gold_gain":0,"player_choice":"Grow","damage_taken":0,"max_hp_gain":0,"max_hp_loss":0,"event_name":"Living Wall","floor":2,"gold_loss":0,"cards_upgraded":["Bash"]},{"cards_removed":["Strike_R"],"damage_healed":0,"gold_gain":0,"player_choice":"Card Removal","damage_taken":7,"max_hp_gain":0,"max_hp_loss":0,"event_name":"Golden Wing","floor":3,"gold_loss":0},{"damage_healed":0,"gold_gain":0,"player_choice":"Bought 1 Potion","damage_taken":0,"max_hp_gain":0,"max_hp_loss":0,"event_name":"The Woman in Blue","floor":4,"gold_loss":0},{"damage_healed":0,"gold_gain":0,"player_choice":"Ignored","damage_taken":0,"max_hp_gain":0,"max_hp_loss":0,"event_name":"Ghosts","floor":20,"gold_loss":0}],"is_beta":true,"boss_relics":[{"not_picked":["Coffee Dripper","Runic Pyramid"],"picked":"Runic Dome"}],"items_purged_floors":[],"is_endless":false,"potions_floor_spawned":[5,8,13,14,19],"killed_by":"Snake Plant","ascension_level":20}