{"gold_per_floor":[212,212,162,162,173,173,173,94,94,124,124,140,155,174,174,253,253,271,285,285,298,298,298,313,313,313,345,345],"floor_reached":28,"playtime":2014,"items_purged":[],"score":405,"play_id":"9dff3e23-c8c8-4152-a31f-cfd18a2c86c8","local_time":"20190102170727","is_ascension_mode":true,"campfire_choices":[{"data":"Neutralize","floor":6.0,"key":"SMITH"},{"floor":11.0,"key":"REST"},{"floor":15.0,"key":"REST"},{"floor":23,"key":"REST"},{"floor":25,"key":"REST"}],"neow_cost":"NONE","seed_source_timestamp":0,"circlet_count":0,"master_deck":["AscendersBane","Defend_G","Defend_G","Defend_G","Defend_G","Defend_G","Strike_G","Strike_G","Survivor","Neutralize+1","Deadly Poison","Dagger Spray","Cloak And Dagger","Noxious Fumes","Poisoned Stab","Backstab","Bane","A Thousand Cuts","Deadly Poison+1","Backflip+1","Deflect+1","Sucker Punch","Calculated Gamble","Catalyst"],"special_seed":0,"relics":["Ring of the Snake","WarpedTongs","Blue Candle","Bag of Marbles","Philosopher\u0027s Stone","Nilry\u0027s Codex","Tough Bandages","Happy Flower"],"potions_floor_usage":[24],"damage_taken":[{"damage":1.0,"enemies":"Jaw Worm","floor":1.0,"turns":6.0},{"damage":4.0,"enemies":"Small Slimes","floor":5.0,"turns":4.0},{"damage":34.0,"enemies":"Gremlin Nob","floor":10.0,"turns":5.0},{"damage":0.0,"enemies":"2 Louse","floor":12.0,"turns":1.0},{"damage":3.0,"enemies":"Red Slaver","floor":13.0,"turns":3.0},{"damage":0.0,"enemies":"3 Louse","floor":14.0,"turns":1.0},{"damage":36.0,"enemies":"Slime Boss","floor":16.0,"turns":10.0},{"damage":15,"enemies":"Chosen","floor":18,"turns":6},{"damage":0,"enemies":"3 Byrds","floor":19,"turns":4},{"damage":14,"enemies":"Snecko","floor":21,"turns":4},{"damage":14,"enemies":"Shelled Parasite and Fungi","floor":24,"turns":5},{"damage":28,"enemies":"Book of Stabbing","floor":27,"turns":6},{"damage":33,"enemies":"Cultist and Chosen","floor":28,"turns":4}],"seed_played":"1793094347212113815","potions_obtained":[{"floor":10.0,"key":"Ancient Potion"},{"floor":13.0,"key":"Fire Potion"},{"floor":19,"key":"Fire Potion"}],"is_trial":false,"path_per_floor":["M","?","?","?","M","R","?","$","T","E","R","M","M","M","R","B",null,"M","M","?","M","?","R","M","R","T","E","M"],"character_chosen":"THE_SILENT","items_purchased":["Noxious Fumes"],"campfire_rested":4,"item_purchase_floors":[8],"current_hp_per_floor":[58,58,58,58,54,54,47,47,47,13,32,32,29,29,48,12,53,38,38,22,8,8,27,13,32,32,4,0],"gold":345,"neow_bonus":"HUNDRED_GOLD","is_prod":false,"is_daily":false,"chose_seed":false,"campfire_upgraded":1,"win_rate":0,"timestamp":1546470447,"path_taken":["M","?","?","?","?","R","?","?","T","E","R","M","M","M","R","BOSS","M","M","?","M","?","R","M","R","T","E","M"],"build_version":"2018-12-20","purchased_purges":0,"victory":false,"max_hp_per_floor":[66,66,66,66,66,66,66,66,66,66,66,66,66,66,66,66,66,66,66,66,66,66,66,66,66,66,66,66],"card_choices":[{"not_picked":["Dagger Throw","Caltrops"],"picked":"Deadly Poison","floor":1.0},{"not_picked":["Blade Dance","Dagger Spray"],"picked":"Cloak And Dagger","floor":5.0},{"not_picked":["Dodge and Roll","Blade Dance"],"picked":"Poisoned Stab","floor":10.0},{"not_picked":["Finisher","Deflect"],"picked":"Backstab","floor":12.0},{"not_picked":["PiercingWail","Dagger Throw"],"picked":"Bane","floor":13.0},{"not_picked":["PiercingWail","Sucker Punch","Grand Finale"],"picked":"SKIP","floor":14.0},{"not_picked":["Die Die Die","Grand Finale"],"picked":"A Thousand Cuts","floor":16.0},{"not_picked":["Skewer","Dodge and Roll"],"picked":"Deadly Poison+1","floor":18},{"not_picked":["Finisher","Accuracy"],"picked":"Backflip+1","floor":19},{"not_picked":["Reflex","Quick Slash"],"picked":"Deflect+1","floor":21},{"not_picked":["Quick Slash","Acrobatics"],"picked":"Calculated Gamble","floor":24},{"not_picked":["Quick Slash","Grand Finale"],"picked":"Catalyst","floor":27}],"player_experience":1055626,"relics_obtained":[{"floor":9.0,"key":"Blue Candle"},{"floor":10.0,"key":"Bag of Marbles"},{"floor":20,"key":"Nilry\u0027s Codex"},{"floor":26,"key":"Tough Bandages"},{"floor":27,"key":"Happy Flower"}],"event_choices":[{"damage_healed":0.0,"max_hp_gain":0.0,"max_hp_loss":0.0,"gold_gain":0.0,"cards_transformed":["Strike_G"],"event_name":"Living Wall","player_choice":"Change","floor":2.0,"gold_loss":0.0,"damage_taken":0.0,"cards_obtained":["Dagger Spray"]},{"cards_removed":["Strike_G"],"damage_healed":0.0,"max_hp_gain":0.0,"max_hp_loss":0.0,"gold_gain":0.0,"event_name":"The Cleric","player_choice":"Card Removal","floor":3.0,"gold_loss":50.0,"damage_taken":0.0},{"damage_healed":0.0,"max_hp_gain":0.0,"max_hp_loss":0.0,"gold_gain":0.0,"event_name":"Accursed Blacksmith","player_choice":"Rummage","floor":4.0,"gold_loss":0.0,"damage_taken":0.0,"relics_obtained":["WarpedTongs"],"cards_obtained":["Pain"]},{"cards_removed":["Pain"],"damage_healed":0.0,"max_hp_gain":0.0,"max_hp_loss":0.0,"gold_gain":0.0,"event_name":"Golden Wing","player_choice":"Card Removal","floor":7.0,"gold_loss":0.0,"damage_taken":7.0},{"damage_healed":0,"gold_gain":0,"player_choice":"Obtained Book","damage_taken":16,"max_hp_gain":0,"max_hp_loss":0,"event_name":"Cursed Tome","floor":20,"gold_loss":0},{"damage_healed":0,"gold_gain":0,"cards_transformed":["Strike_G"],"player_choice":"Transformed","damage_taken":0,"max_hp_gain":0,"max_hp_loss":0,"event_name":"Transmorgrifier","floor":22,"gold_loss":0,"cards_obtained":["Sucker Punch"]}],"is_beta":false,"boss_relics":[{"not_picked":["WristBlade","Black Star"],"picked":"Philosopher\u0027s Stone"}],"items_purged_floors":[],"is_endless":false,"potions_floor_spawned":[10,13,14,19,21],"killed_by":"Cultist and Chosen","ascension_level":14}