{"path_per_floor":["M","?","M","$","M","R","E","R","T","T","R","E","?","M","R","B",null,"M","?","M","M","M","E","M","R","T","$","E","?","M","?","R","B",null,"M","M","$","?","?","R","M","$","T","E","M","E","?","T","R","B"],"character_chosen":"DEFECT","items_purchased":["BootSequence","Thunder Strike","Toolbox","Steam Power+1","Purity+1","Ice Cream","Consume+1","DataDisk","Frozen Egg 2","EssenceOfSteel","GamblersBrew"],"gold_per_floor":[144,144,193,38,87,87,185,185,260,260,260,358,358,407,407,732,732,781,781,830,879,928,1026,1075,1075,1075,392,490,640,689,614,614,939,939,988,1037,532,782,742,742,791,91,91,189,238,336,336,336,336,336],"floor_reached":51,"campfire_rested":8,"playtime":1980,"item_purchase_floors":[4,27,27,27,27,37,37,42,42,42,42],"current_hp_per_floor":[74,56,47,47,47,69,43,65,65,65,75,69,74,74,80,59,80,80,80,80,74,67,78,78,80,80,80,80,80,80,80,80,46,80,68,68,68,68,68,80,80,80,80,46,46,22,22,22,46,8],"items_purged":["Strike_B","Strike_B","Strike_B","Regret"],"gold":336,"score":853,"play_id":"7c04a1e4-93f9-4ff3-ad52-002c3f3578e2","local_time":"20180608181238","daily_mods":["Specialized","Midas","Time Dilation"],"is_prod":false,"is_daily":true,"chose_seed":false,"is_ascension_mode":false,"campfire_upgraded":0,"win_rate":0,"timestamp":1528456358,"campfire_choices":[{"floor":6,"key":"REST"},{"floor":8,"key":"REST"},{"floor":11,"key":"REST"},{"floor":15,"key":"REST"},{"floor":25,"key":"REST"},{"floor":32,"key":"REST"},{"floor":40,"key":"REST"},{"floor":49,"key":"REST"}],"path_taken":["M","?","M","?","M","R","E","R","T","?","R","E","?","M","R","BOSS","M","?","M","M","M","E","M","R","T","$","E","?","?","?","R","BOSS","M","M","$","?","?","R","M","$","T","E","M","E","?","?","R","BOSS"],"build_version":"2018-06-07v2","seed_source_timestamp":0,"purchased_purges":4,"victory":true,"master_deck":["Defend_B","Defend_B","Defend_B","Defend_B","Zap","Dualcast","Electrodynamics","Electrodynamics","Electrodynamics","Electrodynamics","Electrodynamics","Melter","Storm","BootSequence","Ball Lightning","Redo+1","Redo+1","Echo Form","Leap+1","Leap+1","Thunder Strike","Steam Power+1","Purity+1","Reboot+1","Capacitor","Thunder Strike","Consume+1","Auto Shields+1","Storm+1","Double Energy+1"],"max_hp_per_floor":[75,75,75,75,75,75,75,75,75,75,75,75,80,80,80,80,80,80,80,80,80,80,80,80,80,80,80,80,80,80,80,80,80,80,80,80,80,80,80,80,80,80,80,80,80,80,80,80,80,80],"relics":["Cracked Core","Golden Idol","Pantograph","Toxic Egg 2","Shuriken","Art of War","Velvet Choker","Ginger","Orichalcum","Toolbox","Bronze Scales","Snecko Eye","Ice Cream","DataDisk","Frozen Egg 2","Matryoshka","Molten Egg 2","Bag of Preparation","Ornamental Fan","Omamori"],"card_choices":[{"not_picked":["Compile Driver","Cold Snap"],"picked":"Melter","floor":1},{"not_picked":["Beam Cell","Compile Driver"],"picked":"Storm","floor":3},{"not_picked":["Steam","Streamline","Darkness"],"picked":"SKIP","floor":5},{"not_picked":["Redo","Chill"],"picked":"Ball Lightning","floor":7},{"not_picked":["Fission+1","Melter"],"picked":"Redo+1","floor":12},{"not_picked":["Gash","Steam Power+1"],"picked":"Redo+1","floor":14},{"not_picked":["All For One","Hyperbeam"],"picked":"Echo Form","floor":16},{"not_picked":["Hologram+1","Cold Snap"],"picked":"Leap+1","floor":18},{"not_picked":["Beam Cell","Turbo+1","Chill+1"],"picked":"SKIP","floor":20},{"not_picked":["Gash+1","Streamline"],"picked":"Leap+1","floor":21},{"not_picked":["Coolheaded+1","Leap+1","Fusion+1"],"picked":"SKIP","floor":22},{"not_picked":["Aggregate+1","FTL","Cold Snap"],"picked":"SKIP","floor":23},{"not_picked":["Aggregate+1","FTL","Cold Snap"],"picked":"SKIP","floor":23},{"not_picked":["Scrape","Leap+1","Chaos+1"],"picked":"SKIP","floor":24},{"not_picked":["All For One","Hyperbeam"],"picked":"Reboot+1","floor":28},{"not_picked":["Streamline+1","Turbo+1"],"picked":"Capacitor","floor":30},{"not_picked":["Buffer","Rainbow+1"],"picked":"Thunder Strike","floor":33},{"not_picked":["Genetic Algorithm+1","Compile Driver","Hologram+1"],"picked":"SKIP","floor":35},{"not_picked":["Genetic Algorithm+1","Doom and Gloom","Chill+1"],"picked":"SKIP","floor":36},{"not_picked":["Gash+1","Hologram+1","Go for the Eyes"],"picked":"SKIP","floor":41},{"not_picked":["Hologram+1","Fusion+1"],"picked":"Auto Shields+1","floor":44},{"not_picked":["Steam Power+1","Barrage+1"],"picked":"Storm+1","floor":45},{"not_picked":["Steam+1","Cold Snap+1"],"picked":"Double Energy+1","floor":46}],"player_experience":43800,"potions_floor_usage":[7,12,16,22,23,28,28,44,45,46,50,50],"damage_taken":[{"damage":1,"enemies":"Cultist","floor":1,"turns":3},{"damage":9,"enemies":"2 Louse","floor":3,"turns":3},{"damage":0,"enemies":"Small Slimes","floor":5,"turns":2},{"damage":26,"enemies":"Lagavulin","floor":7,"turns":5},{"damage":6,"enemies":"Gremlin Nob","floor":12,"turns":3},{"damage":0,"enemies":"Exordium Thugs","floor":14,"turns":2},{"damage":21,"enemies":"The Guardian","floor":16,"turns":7},{"damage":0,"enemies":"Chosen","floor":18,"turns":3},{"damage":0,"enemies":"3 Byrds","floor":20,"turns":2},{"damage":6,"enemies":"Snake Plant","floor":21,"turns":3},{"damage":7,"enemies":"Slaver and Parasite","floor":22,"turns":3},{"damage":3,"enemies":"Gremlin Leader","floor":23,"turns":5},{"damage":0,"enemies":"Centurion and Healer","floor":24,"turns":3},{"damage":0,"enemies":"Book of Stabbing","floor":28,"turns":4},{"damage":0,"enemies":"3 Cultists","floor":30,"turns":2},{"damage":34,"enemies":"Champ","floor":33,"turns":7},{"damage":12,"enemies":"Orb Walker","floor":35,"turns":3},{"damage":0,"enemies":"3 Darklings","floor":36,"turns":2},{"damage":0,"enemies":"Sphere and 2 Shapes","floor":41,"turns":3},{"damage":34,"enemies":"Nemesis","floor":44,"turns":7},{"damage":0,"enemies":"Flame Bruiser 2 Orb","floor":45,"turns":3},{"damage":24,"enemies":"2 Orb Walkers","floor":46,"turns":3},{"damage":63,"enemies":"Awakened One","floor":50,"turns":7}],"relics_obtained":[{"floor":7,"key":"Pantograph"},{"floor":9,"key":"Toxic Egg 2"},{"floor":10,"key":"Shuriken"},{"floor":12,"key":"Art of War"},{"floor":23,"key":"Ginger"},{"floor":26,"key":"Orichalcum"},{"floor":28,"key":"Bronze Scales"},{"floor":43,"key":"Matryoshka"},{"floor":44,"key":"Molten Egg 2"},{"floor":46,"key":"Bag of Preparation"},{"floor":48,"key":"Ornamental Fan"},{"floor":48,"key":"Omamori"}],"event_choices":[{"event_name":"Golden Idol","player_choice":"Take Damage","floor":2,"damage_taken":0},{"event_name":"Big Fish","player_choice":"Donut","floor":13,"damage_taken":0},{"event_name":"Vampires","player_choice":"Ignored","floor":19,"damage_taken":0},{"event_name":"Nest","player_choice":"Stole From Cult","floor":29,"damage_taken":0},{"event_name":"Beggar","player_choice":"Gave Gold","floor":31,"damage_taken":0},{"event_name":"Golden Shrine","player_choice":"Desecrate","floor":38,"damage_taken":0},{"event_name":"The Woman in Blue","player_choice":"Bought 3 Potions","floor":39,"damage_taken":0},{"event_name":"SecretPortal","player_choice":"Rejected Portal.","floor":47,"damage_taken":0}],"boss_relics":[{"not_picked":["Busted Crown","Orrery"],"picked":"Velvet Choker"},{"not_picked":["Sozu","Runic Dome"],"picked":"Snecko Eye"}],"items_purged_floors":[4,27,37,42],"potions_floor_spawned":[3,5,7,12,20,21,23,33,41,44,45],"seed_played":"-2409088256210812940","ascension_level":0,"potions_obtained":[{"floor":3,"key":"Regen Potion"},{"floor":5,"key":"Poison Potion"},{"floor":7,"key":"AttackPotion"},{"floor":12,"key":"SkillPotion"},{"floor":20,"key":"Energy Potion"},{"floor":21,"key":"LiquidBronze"},{"floor":23,"key":"GamblersBrew"},{"floor":33,"key":"Fire Potion"},{"floor":39,"key":"Strength Potion"},{"floor":39,"key":"Fire Potion"},{"floor":41,"key":"Fire Potion"},{"floor":44,"key":"GamblersBrew"},{"floor":45,"key":"Dexterity Potion"}],"is_trial":false}