{"gold_per_floor":[110,110,120,20,20,75,75,75,99,99,117,117,42,60,60,135,135,152,168,143,227,277,277,296,296,320,320],"floor_reached":27,"playtime":558,"items_purged":["Defend_P","Defend_P"],"score":480,"play_id":"59d5a1ab-58fb-462f-9165-938668beda44","local_time":"20190924172848","is_ascension_mode":true,"campfire_choices":[{"data":"Eruption","floor":8,"key":"SMITH"},{"data":"Vigilance","floor":10,"key":"SMITH"},{"data":"Conclude","floor":15,"key":"SMITH"},{"data":"Protect","floor":23,"key":"SMITH"},{"floor":25,"key":"REST"}],"neow_cost":"NONE","seed_source_timestamp":135003884587100,"circlet_count":0,"master_deck":["AscendersBane","Defend_P","Eruption+1","Vigilance+1","Protect+1","Conclude+1","Vault","JustLucky+1","CarveReality+1","Halt+1","TalkToTheHand+1","Decay"],"relics":["PureWater","NeowsBlessing","Tiny Chest","Regal Pillow","SsserpentHead","Astrolabe","Red Mask","Potion Belt"],"potions_floor_usage":[16,16,27],"damage_taken":[{"damage":0,"enemies":"2 Louse","floor":1,"turns":1},{"damage":0,"enemies":"Cultist","floor":3,"turns":1},{"damage":0,"enemies":"Lagavulin","floor":6,"turns":1},{"damage":0,"enemies":"Small Slimes","floor":11,"turns":2},{"damage":29,"enemies":"Exordium Thugs","floor":14,"turns":5},{"damage":6,"enemies":"Slime Boss","floor":16,"turns":4},{"damage":1,"enemies":"Shell Parasite","floor":18,"turns":3},{"damage":0,"enemies":"Chosen","floor":19,"turns":3},{"damage":33,"enemies":"Masked Bandits","floor":21,"turns":3},{"damage":0,"enemies":"Snecko","floor":24,"turns":4},{"damage":48,"enemies":"Book of Stabbing","floor":27,"turns":7}],"seed_played":"5572173784162252406","potions_obtained":[{"floor":6,"key":"SteroidPotion"},{"floor":7,"key":"Ancient Potion"},{"floor":24,"key":"SteroidPotion"}],"is_trial":false,"path_per_floor":["M","?","M","$","?","E","?","R","T","R","M","?","$","M","R","B",null,"M","M","?","?","?","R","M","R","T","E"],"character_chosen":"WATCHER","items_purchased":[],"campfire_rested":1,"item_purchase_floors":[],"current_hp_per_floor":[55,55,55,55,55,55,55,55,55,55,55,55,55,26,26,20,51,50,50,50,17,17,17,17,50,50,2],"gold":320,"neow_bonus":"THREE_ENEMY_KILL","is_prod":false,"is_daily":false,"chose_seed":false,"campfire_upgraded":4,"win_rate":0,"timestamp":1569320928,"path_taken":["M","?","M","$","?","E","?","R","T","R","?","?","?","M","R","BOSS","M","M","?","?","?","R","M","R","T","E"],"build_version":"2019-09-23","purchased_purges":2,"victory":false,"max_hp_per_floor":[61,61,61,61,61,61,61,61,61,61,61,61,61,61,61,61,61,61,61,61,61,61,61,61,61,61,61],"card_choices":[{"not_picked":["FollowUp","TalkToTheHand","WreathOfFlame"],"picked":"SKIP","floor":1},{"not_picked":["Fasting","InnerPeace","EmptyBody"],"picked":"SKIP","floor":3},{"not_picked":["Metaphysics","MasterReality","FlyingSleeves"],"picked":"SKIP","floor":6},{"not_picked":["WreathOfFlame","BowlingBash"],"picked":"Protect","floor":11},{"not_picked":["CleanseEvil","WreathOfFlame"],"picked":"Conclude","floor":14},{"not_picked":["Unraveling","SignatureMove"],"picked":"Vault","floor":16},{"not_picked":["Vengeance","SashWhip"],"picked":"TalkToTheHand+1","floor":18},{"not_picked":["FollowUp","Prostrate","CutThroughFate"],"picked":"SKIP","floor":19},{"not_picked":["CrushJoints","FollowUp","CutThroughFate"],"picked":"SKIP","floor":24}],"player_experience":1143343,"relics_obtained":[{"floor":6,"key":"Tiny Chest"},{"floor":9,"key":"Regal Pillow"},{"floor":21,"key":"Red Mask"},{"floor":26,"key":"Potion Belt"}],"event_choices":[{"damage_healed":0,"gold_gain":0,"player_choice":"Ignored","damage_taken":0,"max_hp_gain":0,"max_hp_loss":0,"event_name":"Liars Game","floor":2,"gold_loss":0},{"cards_removed":["Strike_P"],"damage_healed":0,"gold_gain":0,"player_choice":"Forget","damage_taken":0,"max_hp_gain":0,"max_hp_loss":0,"event_name":"Living Wall","floor":5,"gold_loss":0},{"damage_healed":0,"gold_gain":0,"player_choice":"Got Potions","damage_taken":0,"max_hp_gain":0,"max_hp_loss":0,"event_name":"Lab","floor":7,"gold_loss":0},{"damage_healed":0,"gold_gain":0,"player_choice":"Trade","damage_taken":0,"relics_obtained":["SsserpentHead"],"max_hp_gain":0,"max_hp_loss":0,"event_name":"FaceTrader","floor":12,"gold_loss":0},{"cards_removed":["Strike_P"],"damage_healed":0,"gold_gain":0,"player_choice":"Gave Gold","damage_taken":0,"max_hp_gain":0,"max_hp_loss":0,"event_name":"Beggar","floor":20,"gold_loss":75},{"damage_healed":0,"gold_gain":0,"player_choice":"Fought Bandits","damage_taken":0,"max_hp_gain":0,"max_hp_loss":0,"event_name":"Masked Bandits","floor":21,"gold_loss":0},{"damage_healed":0,"gold_gain":0,"player_choice":"Smashed Altar","damage_taken":0,"max_hp_gain":0,"max_hp_loss":0,"event_name":"Forgotten Altar","floor":22,"gold_loss":0,"cards_obtained":["Decay"]}],"is_beta":true,"boss_relics":[{"not_picked":["SlaversCollar","Velvet Choker"],"picked":"Astrolabe"}],"items_purged_floors":[4,13],"is_endless":false,"potions_floor_spawned":[6,11,14,24],"killed_by":"Book of Stabbing","ascension_level":21}