{"gold_per_floor":[113,29,29,49,49,49,79,79,151,184,149,123,183,196,196,273,273,273,273,228,228,153,153,153],"floor_reached":24,"playtime":1684,"items_purged":[],"score":468,"play_id":"2f3b4815-d738-4cad-b671-ad96df3f2574","local_time":"20181230092916","is_ascension_mode":true,"campfire_choices":[{"data":"Neutralize","floor":6,"key":"SMITH"},{"data":"Survivor","floor":8,"key":"SMITH"},{"floor":15,"key":"REST"},{"floor":23,"key":"REST"}],"neow_cost":"NONE","seed_source_timestamp":904014034325647,"circlet_count":0,"master_deck":["AscendersBane","Defend_G","Defend_G","Defend_G","Defend_G","Defend_G","Strike_G","Strike_G","Strike_G","Strike_G","Survivor+1","Neutralize+1","Infinite Blades","Caltrops","Infinite Blades","Blur+1","Deadly Poison+1","Caltrops","Backflip+1","Venomology+1","Choke","Madness+1","Deep Breath+1","Mind Blast","Blade Dance+1"],"relics":["Ring of the Snake","NeowsBlessing","Gremlin Horn","Boot","Toxic Egg 2","Art of War","Mercury Hourglass","Ectoplasm"],"potions_floor_usage":[13,16,16,20,20,20,20],"damage_taken":[{"damage":0,"enemies":"Small Slimes","floor":1,"turns":1},{"damage":0,"enemies":"Cultist","floor":4,"turns":1},{"damage":0,"enemies":"Lagavulin","floor":7,"turns":1},{"damage":25,"enemies":"3 Sentries","floor":10,"turns":8},{"damage":11,"enemies":"3 Sentries","floor":13,"turns":7},{"damage":0,"enemies":"Jaw Worm","floor":14,"turns":4},{"damage":0,"enemies":"Slime Boss","floor":16,"turns":8},{"damage":7,"enemies":"Shell Parasite","floor":18,"turns":5},{"damage":15,"enemies":"2 Thieves","floor":20,"turns":2},{"damage":45,"enemies":"Book of Stabbing","floor":24,"turns":5}],"seed_played":"-1357363333456854543","potions_obtained":[{"floor":4,"key":"Fire Potion"},{"floor":13,"key":"GhostInAJar"},{"floor":14,"key":"Fire Potion"},{"floor":18,"key":"Energy Potion"}],"is_trial":false,"path_per_floor":["M","?","$","M","?","R","E","R","T","E","?","$","?","M","R","B",null,"M","?","M","?","?","R","E"],"character_chosen":"THE_SILENT","items_purchased":["Deadly Poison+1"],"campfire_rested":2,"item_purchase_floors":[12],"current_hp_per_floor":[59,59,59,59,52,52,52,52,52,27,43,43,32,32,51,51,62,55,31,16,16,16,35,0],"gold":153,"neow_bonus":"THREE_ENEMY_KILL","is_prod":false,"is_daily":false,"chose_seed":false,"campfire_upgraded":2,"win_rate":0,"timestamp":1546183756,"path_taken":["M","?","$","?","?","R","E","R","T","E","?","$","?","M","R","BOSS","M","?","?","?","?","R","E"],"build_version":"2018-12-20","purchased_purges":0,"victory":false,"max_hp_per_floor":[66,66,66,66,66,66,66,66,66,66,66,66,66,66,66,66,66,66,66,66,66,66,66,66],"card_choices":[{"not_picked":["Dagger Throw","Masterful Stab"],"picked":"Infinite Blades","floor":1},{"not_picked":["Flying Knee","Blur"],"picked":"Caltrops","floor":4},{"not_picked":["Well Laid Plans","Blade Dance"],"picked":"Infinite Blades","floor":7},{"not_picked":["Backstab","Terror+1"],"picked":"Blur+1","floor":10},{"not_picked":["Outmaneuver+1","Reflex+1"],"picked":"Caltrops","floor":13},{"not_picked":["Prepared+1","Underhanded Strike"],"picked":"Backflip+1","floor":14},{"not_picked":["Bullet Time+1","Doppelganger+1"],"picked":"Venomology+1","floor":16},{"not_picked":["Bane","Slice"],"picked":"Choke","floor":18},{"not_picked":["Flying Knee","Underhanded Strike"],"picked":"Blade Dance+1","floor":20}],"player_experience":1036227,"relics_obtained":[{"floor":7,"key":"Boot"},{"floor":9,"key":"Toxic Egg 2"},{"floor":10,"key":"Art of War"},{"floor":13,"key":"Mercury Hourglass"}],"event_choices":[{"damage_healed":0,"gold_gain":0,"player_choice":"Paid Gold","damage_taken":0,"relics_obtained":["Gremlin Horn"],"max_hp_gain":0,"max_hp_loss":0,"event_name":"WeMeetAgain","floor":2,"gold_loss":84},{"cards_removed":["Strike_G"],"damage_healed":0,"gold_gain":0,"player_choice":"Card Removal","damage_taken":7,"max_hp_gain":0,"max_hp_loss":0,"event_name":"Golden Wing","floor":5,"gold_loss":0},{"damage_healed":16,"gold_gain":0,"player_choice":"Healed","damage_taken":0,"max_hp_gain":0,"max_hp_loss":0,"event_name":"The Cleric","floor":11,"gold_loss":35},{"damage_healed":0,"gold_gain":0,"player_choice":"Searched \u00272\u0027 times","damage_taken":0,"max_hp_gain":0,"max_hp_loss":0,"event_name":"Dead Adventurer","floor":13,"gold_loss":0},{"damage_healed":0,"gold_gain":0,"player_choice":"CARD CARD CARD ","damage_taken":24,"max_hp_gain":0,"max_hp_loss":0,"event_name":"Knowing Skull","floor":19,"potions_obtained":[],"gold_loss":0,"cards_obtained":["Madness","Deep Breath","Mind Blast"]},{"damage_healed":0,"gold_gain":0,"player_choice":"Smashed Altar","damage_taken":0,"max_hp_gain":0,"max_hp_loss":0,"event_name":"Forgotten Altar","floor":21,"gold_loss":0,"cards_obtained":["Decay"]},{"cards_removed":["Decay"],"damage_healed":0,"gold_gain":0,"player_choice":"Gave Gold","damage_taken":0,"max_hp_gain":0,"max_hp_loss":0,"event_name":"Beggar","floor":22,"gold_loss":75}],"is_beta":false,"boss_relics":[{"not_picked":["WristBlade","Sozu"],"picked":"Ectoplasm"}],"items_purged_floors":[],"is_endless":false,"potions_floor_spawned":[4,13,14,18],"killed_by":"Book of Stabbing","ascension_level":14}