{"gold_per_floor":[114,132,146,19,94,94,123,123,123,156,168,214,226,238,250,262],"floor_reached":16,"playtime":1265,"items_purged":[],"score":122,"play_id":"4be81024-a3af-422c-aa17-9e3d8101234c","local_time":"20190928171116","is_ascension_mode":true,"campfire_choices":[{"data":"Reflex","floor":6,"key":"SMITH"},{"floor":11,"key":"REST"},{"floor":15,"key":"REST"}],"neow_cost":"NONE","seed_source_timestamp":1891704522500,"circlet_count":0,"master_deck":["Strike_G","Strike_G","Strike_G","Strike_G","Defend_G","Defend_G","Defend_G","Defend_G","Defend_G","Survivor","Neutralize","Tools of the Trade","Infinite Blades","Outmaneuver","Bullet Time","Reflex+1","Dagger Throw","Poisoned Stab","Acrobatics","Underhanded Strike","Blade Dance"],"relics":["Ring of the Snake","Bottled Tornado","Bag of Marbles","MawBank","Sundial"],"potions_floor_usage":[12,16],"damage_taken":[{"damage":1,"enemies":"Cultist","floor":1,"turns":4},{"damage":0,"enemies":"2 Louse","floor":2,"turns":3},{"damage":3,"enemies":"Small Slimes","floor":3,"turns":4},{"damage":21,"enemies":"3 Sentries","floor":7,"turns":10},{"damage":33,"enemies":"Lagavulin","floor":10,"turns":7},{"damage":13,"enemies":"Gremlin Nob","floor":12,"turns":5},{"damage":31,"enemies":"The Guardian","floor":16,"turns":10}],"seed_played":"-8495172165699567285","potions_obtained":[{"floor":1,"key":"FearPotion"},{"floor":3,"key":"Ancient Potion"},{"floor":7,"key":"SkillPotion"},{"floor":10,"key":"Block Potion"}],"is_trial":false,"path_per_floor":["M","M","M","$","?","R","E","?","T","E","R","E","$","?","R","B"],"character_chosen":"THE_SILENT","items_purchased":["Reflex","Dagger Throw"],"campfire_rested":2,"item_purchase_floors":[4,4],"current_hp_per_floor":[69,69,66,66,55,55,34,34,34,1,22,9,9,9,30,0],"gold":262,"neow_bonus":"ONE_RANDOM_RARE_CARD","is_prod":false,"is_daily":false,"chose_seed":false,"campfire_upgraded":1,"win_rate":0,"timestamp":1569708676,"path_taken":["M","M","M","$","?","R","E","?","T","E","R","E","$","?","R","BOSS"],"build_version":"2019-09-27","purchased_purges":0,"victory":false,"max_hp_per_floor":[70,70,70,70,70,70,70,70,70,70,70,70,70,70,70,70],"card_choices":[{"not_picked":["Sucker Punch","All Out Attack"],"picked":"Infinite Blades","floor":1},{"not_picked":["Slice","Quick Slash"],"picked":"Outmaneuver","floor":2},{"not_picked":["Flying Knee","Acrobatics"],"picked":"Bullet Time","floor":3},{"not_picked":["Doppelganger","Flechettes"],"picked":"Poisoned Stab","floor":7},{"not_picked":["Infinite Blades","Quick Slash"],"picked":"Acrobatics","floor":10},{"not_picked":["Flying Knee","Glass Knife"],"picked":"Underhanded Strike","floor":12}],"player_experience":250245,"relics_obtained":[{"floor":7,"key":"Bottled Tornado"},{"floor":9,"key":"Bag of Marbles"},{"floor":10,"key":"MawBank"},{"floor":12,"key":"Sundial"}],"event_choices":[{"damage_healed":0,"gold_gain":75,"player_choice":"Gather Gold","damage_taken":11,"max_hp_gain":0,"max_hp_loss":0,"event_name":"World of Goop","floor":5,"gold_loss":0},{"damage_healed":0,"gold_gain":0,"player_choice":"Ignored","damage_taken":0,"max_hp_gain":0,"max_hp_loss":0,"event_name":"Golden Idol","floor":8,"gold_loss":0},{"damage_healed":0,"gold_gain":0,"cards_transformed":["Strike_G"],"player_choice":"Transformed","damage_taken":0,"max_hp_gain":0,"max_hp_loss":0,"event_name":"Transmorgrifier","floor":14,"gold_loss":0,"cards_obtained":["Blade Dance"]}],"is_beta":true,"boss_relics":[],"items_purged_floors":[],"is_endless":false,"potions_floor_spawned":[1,3,7,10],"killed_by":"The Guardian","ascension_level":1}