{"gold_per_floor":[369,381,481,493,132,158,71,103,103,103,123,176,176,195,195,291,291,304,318,233,253,253,253],"floor_reached":23,"playtime":1750,"items_purged":["Shame"],"score":221,"play_id":"611fbb54-ec46-4b77-b9e7-451ac22b9bf2","local_time":"20190528222619","is_ascension_mode":true,"campfire_choices":[{"floor":10.0,"key":"RECALL"},{"data":"Zap","floor":15.0,"key":"SMITH"}],"neow_cost":"CURSE","seed_source_timestamp":0,"circlet_count":0,"master_deck":["Strike_B","Strike_B","Strike_B","Strike_B","Defend_B+1","Defend_B","Defend_B","Defend_B","Zap+1","Dualcast","Tempest+1","White Noise","Self Repair","Hologram","Conserve Battery","Deep Breath","Conserve Battery","Regret","Electrodynamics","Self Repair+1"],"special_seed":0,"relics":["Cracked Core","War Paint","Centennial Puzzle","Kunai","Bag of Preparation","Art of War","Cursed Key","Toxic Egg 2","Boot"],"potions_floor_usage":[23],"damage_taken":[{"damage":0.0,"enemies":"Small Slimes","floor":1.0,"turns":2.0},{"damage":11.0,"enemies":"Cultist","floor":2.0,"turns":4.0},{"damage":7.0,"enemies":"Jaw Worm","floor":4.0,"turns":3.0},{"damage":24.0,"enemies":"Lagavulin","floor":6.0,"turns":5.0},{"damage":9.0,"enemies":"3 Sentries","floor":8.0,"turns":7.0},{"damage":1.0,"enemies":"Looter","floor":11.0,"turns":3.0},{"damage":4.0,"enemies":"Exordium Wildlife","floor":14.0,"turns":3.0},{"damage":22.0,"enemies":"Hexaghost","floor":16.0,"turns":7.0},{"damage":33.0,"enemies":"3 Byrds","floor":18.0,"turns":3.0},{"damage":21.0,"enemies":"Spheric Guardian","floor":19.0,"turns":4.0},{"damage":28.0,"enemies":"Snake Plant","floor":21.0,"turns":4.0},{"damage":27,"enemies":"Gremlin Leader","floor":23,"turns":2}],"seed_played":"4153972134795618655","potions_obtained":[{"floor":1.0,"key":"SteroidPotion"},{"floor":6.0,"key":"AttackPotion"},{"floor":8.0,"key":"AttackPotion"},{"floor":14.0,"key":"Swift Potion"},{"floor":19.0,"key":"Poison Potion"},{"floor":21.0,"key":"Weak Potion"}],"is_trial":false,"path_per_floor":["M","M","?","M","$","E","$","E","T","R","M","T","?","M","R","B",null,"M","M","?","M","?","E"],"character_chosen":"DEFECT","items_purchased":["Self Repair","Hologram","Conserve Battery","War Paint","Deep Breath"],"campfire_rested":0,"item_purchase_floors":[5,5,5,5,7],"current_hp_per_floor":[75,64,64,57,57,40,40,31,31,31,30,30,30,33,33,18,75,49,45,45,27,27,0],"gold":253,"neow_bonus":"TWO_FIFTY_GOLD","is_prod":false,"is_daily":false,"chose_seed":false,"campfire_upgraded":1,"win_rate":0,"timestamp":1559075179,"path_taken":["M","M","?","?","?","E","$","E","T","R","M","?","?","?","R","BOSS","M","M","?","M","?","E"],"build_version":"2019-01-23","purchased_purges":1,"victory":false,"max_hp_per_floor":[75,75,75,75,75,75,75,75,75,75,75,75,75,75,75,75,75,75,75,75,75,75,75],"card_choices":[{"not_picked":["Steam Power","Steam"],"picked":"Tempest","floor":1.0},{"not_picked":["Redo","Double Energy"],"picked":"White Noise","floor":2.0},{"not_picked":["Aggregate","Coolheaded","Heatsinks"],"picked":"SKIP","floor":4.0},{"not_picked":["Force Field","Sweeping Beam","Stack"],"picked":"SKIP","floor":6.0},{"not_picked":["Doom and Gloom","Storm","Beam Cell"],"picked":"SKIP","floor":8.0},{"not_picked":["Stack","Steam Power"],"picked":"Conserve Battery","floor":11.0},{"not_picked":["Steam","Storm","Beam Cell"],"picked":"SKIP","floor":14.0},{"not_picked":["Multi-Cast","Buffer"],"picked":"Electrodynamics","floor":16.0},{"not_picked":["Glacier","Go for the Eyes"],"picked":"Self Repair+1","floor":18.0},{"not_picked":["Coolheaded","Reprogram","Rebound"],"picked":"SKIP","floor":19.0},{"not_picked":["Rebound","Beam Cell","Melter"],"picked":"SKIP","floor":21.0}],"player_experience":94711,"relics_obtained":[{"floor":6.0,"key":"Centennial Puzzle"},{"floor":8.0,"key":"Kunai"},{"floor":12.0,"key":"Bag of Preparation"}],"event_choices":[{"damage_healed":0.0,"max_hp_gain":0.0,"max_hp_loss":0.0,"gold_gain":100.0,"event_name":"Golden Shrine","player_choice":"Pray","floor":3.0,"gold_loss":0.0,"damage_taken":0.0},{"damage_healed":0.0,"max_hp_gain":0.0,"max_hp_loss":0.0,"gold_gain":0.0,"event_name":"Big Fish","player_choice":"Box","floor":13.0,"gold_loss":0.0,"damage_taken":0.0,"relics_obtained":["Art of War"],"cards_obtained":["Regret"]},{"damage_healed":0.0,"max_hp_gain":0.0,"max_hp_loss":0.0,"gold_gain":0.0,"event_name":"Addict","player_choice":"Obtained Relic","floor":20.0,"gold_loss":85.0,"damage_taken":0.0,"relics_obtained":["Toxic Egg 2"]},{"damage_healed":0,"gold_gain":0,"player_choice":"Opened","damage_taken":0,"relics_obtained":["Boot"],"max_hp_gain":0,"max_hp_loss":0,"event_name":"The Mausoleum","floor":22,"gold_loss":0}],"is_beta":false,"boss_relics":[{"not_picked":["Calling Bell","Pandora\u0027s Box"],"picked":"Cursed Key"}],"items_purged_floors":[5],"is_endless":false,"potions_floor_spawned":[1,6,8,14,19,21],"killed_by":"Gremlin Leader","ascension_level":2}