{"gold_per_floor":[118,193,208,208,219,219,249,249,249,249,262,279,289,289,289,361,361,361,125,85,85,85,85,85],"floor_reached":24,"playtime":565,"items_purged":["Strike_R"],"score":396,"play_id":"05206332-65a8-475b-a229-64b01edc54d1","local_time":"20190928124337","is_ascension_mode":true,"campfire_choices":[{"data":"Intimidate","floor":6.0,"key":"SMITH"},{"data":"Spot Weakness","floor":8.0,"key":"SMITH"},{"floor":10.0,"key":"REST"},{"data":"Immolate","floor":15.0,"key":"SMITH"},{"floor":23.0,"key":"REST"}],"neow_cost":"TEN_PERCENT_HP_LOSS","seed_source_timestamp":995229863300900,"circlet_count":0,"master_deck":["AscendersBane","Strike_R","Strike_R","Defend_R","Defend_R","Defend_R","Defend_R","Bash","Headbutt","Intimidate+1","Spot Weakness+1","Immolate+1","Limit Break","Sword Boomerang","Immolate+1","Heavy Blade","Feel No Pain"],"special_seed":0,"relics":["Burning Blood","Champion Belt","Thread and Needle","Calipers","Ectoplasm","DollysMirror"],"potions_floor_usage":[24,24],"damage_taken":[{"damage":4.0,"enemies":"2 Louse","floor":1.0,"turns":4.0},{"damage":11.0,"enemies":"Jaw Worm","floor":3.0,"turns":6.0},{"damage":0.0,"enemies":"Cultist","floor":5.0,"turns":4.0},{"damage":46.0,"enemies":"Gremlin Nob","floor":7.0,"turns":5.0},{"damage":0.0,"enemies":"2 Fungi Beasts","floor":11.0,"turns":3.0},{"damage":9.0,"enemies":"Blue Slaver","floor":12.0,"turns":3.0},{"damage":4.0,"enemies":"Large Slime","floor":13.0,"turns":4.0},{"damage":26.0,"enemies":"Slime Boss","floor":16.0,"turns":9.0},{"damage":8.0,"enemies":"Chosen","floor":18.0,"turns":5.0},{"damage":13.0,"enemies":"2 Thieves","floor":20.0,"turns":2.0},{"damage":14.0,"enemies":"Cultist and Chosen","floor":21.0,"turns":4.0},{"damage":45,"enemies":"Book of Stabbing","floor":24,"turns":4}],"seed_played":"-5742483348376226300","potions_obtained":[{"floor":1.0,"key":"ElixirPotion"},{"floor":5.0,"key":"FearPotion"},{"floor":12.0,"key":"Strength Potion"},{"floor":18.0,"key":"SteroidPotion"}],"is_trial":false,"path_per_floor":["M","?","M","?","M","R","E","R","T","R","M","M","M","?","R","B",null,"M","$","M","M","?","R","E"],"character_chosen":"IRONCLAD","items_purchased":["DollysMirror"],"campfire_rested":2,"item_purchase_floors":[19],"current_hp_per_floor":[68,57,52,52,58,58,18,18,18,38,44,41,43,36,36,16,55,53,53,46,38,19,40,0],"gold":85,"neow_bonus":"ONE_RARE_RELIC","is_prod":false,"is_daily":false,"chose_seed":false,"campfire_upgraded":3,"win_rate":0,"timestamp":1569699817,"path_taken":["M","?","M","?","M","R","E","R","T","R","M","M","?","?","R","BOSS","M","$","M","M","?","R","E"],"build_version":"2019-09-27","purchased_purges":1,"victory":false,"max_hp_per_floor":[68,68,68,68,68,68,68,68,68,68,68,68,68,68,68,68,68,68,68,68,68,73,73,73],"card_choices":[{"not_picked":["Rupture","Havoc","Heavy Blade"],"picked":"SKIP","floor":1.0},{"not_picked":["Clash","Sword Boomerang"],"picked":"Headbutt","floor":3.0},{"not_picked":["Bloodletting","Pommel Strike","Havoc"],"picked":"SKIP","floor":5.0},{"not_picked":["Blood for Blood","Sword Boomerang"],"picked":"Spot Weakness","floor":7.0},{"not_picked":["Armaments","Clothesline"],"picked":"Immolate","floor":11.0},{"not_picked":["Wild Strike","Iron Wave","Armaments"],"picked":"SKIP","floor":12.0},{"not_picked":["Warcry","Clothesline","Carnage"],"picked":"SKIP","floor":13.0},{"not_picked":["Juggernaut","Fiend Fire"],"picked":"Limit Break","floor":16.0},{"not_picked":["Flex","Cleave+1"],"picked":"Sword Boomerang","floor":18.0},{"not_picked":["Entrench","Evolve"],"picked":"Heavy Blade","floor":20.0},{"not_picked":["Brutality","Searing Blow"],"picked":"Feel No Pain","floor":21.0}],"player_experience":1092100,"relics_obtained":[{"floor":7.0,"key":"Thread and Needle"},{"floor":9.0,"key":"Calipers"}],"event_choices":[{"damage_healed":0.0,"max_hp_gain":0.0,"max_hp_loss":0.0,"gold_gain":75.0,"event_name":"World of Goop","player_choice":"Gather Gold","floor":2.0,"gold_loss":0.0,"damage_taken":11.0},{"damage_healed":0.0,"max_hp_gain":0.0,"max_hp_loss":0.0,"gold_gain":0.0,"cards_transformed":["Strike_R"],"event_name":"Transmorgrifier","player_choice":"Transformed","floor":4.0,"gold_loss":0.0,"damage_taken":0.0,"cards_obtained":["Intimidate"]},{"cards_removed":["Strike_R"],"damage_healed":0.0,"max_hp_gain":0.0,"max_hp_loss":0.0,"gold_gain":0.0,"event_name":"Golden Wing","player_choice":"Card Removal","floor":14.0,"gold_loss":0.0,"damage_taken":7.0},{"damage_healed":0.0,"max_hp_gain":5.0,"max_hp_loss":0.0,"gold_gain":0.0,"event_name":"Forgotten Altar","player_choice":"Shed Blood","floor":22.0,"gold_loss":0.0,"damage_taken":24.0}],"is_beta":true,"boss_relics":[{"not_picked":["Calling Bell","Coffee Dripper"],"picked":"Ectoplasm"}],"items_purged_floors":[19],"is_endless":false,"potions_floor_spawned":[1,5,12,18],"killed_by":"Book of Stabbing","ascension_level":20}