{"gold_per_floor":[115,133,144,159,159,193,193,228,228,228,261,149,159,159],"floor_reached":14,"playtime":543,"items_purged":["Strike_B"],"score":220,"play_id":"e29bdce7-ff83-4333-b6a6-1cac3053ef5a","local_time":"20190713162820","is_ascension_mode":true,"campfire_choices":[{"floor":7,"key":"REST"},{"floor":10,"key":"REST"}],"neow_cost":"TEN_PERCENT_HP_LOSS","seed_source_timestamp":22754055218475,"circlet_count":0,"master_deck":["AscendersBane","Strike_B","Defend_B","Defend_B","Defend_B","Defend_B","Zap","Dualcast","Rainbow","Lockon","Sweeping Beam","Rip and Tear","Rip and Tear","FTL","Glacier","Coolheaded","Consume","Ball Lightning"],"relics":["Cracked Core","CultistMask","Centennial Puzzle","Bottled Flame","Bottled Lightning"],"potions_floor_usage":[8,11,11],"damage_taken":[{"damage":10,"enemies":"Jaw Worm","floor":1,"turns":3},{"damage":0,"enemies":"Cultist","floor":2,"turns":2},{"damage":7,"enemies":"Small Slimes","floor":3,"turns":3},{"damage":8,"enemies":"Blue Slaver","floor":4,"turns":4},{"damage":37,"enemies":"3 Sentries","floor":6,"turns":6},{"damage":6,"enemies":"Gremlin Nob","floor":8,"turns":3},{"damage":9,"enemies":"3 Sentries","floor":11,"turns":5},{"damage":11,"enemies":"Lots of Slimes","floor":13,"turns":3},{"damage":18,"enemies":"Gremlin Gang","floor":14,"turns":1}],"seed_played":"-2285905018418706074","potions_obtained":[{"floor":3,"key":"Strength Potion"},{"floor":6,"key":"Block Potion"},{"floor":8,"key":"SteroidPotion"}],"is_trial":false,"path_per_floor":["M","M","M","M","?","E","R","E","T","R","E","$","M","M"],"character_chosen":"DEFECT","items_purchased":["Consume"],"campfire_rested":2,"item_purchase_floors":[12],"current_hp_per_floor":[54,54,47,39,39,2,21,15,15,34,25,25,14,0],"gold":159,"neow_bonus":"TRANSFORM_TWO_CARDS","is_prod":false,"is_daily":false,"chose_seed":false,"campfire_upgraded":0,"win_rate":0,"timestamp":1563049700,"path_taken":["M","M","M","M","?","E","R","E","T","R","E","?","?","M"],"build_version":"2019-07-05","purchased_purges":1,"victory":false,"max_hp_per_floor":[64,64,64,64,64,64,64,64,64,64,64,64,64,64],"card_choices":[{"not_picked":["Steam","Turbo"],"picked":"Sweeping Beam","floor":1},{"not_picked":["Blizzard","Scrape","Streamline"],"picked":"SKIP","floor":2},{"not_picked":["Recycle","Hologram"],"picked":"Rip and Tear","floor":3},{"not_picked":["Rebound","Beam Cell"],"picked":"Rip and Tear","floor":4},{"not_picked":["Fusion","Barrage"],"picked":"FTL","floor":6},{"not_picked":["Conserve Battery","Meteor Strike"],"picked":"Glacier","floor":8},{"not_picked":["Glacier","Reinforced Body"],"picked":"Coolheaded","floor":11},{"not_picked":["Stack","White Noise"],"picked":"Ball Lightning","floor":13}],"player_experience":958889,"relics_obtained":[{"floor":6,"key":"Centennial Puzzle"},{"floor":8,"key":"Bottled Flame"},{"floor":11,"key":"Bottled Lightning"}],"event_choices":[{"damage_healed":0,"gold_gain":0,"player_choice":"Trade","damage_taken":0,"relics_obtained":["CultistMask"],"max_hp_gain":0,"max_hp_loss":0,"event_name":"FaceTrader","floor":5,"gold_loss":0}],"is_beta":false,"boss_relics":[],"items_purged_floors":[12],"is_endless":false,"potions_floor_spawned":[3,6,8],"killed_by":"Gremlin Gang","ascension_level":20}