{"gold_per_floor":[215,229,19,19,33,60,76,111,111,111,139,149,174,134,134,209,209,227,114,130,130],"floor_reached":21,"playtime":1013,"items_purged":[],"score":398,"play_id":"e50d53e1-6e81-44bf-8b53-bcdaf3713525","local_time":"20190609004014","is_ascension_mode":true,"campfire_choices":[{"data":"Coolheaded","floor":10,"key":"SMITH"},{"floor":15,"key":"RECALL"}],"neow_cost":"NONE","seed_source_timestamp":1478502427288051,"circlet_count":0,"master_deck":["AscendersBane","Strike_B","Strike_B","Strike_B","Strike_B","Defend_B","Defend_B","Defend_B","Defend_B","Zap","Dualcast","Conserve Battery","Self Repair","Apotheosis+1","Coolheaded+1","Cold Snap","Compile Driver","FTL","Amplify","Sweeping Beam","All For One","Static Discharge","Capacitor","Coolheaded"],"relics":["Cracked Core","Shuriken","Calipers","Matryoshka","Bronze Scales","Sozu"],"potions_floor_usage":[11],"damage_taken":[{"damage":0,"enemies":"Cultist","floor":1,"turns":3},{"damage":1,"enemies":"2 Louse","floor":2,"turns":3},{"damage":0,"enemies":"Small Slimes","floor":5,"turns":4},{"damage":10,"enemies":"Lagavulin","floor":6,"turns":7},{"damage":0,"enemies":"3 Louse","floor":7,"turns":4},{"damage":16,"enemies":"3 Sentries","floor":8,"turns":11},{"damage":11,"enemies":"Gremlin Nob","floor":11,"turns":4},{"damage":6,"enemies":"2 Fungi Beasts","floor":12,"turns":2},{"damage":11,"enemies":"Slime Boss","floor":16,"turns":9},{"damage":18,"enemies":"Shell Parasite","floor":18,"turns":5},{"damage":51,"enemies":"2 Thieves","floor":20,"turns":4},{"damage":43,"enemies":"Colosseum Slavers","floor":21,"turns":3}],"seed_played":"-7281957322593037597","potions_obtained":[{"floor":2,"key":"Ancient Potion"},{"floor":5,"key":"SneckoOil"},{"floor":11,"key":"EssenceOfSteel"},{"floor":12,"key":"Poison Potion"},{"floor":14,"key":"FairyPotion"}],"is_trial":false,"path_per_floor":["M","M","$","?","M","E","M","E","T","R","E","M","T","?","R","B",null,"M","$","M","?"],"character_chosen":"DEFECT","items_purchased":["Apotheosis","Capacitor","Coolheaded"],"campfire_rested":0,"item_purchase_floors":[3,19,19],"current_hp_per_floor":[64,63,63,63,71,71,71,65,65,65,64,68,68,68,68,71,71,63,63,19,0],"gold":130,"neow_bonus":"HUNDRED_GOLD","is_prod":false,"is_daily":false,"chose_seed":false,"campfire_upgraded":1,"win_rate":0,"timestamp":1560055214,"path_taken":["M","M","$","?","M","E","?","E","T","R","E","M","?","?","R","BOSS","M","$","M","?"],"build_version":"2019-01-23","purchased_purges":0,"victory":false,"max_hp_per_floor":[71,71,71,71,71,71,71,71,71,71,71,71,71,71,71,71,71,71,71,71,71],"card_choices":[{"not_picked":["Rebound","Redo"],"picked":"Conserve Battery","floor":1},{"not_picked":["Consume","Streamline"],"picked":"Self Repair","floor":2},{"not_picked":["Gash","Blizzard"],"picked":"Coolheaded","floor":5},{"not_picked":["Barrage","Tempest"],"picked":"Cold Snap","floor":6},{"not_picked":["Leap","Gash"],"picked":"Compile Driver","floor":7},{"not_picked":["Fusion","Darkness"],"picked":"FTL","floor":8},{"not_picked":["Steam","Steam Power"],"picked":"Amplify","floor":11},{"not_picked":["Steam Power","Conserve Battery"],"picked":"Sweeping Beam","floor":12},{"not_picked":["Amplify","Multi-Cast"],"picked":"All For One","floor":16},{"not_picked":["Ball Lightning","Hologram"],"picked":"Static Discharge","floor":18},{"not_picked":["Sweeping Beam","Rebound+1","Reprogram"],"picked":"SKIP","floor":20}],"player_experience":914851,"relics_obtained":[{"floor":6,"key":"Shuriken"},{"floor":8,"key":"Calipers"},{"floor":9,"key":"Matryoshka"},{"floor":13,"key":"Bronze Scales"}],"event_choices":[{"damage_healed":0,"gold_gain":0,"player_choice":"Upgraded","damage_taken":0,"max_hp_gain":0,"max_hp_loss":0,"event_name":"Upgrade Shrine","floor":4,"gold_loss":0,"cards_upgraded":["Apotheosis"]},{"damage_healed":0,"gold_gain":0,"player_choice":"Bought 3 Potions","damage_taken":0,"max_hp_gain":0,"max_hp_loss":0,"event_name":"The Woman in Blue","floor":14,"gold_loss":0},{"damage_healed":0,"gold_gain":0,"player_choice":"Fight","damage_taken":0,"max_hp_gain":0,"max_hp_loss":0,"event_name":"Colosseum","floor":21,"gold_loss":0}],"is_beta":false,"boss_relics":[{"not_picked":["FrozenCore","Black Star"],"picked":"Sozu"}],"items_purged_floors":[],"is_endless":false,"potions_floor_spawned":[2,5,11,12],"killed_by":"Colosseum Slavers","ascension_level":20}