{"gold_per_floor":[111,11,22,22,22,22,45,45,45,45,56,56,56,88,88,88],"floor_reached":16,"playtime":213,"items_purged":["Defend_P"],"score":216,"play_id":"943605a9-995f-4aa8-a64e-1e0e24367bb4","local_time":"20190927015126","is_ascension_mode":true,"campfire_choices":[{"data":"Eruption","floor":6,"key":"SMITH"},{"data":"Vigilance","floor":10,"key":"SMITH"},{"data":"Strike_P","floor":13,"key":"SMITH"},{"data":"Strike_P","floor":15,"key":"SMITH"}],"neow_cost":"NONE","seed_source_timestamp":338309527031800,"circlet_count":0,"master_deck":["Strike_P","Strike_P","Strike_P+1","Strike_P+1","Defend_P+1","Defend_P+1","Eruption+1","Vigilance+1","AscMod:ascendersbane","Protect"],"relics":["PureWater","NeowsBlessing","Golden Idol","Odd Mushroom","Singing Bowl","Pear","Frozen Egg 2"],"potions_floor_usage":[16],"damage_taken":[{"damage":0,"enemies":"Small Slimes","floor":1,"turns":1},{"damage":0,"enemies":"Jaw Worm","floor":3,"turns":1},{"damage":0,"enemies":"The Mushroom Lair","floor":7,"turns":2},{"damage":0,"enemies":"2 Louse","floor":11,"turns":3},{"damage":41,"enemies":"Gremlin Nob","floor":14,"turns":5},{"damage":0,"enemies":"Slime Boss","floor":16,"turns":5}],"seed_played":"8743976495670717022","potions_obtained":[{"floor":1,"key":"Explosive Potion"},{"floor":11,"key":"Dexterity Potion"}],"is_trial":false,"path_per_floor":["M","$","M","?","?","R","?","?","T","R","M","T","R","E","R","B"],"character_chosen":"WATCHER","items_purchased":[],"campfire_rested":0,"item_purchase_floors":[],"current_hp_per_floor":[55,55,55,55,38,38,38,38,38,38,40,48,48,9,9,9],"gold":88,"neow_bonus":"THREE_ENEMY_KILL","is_prod":false,"is_daily":false,"chose_seed":false,"campfire_upgraded":4,"win_rate":0,"timestamp":1569523886,"path_taken":["M","$","M","?","?","R","?","?","T","R","M","?","R","E","R","BOSS"],"build_version":"2019-09-25","purchased_purges":1,"victory":false,"max_hp_per_floor":[61,61,61,55,55,55,55,55,55,55,57,67,67,69,69,69],"card_choices":[{"not_picked":["Collect","FlyingSleeves"],"picked":"Protect","floor":1},{"not_picked":["ThirdEye","Consecrate","EmptyBody"],"picked":"SKIP","floor":3},{"not_picked":["ForeignInfluence","Protect","Sanctity"],"picked":"Singing Bowl","floor":11},{"not_picked":["ClearTheMind","Vengeance","Perseverance"],"picked":"Singing Bowl","floor":14}],"player_experience":1163378,"relics_obtained":[{"floor":7,"key":"Odd Mushroom"},{"floor":9,"key":"Singing Bowl"},{"floor":12,"key":"Pear"},{"floor":14,"key":"Frozen Egg 2"}],"event_choices":[{"damage_healed":0,"gold_gain":0,"player_choice":"Lose Max HP","damage_taken":0,"relics_obtained":["Golden Idol"],"max_hp_gain":0,"max_hp_loss":6,"event_name":"Golden Idol","floor":4,"gold_loss":0},{"damage_healed":0,"gold_gain":0,"player_choice":"Entered Light","damage_taken":17,"max_hp_gain":0,"max_hp_loss":0,"event_name":"Shining Light","floor":5,"gold_loss":0,"cards_upgraded":["Defend_P","Defend_P"]},{"damage_healed":0,"gold_gain":0,"player_choice":"Fought Mushrooms","damage_taken":0,"max_hp_gain":0,"max_hp_loss":0,"event_name":"Mushrooms","floor":7,"gold_loss":0},{"cards_removed":["Defend_P"],"damage_healed":0,"gold_gain":0,"player_choice":"Forget","damage_taken":0,"max_hp_gain":0,"max_hp_loss":0,"event_name":"Living Wall","floor":8,"gold_loss":0}],"is_beta":true,"boss_relics":[],"items_purged_floors":[2],"is_endless":false,"potions_floor_spawned":[1,11],"killed_by":"Slime Boss","ascension_level":25}