{"gold_per_floor":[114,126,201,201,201,245,245,259,259,259,297,297,297,311,311,440,440,458,383,323,341,356,356,392,392,392,425,448,363,377,377,377,472,472,487,63,63,77,96,96,114,114,114,114,0,0,0,0,0,0],"floor_reached":51,"playtime":1919,"items_purged":["Injury"],"score":833,"play_id":"119b7457-3791-444d-b61d-4a7a279ab73e","local_time":"20190925022439","is_ascension_mode":true,"campfire_choices":[{"data":"Searing Blow","floor":7,"key":"SMITH"},{"data":"Searing Blow+1","floor":10,"key":"SMITH"},{"data":"Searing Blow+2","floor":12,"key":"SMITH"},{"data":"Searing Blow+3","floor":15,"key":"SMITH"},{"floor":23,"key":"REST"},{"data":"Searing Blow+4","floor":25,"key":"SMITH"},{"data":"Searing Blow+5","floor":32,"key":"SMITH"},{"data":"Searing Blow+6","floor":40,"key":"SMITH"},{"data":"Searing Blow+7","floor":42,"key":"SMITH"},{"data":"Searing Blow+8","floor":44,"key":"SMITH"},{"floor":49,"key":"REST"}],"neow_cost":"NONE","seed_source_timestamp":1077076392887300,"circlet_count":0,"master_deck":["Strike_R","Strike_R","Strike_R","Defend_R","Defend_R","Defend_R","Defend_R","Bash+1","Clash","Twin Strike","Searing Blow+9","Headbutt","Brutality","Rupture","Wild Strike","Armaments+1","Battle Trance","Rage","Armaments+1","Enlightenment","Madness","Madness"],"relics":["Burning Blood","Nunchaku","Bloody Idol","Strawberry","Mango","Sundial","Shuriken","Sozu","Kunai","Meat on the Bone","Bottled Lightning","Juzu Bracelet","Lizard Tail","Frozen Eye","Bag of Marbles","Bottled Flame","Red Mask","Self Forming Clay"],"potions_floor_usage":[27,33,50],"damage_taken":[{"damage":8,"enemies":"2 Louse","floor":1,"turns":3},{"damage":0,"enemies":"Small Slimes","floor":2,"turns":3},{"damage":13,"enemies":"Gremlin Nob","floor":6,"turns":4},{"damage":7,"enemies":"Jaw Worm","floor":8,"turns":2},{"damage":23,"enemies":"Lagavulin","floor":11,"turns":5},{"damage":11,"enemies":"Blue Slaver","floor":14,"turns":3},{"damage":22,"enemies":"Slime Boss","floor":16,"turns":7},{"damage":15,"enemies":"Chosen","floor":18,"turns":3},{"damage":28,"enemies":"Shell Parasite","floor":21,"turns":4},{"damage":28,"enemies":"Snecko","floor":22,"turns":4},{"damage":7,"enemies":"Gremlin Leader","floor":24,"turns":3},{"damage":34,"enemies":"Book of Stabbing","floor":27,"turns":4},{"damage":13,"enemies":"Centurion and Healer","floor":28,"turns":5},{"damage":3,"enemies":"Chosen and Byrds","floor":30,"turns":3},{"damage":36,"enemies":"Champ","floor":33,"turns":9},{"damage":18,"enemies":"Orb Walker","floor":35,"turns":3},{"damage":5,"enemies":"3 Shapes","floor":38,"turns":4},{"damage":32,"enemies":"Sphere and 2 Shapes","floor":39,"turns":3},{"damage":22,"enemies":"3 Darklings","floor":41,"turns":7},{"damage":90,"enemies":"Awakened One","floor":50,"turns":8}],"seed_played":"3939282503399957994","potions_obtained":[{"floor":2,"key":"EssenceOfSteel"},{"floor":8,"key":"Dexterity Potion"},{"floor":14,"key":"Regen Potion"},{"floor":16,"key":"BloodPotion"}],"is_trial":false,"path_per_floor":["M","M","?","?","?","E","R","M","T","R","E","R","T","M","R","B",null,"M","?","?","M","M","R","E","R","T","E","M","?","M","?","R","B",null,"M","$","?","M","M","R","M","R","T","R","?","?","?","T","R","B",null],"character_chosen":"IRONCLAD","items_purchased":["Frozen Eye","Bag of Marbles"],"campfire_rested":2,"item_purchase_floors":[36,36],"current_hp_per_floor":[78,80,69,69,69,69,69,68,82,82,65,65,65,60,60,44,101,92,92,92,70,48,78,77,77,77,74,67,67,70,70,70,57,101,94,94,94,100,79,79,68,68,68,68,68,55,55,55,85,28],"gold":0,"neow_bonus":"UPGRADE_CARD","is_prod":false,"is_daily":false,"chose_seed":false,"campfire_upgraded":9,"win_rate":0,"timestamp":1569392679,"path_taken":["M","M","?","?","?","E","R","M","T","R","E","R","?","?","R","BOSS","M","?","?","?","M","R","E","R","T","E","M","?","M","?","R","BOSS","M","$","?","M","M","R","M","R","T","R","?","?","?","?","R","BOSS"],"build_version":"2019-07-17","purchased_purges":1,"victory":true,"max_hp_per_floor":[80,80,80,80,80,87,87,87,101,101,101,101,101,101,101,101,101,101,101,101,101,101,101,101,101,101,101,101,101,101,101,101,101,101,101,101,101,101,101,101,101,101,101,101,101,101,101,101,101,101],"card_choices":[{"not_picked":["Headbutt","Armaments"],"picked":"Clash","floor":1},{"not_picked":["Iron Wave","Heavy Blade"],"picked":"Twin Strike","floor":2},{"not_picked":["Demon Form","Perfected Strike"],"picked":"Searing Blow","floor":6},{"not_picked":["Iron Wave","Havoc","Entrench"],"picked":"SKIP","floor":8},{"not_picked":["Juggernaut","Shockwave","Perfected Strike"],"picked":"SKIP","floor":11},{"not_picked":["Clash","Corruption"],"picked":"Headbutt","floor":14},{"not_picked":["Impervious","Limit Break"],"picked":"Brutality","floor":16},{"not_picked":["Spot Weakness","Entrench","Flex+1"],"picked":"SKIP","floor":18},{"not_picked":["Uppercut","Shrug It Off"],"picked":"Armaments+1","floor":21},{"not_picked":["Metallicize","Sword Boomerang+1","True Grit"],"picked":"SKIP","floor":22},{"not_picked":["Flex","Inflame","Heavy Blade+1"],"picked":"SKIP","floor":24},{"not_picked":["Cleave","Feel No Pain","Sword Boomerang"],"picked":"SKIP","floor":27},{"not_picked":["Flex","Shrug It Off"],"picked":"Battle Trance","floor":28},{"not_picked":["Wild Strike+1","Feed"],"picked":"Rage","floor":30},{"not_picked":["Heavy Blade","Infernal Blade"],"picked":"Armaments+1","floor":35},{"not_picked":["Bandage Up","Flash of Steel"],"picked":"Enlightenment","floor":37},{"not_picked":["Clothesline","Spot Weakness+1","Pommel Strike"],"picked":"SKIP","floor":38},{"not_picked":["Havoc+1","Berserk","Seeing Red"],"picked":"SKIP","floor":39},{"not_picked":["Cleave+1","Pommel Strike","Combust+1"],"picked":"SKIP","floor":41}],"player_experience":78158,"relics_obtained":[{"floor":6,"key":"Strawberry"},{"floor":9,"key":"Mango"},{"floor":11,"key":"Sundial"},{"floor":13,"key":"Shuriken"},{"floor":24,"key":"Kunai"},{"floor":26,"key":"Meat on the Bone"},{"floor":27,"key":"Bottled Lightning"},{"floor":43,"key":"Bottled Flame"},{"floor":48,"key":"Self Forming Clay"}],"event_choices":[{"damage_healed":0,"gold_gain":75,"player_choice":"Gather Gold","damage_taken":11,"max_hp_gain":0,"max_hp_loss":0,"event_name":"World of Goop","floor":3,"gold_loss":0},{"damage_healed":0,"gold_gain":0,"player_choice":"Box","damage_taken":0,"relics_obtained":["Nunchaku"],"max_hp_gain":0,"max_hp_loss":0,"event_name":"Big Fish","floor":4,"gold_loss":0,"cards_obtained":["Regret"]},{"damage_healed":0,"gold_gain":0,"player_choice":"Take Wound","damage_taken":0,"relics_obtained":["Golden Idol"],"max_hp_gain":0,"max_hp_loss":0,"event_name":"Golden Idol","floor":5,"gold_loss":0,"cards_obtained":["Injury"]},{"cards_removed":["Regret"],"damage_healed":0,"gold_gain":0,"player_choice":"Gave Gold","damage_taken":0,"max_hp_gain":0,"max_hp_loss":0,"event_name":"Beggar","floor":19,"gold_loss":75},{"damage_healed":0,"gold_gain":0,"cards_transformed":["Strike_R","Strike_R"],"player_choice":"Transformed Cards","damage_taken":0,"max_hp_gain":0,"max_hp_loss":0,"event_name":"Designer","floor":20,"gold_loss":60,"cards_obtained":["Rupture","Wild Strike"]},{"damage_healed":0,"gold_gain":0,"player_choice":"Obtained Relic","damage_taken":0,"relics_obtained":["Juzu Bracelet"],"max_hp_gain":0,"max_hp_loss":0,"event_name":"Addict","floor":29,"gold_loss":85},{"damage_healed":0,"gold_gain":0,"player_choice":"Gave Idol","damage_taken":0,"relics_obtained":["Bloody Idol"],"max_hp_gain":0,"max_hp_loss":0,"event_name":"Forgotten Altar","floor":31,"relics_lost":["Golden Idol"],"gold_loss":0},{"damage_healed":0,"gold_gain":0,"player_choice":"Memory 1","damage_taken":0,"max_hp_gain":0,"max_hp_loss":0,"event_name":"SensoryStone","floor":37,"gold_loss":0},{"damage_healed":0,"gold_gain":0,"player_choice":"Paid","damage_taken":0,"relics_obtained":["Red Mask"],"max_hp_gain":0,"max_hp_loss":0,"event_name":"Tomb of Lord Red Mask","floor":45,"gold_loss":114},{"damage_healed":0,"gold_gain":0,"player_choice":"Embrace Madness","damage_taken":13,"max_hp_gain":0,"max_hp_loss":0,"event_name":"Winding Halls","floor":46,"gold_loss":0,"cards_obtained":["Madness","Madness"]},{"damage_healed":0,"gold_gain":0,"player_choice":"Ignored","damage_taken":0,"max_hp_gain":0,"max_hp_loss":0,"event_name":"Mysterious Sphere","floor":47,"gold_loss":0}],"is_beta":false,"boss_relics":[{"not_picked":["Busted Crown","Mark of Pain"],"picked":"Sozu"},{"not_picked":["Coffee Dripper","Black Star"],"picked":"Lizard Tail"}],"items_purged_floors":[36],"is_endless":false,"potions_floor_spawned":[2,8,14,16,18,24,27,35,41],"ascension_level":2}