{"gold_per_floor":[112,122,39,59,74,74,74,74,74,102,202,232,245,277,277,277],"floor_reached":16,"playtime":1186,"items_purged":[],"score":126,"play_id":"5b0cabaf-0c8c-4d71-885e-bad14617cb6d","local_time":"20190812213634","is_ascension_mode":true,"campfire_choices":[{"data":"Redo","floor":6,"key":"SMITH"},{"floor":8,"key":"REST"},{"data":"Zap","floor":15,"key":"SMITH"}],"neow_cost":"TEN_PERCENT_HP_LOSS","seed_source_timestamp":766949514083362,"circlet_count":0,"master_deck":["Strike_B","Strike_B","Strike_B","Strike_B","Defend_B","Defend_B","Defend_B","Defend_B","Zap+1","Dualcast+1","Ball Lightning","Aggregate","Storm","Redo+1","Rip and Tear+1","Self Repair","Leap","Force Field","Undo"],"relics":["Cracked Core","Bird Faced Urn","Letter Opener","Meat on the Bone","PreservedInsect","Oddly Smooth Stone"],"potions_floor_usage":[5],"damage_taken":[{"damage":2,"enemies":"2 Louse","floor":1,"turns":3},{"damage":3,"enemies":"Jaw Worm","floor":2,"turns":3},{"damage":1,"enemies":"Cultist","floor":4,"turns":3},{"damage":10,"enemies":"Gremlin Gang","floor":5,"turns":3},{"damage":27,"enemies":"Gremlin Nob","floor":10,"turns":4},{"damage":17,"enemies":"3 Sentries","floor":12,"turns":6},{"damage":0,"enemies":"Large Slime","floor":13,"turns":4},{"damage":21,"enemies":"Lagavulin","floor":14,"turns":4},{"damage":49,"enemies":"Hexaghost","floor":16,"turns":12}],"seed_played":"-5179665337377935744","potions_obtained":[{"floor":1,"key":"Dexterity Potion"},{"floor":4,"key":"Explosive Potion"},{"floor":10,"key":"Energy Potion"}],"is_trial":false,"path_per_floor":["M","M","$","M","M","R","?","R","T","E","?","E","M","E","R","B"],"character_chosen":"DEFECT","items_purchased":["Storm","Redo"],"campfire_rested":1,"item_purchase_floors":[3,3],"current_hp_per_floor":[66,63,63,62,52,52,38,58,58,40,40,44,53,43,43,0],"gold":277,"neow_bonus":"ONE_RARE_RELIC","is_prod":false,"is_daily":false,"chose_seed":false,"campfire_upgraded":2,"win_rate":0,"timestamp":1565663794,"path_taken":["M","M","$","M","M","R","?","R","T","E","?","E","?","E","R","BOSS"],"build_version":"2019-07-17","purchased_purges":0,"victory":false,"max_hp_per_floor":[68,68,68,68,68,68,68,68,68,68,68,68,68,68,68,68],"card_choices":[{"not_picked":["Darkness","Redo"],"picked":"Ball Lightning","floor":1},{"not_picked":["Compile Driver","Auto Shields"],"picked":"Aggregate","floor":2},{"not_picked":["Compile Driver","Hologram"],"picked":"Rip and Tear","floor":4},{"not_picked":["Static Discharge","Ball Lightning"],"picked":"Self Repair","floor":5},{"not_picked":["Conserve Battery","Stack"],"picked":"Leap","floor":10},{"not_picked":["Reprogram","Cold Snap"],"picked":"Force Field","floor":12},{"not_picked":["Chill","Doom and Gloom"],"picked":"Undo","floor":14}],"player_experience":168378,"relics_obtained":[{"floor":9,"key":"Letter Opener"},{"floor":10,"key":"Meat on the Bone"},{"floor":12,"key":"PreservedInsect"},{"floor":14,"key":"Oddly Smooth Stone"}],"event_choices":[{"damage_healed":0,"gold_gain":0,"player_choice":"Entered Light","damage_taken":14,"max_hp_gain":0,"max_hp_loss":0,"event_name":"Shining Light","floor":7,"gold_loss":0,"cards_upgraded":["Dualcast","Rip and Tear"]},{"damage_healed":0,"gold_gain":100,"player_choice":"Pray","damage_taken":0,"max_hp_gain":0,"max_hp_loss":0,"event_name":"Golden Shrine","floor":11,"gold_loss":0}],"is_beta":false,"boss_relics":[],"items_purged_floors":[],"is_endless":false,"potions_floor_spawned":[1,4,10],"killed_by":"Hexaghost","ascension_level":1}