{"gold_per_floor":[118,193,193,46,62,89,103,131,155,174,174,199,217,236,236,338,338,356,202,202,222,23,48,48,59,139,139,58,58,78,105,105,208,208,225,225,1,16,29,62,62,73,99,110,110,137,137,163,175,187],"floor_reached":51,"playtime":7639,"items_purged":["Defend_R","Defend_R","Bash","Strike_R"],"score":845,"play_id":"993edc06-c17a-4666-80e5-41293924cbf8","local_time":"20180826155446","is_ascension_mode":true,"campfire_choices":[{"data":"Whirlwind","floor":11,"key":"SMITH"},{"data":"Battle Trance","floor":15,"key":"SMITH"},{"floor":29,"key":"REST"},{"data":"Metallicize","floor":32,"key":"SMITH"},{"data":"Disarm","floor":41,"key":"SMITH"},{"data":"Offering","floor":47,"key":"SMITH"},{"floor":49,"key":"REST"}],"neow_cost":"NONE","seed_source_timestamp":999750214499413,"circlet_count":0,"master_deck":["Defend_R+1","Whirlwind+1","Flame Barrier+1","Metallicize+1","Anger","Offering+1","Shrug It Off","Shrug It Off","Battle Trance+1","Iron Wave","Anger","Reaper","Iron Wave","Shrug It Off","Feed","Impervious","Anger","Disarm+1","Reaper","Exhume+1","Evolve+1","Exhume+1","Inflame","Iron Wave+1","Armaments+1","Reaper","Disarm+1","Spot Weakness","Uppercut"],"relics":["Burning Blood","War Paint","Bag of Marbles","Dream Catcher","Dodecahedron","Sozu","Enchiridion","Shuriken","Bottled Tornado","Centennial Puzzle","Astrolabe","Turnip","Bag of Preparation","Mummified Hand","MawBank"],"potions_floor_usage":[12,16,16],"damage_taken":[{"damage":4,"enemies":"2 Louse","floor":1,"turns":4},{"damage":5,"enemies":"Small Slimes","floor":5,"turns":3},{"damage":35,"enemies":"Lagavulin","floor":6,"turns":11},{"damage":4,"enemies":"Jaw Worm","floor":7,"turns":4},{"damage":13,"enemies":"3 Sentries","floor":8,"turns":7},{"damage":11,"enemies":"Large Slime","floor":10,"turns":6},{"damage":7,"enemies":"Lagavulin","floor":12,"turns":7},{"damage":4,"enemies":"Exordium Thugs","floor":13,"turns":3},{"damage":4,"enemies":"Exordium Wildlife","floor":14,"turns":3},{"damage":16,"enemies":"Hexaghost","floor":16,"turns":9},{"damage":16,"enemies":"Spheric Guardian","floor":18,"turns":4},{"damage":0,"enemies":"Chosen","floor":21,"turns":4},{"damage":64,"enemies":"Gremlin Leader","floor":23,"turns":8},{"damage":3,"enemies":"Snake Plant","floor":25,"turns":4},{"damage":0,"enemies":"3 Cultists","floor":30,"turns":4},{"damage":18,"enemies":"Slavers","floor":31,"turns":5},{"damage":72,"enemies":"Automaton","floor":33,"turns":10},{"damage":30,"enemies":"Flame Bruiser 1 Orb","floor":35,"turns":4},{"damage":17,"enemies":"3 Darklings","floor":38,"turns":2},{"damage":30,"enemies":"Maw","floor":39,"turns":8},{"damage":46,"enemies":"2 Orb Walkers","floor":40,"turns":5},{"damage":36,"enemies":"4 Shapes","floor":42,"turns":7},{"damage":15,"enemies":"Transient","floor":44,"turns":5},{"damage":44,"enemies":"Nemesis","floor":46,"turns":11},{"damage":61,"enemies":"2 Orb Walkers","floor":48,"turns":6},{"damage":32,"enemies":"Time Eater","floor":50,"turns":8}],"seed_played":"-3778421130070585165","potions_obtained":[{"floor":5,"key":"Regen Potion"},{"floor":8,"key":"PowerPotion"},{"floor":13,"key":"EssenceOfSteel"}],"is_trial":false,"path_per_floor":["M","?","?","$","M","E","M","E","T","M","R","E","M","M","R","B",null,"M","$","?","M","$","E","?","M","T","?","$","R","M","E","R","B",null,"M","?","$","M","M","E","R","M","T","M","?","E","R","E","R","B"],"character_chosen":"IRONCLAD","items_purchased":["Flame Barrier","Shrug It Off","Feed","Disarm","Inflame"],"campfire_rested":2,"item_purchase_floors":[4,19,22,28,37],"current_hp_per_floor":[88,77,77,77,78,49,51,44,44,39,39,53,55,57,57,47,88,78,78,62,72,72,18,18,26,26,26,26,52,76,76,76,10,88,88,88,88,88,86,75,75,84,84,87,87,71,71,55,84,72],"gold":199,"neow_bonus":"TEN_PERCENT_HP_BONUS","is_prod":false,"is_daily":false,"chose_seed":false,"campfire_upgraded":5,"win_rate":0,"timestamp":1535316886,"path_taken":["M","?","?","?","M","E","M","E","T","M","R","E","M","?","R","BOSS","M","$","?","M","$","E","?","M","T","?","?","R","M","E","R","BOSS","M","?","$","M","M","E","R","M","T","M","?","E","R","E","R","BOSS"],"build_version":"2018-08-23v2","purchased_purges":4,"victory":true,"max_hp_per_floor":[88,88,88,88,88,88,88,88,88,88,88,88,88,88,88,88,88,88,88,88,88,88,88,88,88,88,88,88,88,88,88,88,88,88,88,88,88,88,88,91,91,94,94,94,94,94,94,97,97,97],"card_choices":[{"not_picked":["Heavy Blade","Dropkick"],"picked":"Whirlwind","floor":1},{"not_picked":["Wild Strike","Body Slam"],"picked":"Metallicize","floor":5},{"not_picked":["Whirlwind","Flex"],"picked":"Anger","floor":6},{"not_picked":["Sword Boomerang","True Grit"],"picked":"Offering","floor":7},{"not_picked":["Hemokinesis","Body Slam"],"picked":"Shrug It Off","floor":8},{"not_picked":["Pommel Strike","Clothesline"],"picked":"Shrug It Off","floor":10},{"not_picked":["Seeing Red","Offering"],"picked":"Battle Trance","floor":12},{"not_picked":["Feel No Pain","Sword Boomerang"],"picked":"Iron Wave","floor":13},{"not_picked":["Pommel Strike","Pummel"],"picked":"Anger","floor":14},{"not_picked":["Fiend Fire","Juggernaut"],"picked":"Reaper","floor":16},{"not_picked":["Clothesline","Clash+1"],"picked":"Iron Wave","floor":18},{"not_picked":["Armaments","Thunderclap+1","Entrench"],"picked":"SKIP","floor":21},{"not_picked":["Whirlwind","Combust"],"picked":"Impervious","floor":23},{"not_picked":["Iron Wave","Sentinel+1"],"picked":"Anger","floor":25},{"not_picked":["Body Slam","Carnage","Evolve"],"picked":"SKIP","floor":30},{"not_picked":["Body Slam","Carnage","Evolve"],"picked":"SKIP","floor":30},{"not_picked":["Iron Wave","Hemokinesis","Fire Breathing"],"picked":"SKIP","floor":31},{"not_picked":["Double Tap","Fiend Fire"],"picked":"Reaper","floor":33},{"not_picked":["Havoc+1","Iron Wave","Rampage"],"picked":"SKIP","floor":35},{"not_picked":["Burning Pact+1","Havoc"],"picked":"Iron Wave+1","floor":38},{"not_picked":["Clothesline+1","Searing Blow+1"],"picked":"Armaments+1","floor":39},{"not_picked":["Pommel Strike+1","Perfected Strike"],"picked":"Reaper","floor":40},{"not_picked":["Wild Strike+1","Clash+1","Heavy Blade"],"picked":"SKIP","floor":42},{"not_picked":["Twin Strike+1","Headbutt","Body Slam"],"picked":"SKIP","floor":44},{"not_picked":["Carnage","Wild Strike"],"picked":"Disarm+1","floor":46},{"not_picked":["Havoc+1","Rage"],"picked":"Spot Weakness","floor":48},{"not_picked":["Burning Pact","Cleave+1"],"picked":"Uppercut","floor":49}],"player_experience":288388,"relics_obtained":[{"floor":6,"key":"War Paint"},{"floor":8,"key":"Bag of Marbles"},{"floor":9,"key":"Dream Catcher"},{"floor":12,"key":"Dodecahedron"},{"floor":20,"key":"Enchiridion"},{"floor":23,"key":"Shuriken"},{"floor":26,"key":"Bottled Tornado"},{"floor":31,"key":"Centennial Puzzle"},{"floor":40,"key":"Turnip"},{"floor":43,"key":"Bag of Preparation"},{"floor":46,"key":"Mummified Hand"},{"floor":48,"key":"MawBank"}],"event_choices":[{"event_name":"World of Goop","player_choice":"Gather Gold","floor":2,"damage_taken":0},{"event_name":"Bonfire Elementals","player_choice":"BASIC","floor":3,"damage_taken":0},{"event_name":"Cursed Tome","player_choice":"Obtained Book","floor":20,"damage_taken":0},{"event_name":"Ghosts","player_choice":"Ignored","floor":27,"damage_taken":0},{"event_name":"Tomb of Lord Red Mask","player_choice":"Ignored","floor":36,"damage_taken":0},{"event_name":"Falling","player_choice":"Removed Attack","floor":45,"damage_taken":0}],"is_beta":false,"boss_relics":[{"not_picked":["Fusion Hammer","Cursed Key"],"picked":"Sozu"},{"not_picked":["Black Blood","Eternal Feather"],"picked":"Astrolabe"}],"items_purged_floors":[4,19,22,37],"is_endless":false,"potions_floor_spawned":[5,8,13,18,25,31,33,39,42,44,46],"ascension_level":2}