{"gold_per_floor":[111,61,61,61,75,101,101,135,135,147,173,173,248,263,263,363,363,343,343,36,0,13,13,59,59],"floor_reached":25,"playtime":1020,"items_purged":["Regret"],"score":280,"play_id":"fd108ad8-cc48-4456-a609-5455bb374c70","local_time":"20190925033054","is_ascension_mode":true,"campfire_choices":[{"data":"Genetic Algorithm","floor":7,"key":"SMITH"},{"floor":12,"key":"REST"},{"data":"Zap","floor":15,"key":"SMITH"},{"data":"White Noise","floor":23,"key":"SMITH"}],"neow_cost":"NONE","seed_source_timestamp":1081964830607800,"circlet_count":0,"master_deck":["Defend_B","Defend_B","Defend_B","Defend_B","Zap+1","Dualcast","Redo","Genetic Algorithm+1","Double Energy","Seek","Capacitor","Rebound","Amplify","White Noise+1","Bite","Bite","Bite","Bite","Bite"],"relics":["FrozenCore","NeowsBlessing","Pocketwatch","Bag of Preparation","Smiling Mask","Pantograph","DataDisk","Mummified Hand","Strawberry"],"potions_floor_usage":[16,16,16],"damage_taken":[{"damage":0,"enemies":"Jaw Worm","floor":1,"turns":1},{"damage":0,"enemies":"Small Slimes","floor":5,"turns":1},{"damage":0,"enemies":"3 Sentries","floor":6,"turns":2},{"damage":45,"enemies":"Lagavulin","floor":8,"turns":7},{"damage":1,"enemies":"2 Louse","floor":10,"turns":2},{"damage":2,"enemies":"Looter","floor":14,"turns":2},{"damage":57,"enemies":"Hexaghost","floor":16,"turns":12},{"damage":18,"enemies":"2 Thieves","floor":18,"turns":4},{"damage":0,"enemies":"Spheric Guardian","floor":22,"turns":4},{"damage":87,"enemies":"Gremlin Leader","floor":25,"turns":7}],"seed_played":"-201348984077861926","potions_obtained":[{"floor":5,"key":"Energy Potion"},{"floor":6,"key":"EssenceOfSteel"},{"floor":8,"key":"Dexterity Potion"},{"floor":22,"key":"Dexterity Potion"}],"is_trial":false,"path_per_floor":["M","?","?","?","M","E","R","E","T","M","T","R","?","M","R","B",null,"M","?","$","?","M","R","T","E"],"character_chosen":"DEFECT","items_purchased":["Mummified Hand"],"campfire_rested":1,"item_purchase_floors":[20],"current_hp_per_floor":[75,75,75,75,75,75,75,30,30,29,29,51,40,38,38,6,75,57,52,52,52,52,52,59,0],"gold":59,"neow_bonus":"THREE_ENEMY_KILL","is_prod":false,"is_daily":false,"chose_seed":false,"campfire_upgraded":3,"win_rate":0,"timestamp":1569396654,"path_taken":["M","?","?","?","M","E","R","E","T","M","?","R","?","M","R","BOSS","M","?","$","?","M","R","?","E"],"build_version":"2019-07-17","purchased_purges":1,"victory":false,"max_hp_per_floor":[75,75,75,75,75,75,75,75,75,75,75,75,75,75,75,75,75,75,52,52,52,52,52,59,59],"card_choices":[{"not_picked":["Capacitor","Undo"],"picked":"Redo","floor":1},{"not_picked":["Cold Snap","Conserve Battery"],"picked":"Double Energy","floor":5},{"not_picked":["Leap","Ball Lightning"],"picked":"Seek","floor":6},{"not_picked":["Gash","Leap"],"picked":"Capacitor","floor":8},{"not_picked":["Turbo","Beam Cell","Stack"],"picked":"SKIP","floor":10},{"not_picked":["Force Field","Chaos"],"picked":"Rebound","floor":14},{"not_picked":["Reboot","Echo Form"],"picked":"Amplify","floor":16},{"not_picked":["Darkness","Double Energy"],"picked":"White Noise","floor":18},{"not_picked":["Gash","Chaos","Stack"],"picked":"SKIP","floor":22}],"player_experience":82912,"relics_obtained":[{"floor":6,"key":"Bag of Preparation"},{"floor":8,"key":"Smiling Mask"},{"floor":9,"key":"Pantograph"},{"floor":11,"key":"DataDisk"},{"floor":24,"key":"Strawberry"}],"event_choices":[{"cards_removed":["Strike_B"],"damage_healed":0,"gold_gain":0,"player_choice":"Card Removal","damage_taken":0,"max_hp_gain":0,"max_hp_loss":0,"event_name":"The Cleric","floor":2,"gold_loss":50},{"damage_healed":0,"gold_gain":0,"cards_transformed":["Strike_B"],"player_choice":"Change","damage_taken":0,"max_hp_gain":0,"max_hp_loss":0,"event_name":"Living Wall","floor":3,"gold_loss":0,"cards_obtained":["Genetic Algorithm"]},{"damage_healed":0,"gold_gain":0,"player_choice":"Box","damage_taken":0,"relics_obtained":["Pocketwatch"],"max_hp_gain":0,"max_hp_loss":0,"event_name":"Big Fish","floor":4,"gold_loss":0,"cards_obtained":["Regret"]},{"damage_healed":0,"gold_gain":75,"player_choice":"Gather Gold","damage_taken":11,"max_hp_gain":0,"max_hp_loss":0,"event_name":"World of Goop","floor":13,"gold_loss":0},{"damage_healed":0,"gold_gain":0,"player_choice":"Became a vampire","damage_taken":0,"max_hp_gain":0,"max_hp_loss":23,"event_name":"Vampires","floor":19,"gold_loss":0,"cards_obtained":["Bite","Bite","Bite","Bite","Bite"]},{"damage_healed":0,"gold_gain":0,"player_choice":"Paid Fearfully","damage_taken":0,"max_hp_gain":0,"max_hp_loss":0,"event_name":"Masked Bandits","floor":21,"gold_loss":36}],"is_beta":false,"boss_relics":[{"not_picked":["Ectoplasm","Lizard Tail"],"picked":"FrozenCore"}],"items_purged_floors":[20],"is_endless":false,"potions_floor_spawned":[5,6,8,22],"killed_by":"Gremlin Leader","ascension_level":2}