{"gold_per_floor":[113,131,151,165,14,41,41,76,101,101,24,92,92,102,102,204,204,214,224,149,149,149,149,163,163,163,192,192,114,38,51,51,152,152,168,185,196,211,95,130,130,144,169,183,79,79,79],"floor_reached":47,"playtime":9170,"items_purged":["Strike_G"],"score":753,"play_id":"1ff6f34f-5ec1-406e-87ad-dea1e32d8189","local_time":"20181001232911","is_ascension_mode":true,"campfire_choices":[{"data":"Footwork","floor":7.0,"key":"SMITH"},{"floor":13.0,"key":"REST"},{"floor":15.0,"key":"REST"},{"data":"Noxious Fumes","floor":23.0,"key":"SMITH"},{"floor":25.0,"key":"REST"},{"floor":32.0,"key":"REST"},{"floor":41,"key":"REST"},{"floor":46,"key":"REST"}],"neow_cost":"NONE","seed_source_timestamp":0,"circlet_count":0,"master_deck":["Survivor","Neutralize","AscendersBane","Infinite Blades","Crippling Poison","Backflip","Footwork+1","Blur","Predator","Noxious Fumes+1","Bullet Time","Cloak And Dagger","Backflip+1","Terror","Malaise","Footwork","Footwork","Noxious Fumes","After Image","Escape Plan","Flying Knee","Cloak And Dagger","Deflect","Deflect","Prepared","Deflect","Endless Agony","Noxious Fumes","Bouncing Flask","Tools of the Trade","Dodge and Roll","Bane+1","Noxious Fumes","Blur"],"special_seed":0,"relics":["Sozu","Blue Candle","Snake Skull","Centennial Puzzle","Lizard Tail","WarpedTongs","Matryoshka","Happy Flower","Pandora\u0027s Box","Ancient Tea Set","Art of War","Potion Belt"],"potions_floor_usage":[],"damage_taken":[{"damage":1.0,"enemies":"Cultist","floor":1.0,"turns":5.0},{"damage":0.0,"enemies":"2 Louse","floor":2.0,"turns":4.0},{"damage":1.0,"enemies":"Small Slimes","floor":3.0,"turns":4.0},{"damage":2.0,"enemies":"Exordium Wildlife","floor":4.0,"turns":3.0},{"damage":5.0,"enemies":"Lagavulin","floor":6.0,"turns":13.0},{"damage":43.0,"enemies":"Gremlin Nob","floor":8.0,"turns":7.0},{"damage":2.0,"enemies":"Looter","floor":14.0,"turns":4.0},{"damage":17.0,"enemies":"Hexaghost","floor":16.0,"turns":10.0},{"damage":2.0,"enemies":"Shell Parasite","floor":18.0,"turns":6.0},{"damage":0.0,"enemies":"3 Byrds","floor":19.0,"turns":4.0},{"damage":13.0,"enemies":"Shelled Parasite and Fungi","floor":24.0,"turns":7.0},{"damage":41.0,"enemies":"Gremlin Leader","floor":27.0,"turns":9.0},{"damage":15.0,"enemies":"3 Cultists","floor":31.0,"turns":7.0},{"damage":12.0,"enemies":"Collector","floor":33.0,"turns":10.0},{"damage":2.0,"enemies":"3 Shapes","floor":35.0,"turns":4.0},{"damage":7.0,"enemies":"Orb Walker","floor":36.0,"turns":5.0},{"damage":32.0,"enemies":"4 Shapes","floor":37.0,"turns":5.0},{"damage":13.0,"enemies":"Sphere and 2 Shapes","floor":38.0,"turns":5.0},{"damage":3,"enemies":"Nemesis","floor":40,"turns":9},{"damage":9,"enemies":"Maw","floor":42,"turns":8},{"damage":44,"enemies":"Transient","floor":44,"turns":5},{"damage":44,"enemies":"4 Shapes","floor":47,"turns":3}],"seed_played":"-2972368720887264005","potions_obtained":[],"is_trial":false,"path_per_floor":["M","M","M","M","$","E","R","E","T","?","$","?","R","M","R","B",null,"M","M","?","?","?","R","M","R","T","E","?","$","$","M","R","B",null,"M","M","M","M","$","E","R","M","T","M","$","R"],"character_chosen":"THE_SILENT","items_purchased":["Footwork","Noxious Fumes","Footwork","Footwork","Tools of the Trade","Dodge and Roll","Noxious Fumes","Blur"],"campfire_rested":6,"item_purchase_floors":[5,11,29,30,39,39,45,45],"current_hp_per_floor":[62,62,61,59,59,54,54,11,11,11,11,11,32,30,51,34,61,59,59,59,59,59,59,46,67,67,26,26,26,26,11,32,20,58,56,49,17,4,4,1,22,13,13,18,18,39,0],"gold":79,"neow_bonus":"BOSS_RELIC","is_prod":false,"is_daily":false,"chose_seed":false,"campfire_upgraded":2,"win_rate":0,"timestamp":1538454551,"path_taken":["M","M","M","M","$","E","R","E","T","?","$","?","R","?","R","BOSS","M","M","?","?","?","R","M","R","T","E","?","?","$","M","R","BOSS","M","M","M","M","$","E","R","M","T","M","$","R","M"],"build_version":"2018-09-27","purchased_purges":1,"victory":false,"max_hp_per_floor":[70,70,70,70,70,70,70,70,70,70,70,70,70,70,70,70,70,70,70,70,70,70,70,70,70,70,70,70,70,70,70,70,70,70,70,70,70,70,70,70,70,70,70,70,70,70,70],"card_choices":[{"not_picked":["Flechettes","Riddle With Holes"],"picked":"Infinite Blades","floor":1.0},{"not_picked":["Dodge and Roll","Endless Agony"],"picked":"Crippling Poison","floor":2.0},{"not_picked":["Prepared","Deadly Poison","Blade Dance"],"picked":"SKIP","floor":3.0},{"not_picked":["Outmaneuver","Blade Dance"],"picked":"Backflip","floor":4.0},{"not_picked":["Terror","Predator"],"picked":"Blur","floor":6.0},{"not_picked":["Doppelganger","Cloak And Dagger"],"picked":"Predator","floor":8.0},{"not_picked":["Quick Slash","Masterful Stab","Deflect"],"picked":"SKIP","floor":14.0},{"not_picked":["Phantasmal Killer","Grand Finale"],"picked":"Bullet Time","floor":16.0},{"not_picked":["Deadly Poison","Blade Dance"],"picked":"Cloak And Dagger","floor":18.0},{"not_picked":["All Out Attack+1","Accuracy"],"picked":"Backflip+1","floor":19.0},{"not_picked":["Flying Knee+1","Prepared"],"picked":"Terror","floor":24.0},{"not_picked":["Deflect","Bane+1"],"picked":"Malaise","floor":27.0},{"not_picked":["Bane","Leg Sweep"],"picked":"Noxious Fumes","floor":31.0},{"not_picked":["Storm of Steel","Doppelganger"],"picked":"After Image","floor":33.0},{"not_picked":["Expertise","Infinite Blades"],"picked":"Noxious Fumes","floor":35.0},{"not_picked":["Heel Hook","Blade Dance+1"],"picked":"Bouncing Flask","floor":36.0},{"not_picked":["Acrobatics","Heel Hook","Finisher"],"picked":"SKIP","floor":37.0},{"not_picked":["Eviscerate+1","Underhanded Strike","Poisoned Stab"],"picked":"SKIP","floor":38.0},{"not_picked":["Flying Knee+1","Outmaneuver+1","Bane"],"picked":"SKIP","floor":40},{"not_picked":["Dagger Spray+1","PiercingWail+1","Deflect"],"picked":"SKIP","floor":42},{"not_picked":["Distraction","Corpse Explosion"],"picked":"Bane+1","floor":44}],"player_experience":716747,"relics_obtained":[{"floor":6.0,"key":"Blue Candle"},{"floor":8.0,"key":"Snake Skull"},{"floor":9.0,"key":"Centennial Puzzle"},{"floor":26.0,"key":"Matryoshka"},{"floor":27.0,"key":"Happy Flower"},{"floor":40,"key":"Ancient Tea Set"},{"floor":43,"key":"Art of War"},{"floor":43,"key":"Potion Belt"}],"event_choices":[{"event_name":"Shining Light","player_choice":"Ignored","floor":10.0,"damage_taken":0.0},{"event_name":"Golden Wing","player_choice":"Gained Gold","floor":12.0,"damage_taken":0.0},{"event_name":"Beggar","player_choice":"Gave Gold","floor":20.0,"damage_taken":0.0},{"event_name":"Ghosts","player_choice":"Ignored","floor":21.0,"damage_taken":0.0},{"event_name":"Accursed Blacksmith","player_choice":"Rummage","floor":22.0,"damage_taken":0.0},{"event_name":"Back to Basics","player_choice":"Elegance","floor":28.0,"damage_taken":0.0}],"is_beta":false,"boss_relics":[{"not_picked":["Cursed Key","Calling Bell"],"picked":"Lizard Tail"},{"not_picked":["Snecko Eye","Black Star"],"picked":"Pandora\u0027s Box"}],"items_purged_floors":[5],"is_endless":false,"potions_floor_spawned":[1,3,14,19,27,31,36,38,40],"killed_by":"4 Shapes","ascension_level":10}