{"gold_per_floor":[19,19,38,38,59,90,114,114,114,114,155,175,218,243,243,369,369,387,387,398,247,247,275,287,334,346,358,121,139,64,84,84,189,189,201,76,76,92,6,41,53,53,53,66,93,93,124,143,143,143],"floor_reached":50,"playtime":6273,"items_purged":["Defend_G","Defend_G","Strike_G"],"score":782,"play_id":"15c1f985-3cf6-4812-a507-59f34cd4ae0e","local_time":"20180828100531","is_ascension_mode":true,"campfire_choices":[{"data":"Neutralize","floor":8,"key":"SMITH"},{"data":"Dodge and Roll","floor":10,"key":"SMITH"},{"floor":15,"key":"REST"},{"floor":24,"key":"REST"},{"floor":32,"key":"REST"},{"floor":42,"key":"REST"},{"floor":46,"key":"REST"},{"floor":49,"key":"REST"}],"neow_cost":"NO_GOLD","seed_source_timestamp":1123598976413819,"circlet_count":0,"master_deck":["Defend_G","Defend_G","Strike_G","Strike_G","Strike_G","Strike_G","Survivor","Neutralize+1","Deadly Poison","Deadly Poison","Dodge and Roll+1","Poisoned Stab","Backstab","Catalyst","Glass Knife","Infinite Blades","Envenom","Dagger Spray+1","Leg Sweep+1","Infinite Blades","Escape Plan","Deadly Poison+1","Dash","Accuracy+1","Skewer+1","Accuracy+1","Glass Knife","Leg Sweep+1","Deadly Poison","Footwork+1","Backflip","Cloak And Dagger","Caltrops+1","Accuracy+1","Blur+1","Accuracy+1"],"relics":["Ring of the Snake","Bloody Idol","Bag of Preparation","Shuriken","Incense Burner","Ancient Tea Set","Fusion Hammer","CultistMask","MawBank","Mummified Hand","Frozen Egg 2","Philosopher\u0027s Stone","Ninja Scroll","The Courier","Juzu Bracelet","Darkstone Periapt"],"potions_floor_usage":[6,11,16,31,33,48,50,50],"damage_taken":[{"damage":0,"enemies":"Small Slimes","floor":1,"turns":5},{"damage":0,"enemies":"2 Louse","floor":3,"turns":4},{"damage":1,"enemies":"Cultist","floor":5,"turns":4},{"damage":14,"enemies":"Lagavulin","floor":6,"turns":6},{"damage":6,"enemies":"Exordium Thugs","floor":7,"turns":6},{"damage":8,"enemies":"3 Sentries","floor":11,"turns":9},{"damage":0,"enemies":"2 Fungi Beasts","floor":12,"turns":2},{"damage":7,"enemies":"Gremlin Nob","floor":13,"turns":4},{"damage":1,"enemies":"3 Louse","floor":14,"turns":2},{"damage":16,"enemies":"Hexaghost","floor":16,"turns":7},{"damage":5,"enemies":"Spheric Guardian","floor":18,"turns":4},{"damage":3,"enemies":"Chosen","floor":20,"turns":4},{"damage":0,"enemies":"Gremlin Leader","floor":23,"turns":5},{"damage":19,"enemies":"Slavers","floor":25,"turns":6},{"damage":14,"enemies":"Snake Plant","floor":29,"turns":3},{"damage":5,"enemies":"3 Cultists","floor":31,"turns":4},{"damage":37,"enemies":"Collector","floor":33,"turns":6},{"damage":0,"enemies":"Orb Walker","floor":35,"turns":2},{"damage":6,"enemies":"3 Shapes","floor":38,"turns":6},{"damage":14,"enemies":"Nemesis","floor":40,"turns":7},{"damage":56,"enemies":"3 Darklings","floor":41,"turns":4},{"damage":0,"enemies":"4 Shapes","floor":44,"turns":3},{"damage":16,"enemies":"2 Orb Walkers","floor":45,"turns":5},{"damage":22,"enemies":"Nemesis","floor":47,"turns":3},{"damage":26,"enemies":"Transient","floor":48,"turns":5},{"damage":46,"enemies":"Donu and Deca","floor":50,"turns":5}],"seed_played":"887563578490424592","potions_obtained":[{"floor":1,"key":"GhostInAJar"},{"floor":3,"key":"GamblersBrew"},{"floor":7,"key":"Dexterity Potion"},{"floor":20,"key":"SneckoOil"},{"floor":23,"key":"Fire Potion"},{"floor":29,"key":"PowerPotion"},{"floor":40,"key":"Ancient Potion"},{"floor":41,"key":"Energy Potion"},{"floor":45,"key":"Explosive Potion"},{"floor":48,"key":"PowerPotion"}],"is_trial":false,"path_per_floor":["M","?","M","?","M","E","M","R","T","R","E","M","E","M","R","B",null,"M","?","M","$","?","E","R","E","T","?","$","M","?","M","R","B",null,"M","$","?","M","$","E","M","R","T","M","E","R","E","M","R"],"character_chosen":"THE_SILENT","items_purchased":["Infinite Blades","Dash","Accuracy+1","Footwork+1","Backflip"],"campfire_rested":6,"item_purchase_floors":[21,28,28,39,39],"current_hp_per_floor":[84,84,84,78,77,63,57,57,57,57,49,49,42,41,64,48,78,73,73,75,75,75,78,78,64,69,74,78,69,69,69,78,46,78,78,78,78,77,77,68,17,40,40,45,34,57,40,19,42,0],"gold":143,"neow_bonus":"TWENTY_PERCENT_HP_BONUS","is_prod":false,"is_daily":false,"chose_seed":false,"campfire_upgraded":2,"win_rate":0,"timestamp":1535468731,"path_taken":["M","?","M","?","?","E","M","R","T","R","E","M","E","M","R","BOSS","M","?","M","$","?","E","R","E","T","?","$","?","?","M","R","BOSS","M","$","?","M","$","E","M","R","T","M","E","R","E","M","R","BOSS"],"build_version":"2018-08-23v2","purchased_purges":3,"victory":false,"max_hp_per_floor":[84,84,84,78,78,78,78,78,78,78,78,78,78,78,78,78,78,78,78,78,78,78,78,78,78,78,78,78,78,78,78,78,78,78,78,78,78,78,78,78,78,78,78,78,78,78,78,78,78,78],"card_choices":[{"not_picked":["Reflex","Flying Knee","Dagger Throw"],"picked":"SKIP","floor":1},{"not_picked":["Quick Slash","Flying Knee"],"picked":"Deadly Poison","floor":3},{"not_picked":["Dagger Throw","Outmaneuver"],"picked":"Deadly Poison","floor":5},{"not_picked":["Blade Dance","Predator"],"picked":"Dodge and Roll","floor":6},{"not_picked":["Caltrops","Deadly Poison"],"picked":"Poisoned Stab","floor":7},{"not_picked":["Blade Dance","Masterful Stab"],"picked":"Backstab","floor":11},{"not_picked":["Outmaneuver","Flying Knee"],"picked":"Catalyst","floor":12},{"not_picked":["Deflect","Prepared"],"picked":"Glass Knife","floor":13},{"not_picked":["Catalyst","Eviscerate"],"picked":"Infinite Blades","floor":14},{"not_picked":["Bullet Time","Tools of the Trade"],"picked":"Envenom","floor":16},{"not_picked":["Acrobatics","Escape Plan"],"picked":"Dagger Spray+1","floor":18},{"not_picked":["All Out Attack","Sucker Punch+1"],"picked":"Leg Sweep+1","floor":20},{"not_picked":["Deflect","Storm of Steel"],"picked":"Escape Plan","floor":23},{"not_picked":["Quick Slash","Deflect+1"],"picked":"Deadly Poison+1","floor":25},{"not_picked":["Quick Slash","Dodge and Roll"],"picked":"Skewer+1","floor":29},{"not_picked":["Masterful Stab","Backflip"],"picked":"Accuracy+1","floor":31},{"not_picked":["Night Terror","Die Die Die"],"picked":"Glass Knife","floor":33},{"not_picked":["Underhanded Strike","Bane+1","Flechettes+1"],"picked":"SKIP","floor":35},{"not_picked":["Tactician+1","Unload"],"picked":"Deadly Poison","floor":38},{"not_picked":["Underhanded Strike+1","Acrobatics+1"],"picked":"Cloak And Dagger","floor":40},{"not_picked":["Slice+1","Blade Dance","Caltrops+1"],"picked":"SKIP","floor":41},{"not_picked":["Slice+1","Blade Dance"],"picked":"Caltrops+1","floor":41},{"not_picked":["Poisoned Stab+1","Prepared+1"],"picked":"Accuracy+1","floor":44},{"not_picked":["Deadly Poison","Slice+1"],"picked":"Blur+1","floor":45},{"not_picked":["Acrobatics+1","Prepared+1"],"picked":"Accuracy+1","floor":47},{"not_picked":["Storm of Steel","Tactician+1","Setup+1"],"picked":"SKIP","floor":48}],"player_experience":328681,"relics_obtained":[{"floor":6,"key":"Bag of Preparation"},{"floor":9,"key":"Shuriken"},{"floor":11,"key":"Incense Burner"},{"floor":13,"key":"Ancient Tea Set"},{"floor":23,"key":"MawBank"},{"floor":25,"key":"Mummified Hand"},{"floor":26,"key":"Frozen Egg 2"},{"floor":40,"key":"Ninja Scroll"},{"floor":43,"key":"The Courier"},{"floor":45,"key":"Juzu Bracelet"},{"floor":47,"key":"Darkstone Periapt"}],"event_choices":[{"event_name":"The Cleric","player_choice":"Leave","floor":2,"damage_taken":0},{"event_name":"Golden Idol","player_choice":"Lose Max HP","floor":4,"damage_taken":0},{"event_name":"Forgotten Altar","player_choice":"Gave Idol","floor":19,"damage_taken":0},{"event_name":"FaceTrader","player_choice":"Trade","floor":22,"damage_taken":0},{"event_name":"Ghosts","player_choice":"Ignored","floor":27,"damage_taken":0},{"event_name":"Beggar","player_choice":"Gave Gold","floor":30,"damage_taken":0},{"event_name":"Duplicator","player_choice":"One dupe","floor":37,"damage_taken":0}],"is_beta":false,"boss_relics":[{"not_picked":["Calling Bell","White Beast Statue"],"picked":"Fusion Hammer"},{"not_picked":["Pandora\u0027s Box","Velvet Choker"],"picked":"Philosopher\u0027s Stone"}],"items_purged_floors":[21,28,36],"is_endless":false,"potions_floor_spawned":[1,3,7,20,23,29,40,41,45,48],"killed_by":"Donu and Deca","ascension_level":3}