{"gold_per_floor":[110,121,46,56,71,96,96,128,128,186,216,242,254,292,304,316],"floor_reached":16,"playtime":2493,"items_purged":[],"score":214,"play_id":"b76f8287-1d75-4321-b41e-84665d399f56","local_time":"20190609133852","is_ascension_mode":true,"campfire_choices":[{"floor":7.0,"key":"REST"},{"floor":15.0,"key":"REST"}],"neow_cost":"NONE","seed_source_timestamp":0,"circlet_count":0,"master_deck":["AscendersBane","Strike_R","Strike_R","Strike_R","Strike_R","Defend_R","Defend_R","Defend_R","Defend_R","Bash+1","Rampage","Shrug It Off","True Grit","Body Slam","Fiend Fire","Inflame","Flame Barrier+1"],"special_seed":0,"relics":["Burning Blood","Self Forming Clay","Pen Nib","MawBank","Blood Vial","Toxic Egg 2"],"potions_floor_usage":[],"damage_taken":[{"damage":1.0,"enemies":"Cultist","floor":1.0,"turns":4.0},{"damage":4.0,"enemies":"Jaw Worm","floor":2.0,"turns":3.0},{"damage":5.0,"enemies":"Small Slimes","floor":4.0,"turns":4.0},{"damage":6.0,"enemies":"Exordium Wildlife","floor":5.0,"turns":5.0},{"damage":52.0,"enemies":"3 Sentries","floor":6.0,"turns":12.0},{"damage":32.0,"enemies":"Gremlin Nob","floor":8.0,"turns":5.0},{"damage":9.0,"enemies":"Red Slaver","floor":11.0,"turns":4.0},{"damage":7.0,"enemies":"2 Fungi Beasts","floor":12.0,"turns":4.0},{"damage":17.0,"enemies":"Lagavulin","floor":14.0,"turns":8.0},{"damage":65,"enemies":"Slime Boss","floor":16,"turns":10}],"seed_played":"3870749473286466763","potions_obtained":[{"floor":1.0,"key":"SteroidPotion"},{"floor":4.0,"key":"Ancient Potion"},{"floor":6.0,"key":"Energy Potion"},{"floor":11.0,"key":"Regen Potion"}],"is_trial":false,"path_per_floor":["M","M","?","M","M","E","R","E","T","T","M","M","$","E","R","B"],"character_chosen":"IRONCLAD","items_purchased":[],"campfire_rested":2,"item_purchase_floors":[],"current_hp_per_floor":[73,75,75,75,75,29,51,25,25,25,24,37,37,28,50,0],"gold":316,"neow_bonus":"UPGRADE_CARD","is_prod":false,"is_daily":false,"chose_seed":false,"campfire_upgraded":0,"win_rate":0,"timestamp":1560105532,"path_taken":["M","M","?","M","M","E","R","E","T","?","?","M","?","E","R","BOSS"],"build_version":"2019-01-23","purchased_purges":0,"victory":false,"max_hp_per_floor":[75,75,75,75,75,75,75,75,75,75,75,75,75,75,75,75],"card_choices":[{"not_picked":["Twin Strike","Corruption"],"picked":"Rampage","floor":1.0},{"not_picked":["Rupture","Havoc"],"picked":"Shrug It Off","floor":2.0},{"not_picked":["Body Slam","Pommel Strike"],"picked":"True Grit","floor":4.0},{"not_picked":["Heavy Blade","Rupture"],"picked":"Body Slam","floor":5.0},{"not_picked":["Warcry","Carnage","Pummel"],"picked":"SKIP","floor":6.0},{"not_picked":["Havoc","Headbutt"],"picked":"Fiend Fire","floor":8.0},{"not_picked":["Rupture","Armaments"],"picked":"Inflame","floor":11.0},{"not_picked":["Thunderclap","Sever Soul","Anger"],"picked":"SKIP","floor":12.0},{"not_picked":["Thunderclap","Sever Soul","Anger"],"picked":"SKIP","floor":12.0},{"not_picked":["Infernal Blade","Uppercut"],"picked":"Flame Barrier","floor":14.0}],"player_experience":1280007,"relics_obtained":[{"floor":6.0,"key":"Self Forming Clay"},{"floor":8.0,"key":"Pen Nib"},{"floor":9.0,"key":"MawBank"},{"floor":10.0,"key":"Blood Vial"},{"floor":14.0,"key":"Toxic Egg 2"}],"event_choices":[{"cards_removed":["Strike_R"],"damage_healed":0.0,"max_hp_gain":0.0,"max_hp_loss":0.0,"gold_gain":0.0,"event_name":"The Cleric","player_choice":"Card Removal","floor":3.0,"gold_loss":75.0,"damage_taken":0.0}],"is_beta":false,"boss_relics":[],"items_purged_floors":[],"is_endless":false,"potions_floor_spawned":[1,4,6,11],"killed_by":"Slime Boss","ascension_level":15}