{"gold_per_floor":[115,115,131,56,56,84,84,118,118,134,160,160,188,202,202,202],"floor_reached":16,"playtime":1583,"items_purged":[],"score":275,"play_id":"75d723c9-81da-404b-942d-ff013978af5a","local_time":"20190629223137","is_ascension_mode":true,"campfire_choices":[{"data":"Inflame","floor":7,"key":"SMITH"},{"floor":12,"key":"REST"},{"data":"Inflame","floor":15,"key":"SMITH"}],"neow_cost":"NONE","seed_source_timestamp":521532560464554,"circlet_count":0,"master_deck":["AscendersBane","Strike_R","Strike_R","Strike_R","Strike_R","Defend_R","Defend_R","Defend_R","Defend_R","Bash","Inflame+1","Ghostly Armor","Inflame+1","Feel No Pain","Cleave","Intimidate","Corruption"],"relics":["Burning Blood","NeowsBlessing","Calipers","Blue Candle","Dead Branch","Mummified Hand","The Courier"],"potions_floor_usage":[8,11,13,14,16],"damage_taken":[{"damage":0,"enemies":"2 Louse","floor":1,"turns":2},{"damage":0,"enemies":"Jaw Worm","floor":3,"turns":1},{"damage":0,"enemies":"Gremlin Nob","floor":6,"turns":1},{"damage":35,"enemies":"3 Sentries","floor":8,"turns":12},{"damage":1,"enemies":"Cultist","floor":10,"turns":4},{"damage":25,"enemies":"Gremlin Nob","floor":11,"turns":4},{"damage":5,"enemies":"Lagavulin","floor":13,"turns":4},{"damage":19,"enemies":"Lots of Slimes","floor":14,"turns":5},{"damage":58,"enemies":"The Guardian","floor":16,"turns":10}],"seed_played":"7115575020902720105","potions_obtained":[{"floor":1,"key":"SkillPotion"},{"floor":6,"key":"FearPotion"},{"floor":11,"key":"SpeedPotion"},{"floor":13,"key":"Regen Potion"},{"floor":14,"key":"Poison Potion"}],"is_trial":false,"path_per_floor":["M","?","M","?","$","E","R","E","T","M","E","R","E","M","R","B"],"character_chosen":"IRONCLAD","items_purchased":[],"campfire_rested":1,"item_purchase_floors":[],"current_hp_per_floor":[74,74,75,75,75,75,75,46,46,51,32,54,55,56,56,0],"gold":202,"neow_bonus":"THREE_ENEMY_KILL","is_prod":false,"is_daily":false,"chose_seed":false,"campfire_upgraded":2,"win_rate":0,"timestamp":1561865497,"path_taken":["M","?","M","?","?","E","R","E","T","M","E","R","E","M","R","BOSS"],"build_version":"2019-01-23","purchased_purges":0,"victory":false,"max_hp_per_floor":[75,75,75,75,75,75,75,75,75,75,75,75,75,75,75,75],"card_choices":[{"not_picked":["Sentinel","Shrug It Off"],"picked":"Inflame","floor":1},{"not_picked":["Iron Wave","Anger"],"picked":"Ghostly Armor","floor":3},{"not_picked":["Sentinel","Burning Pact"],"picked":"Inflame","floor":6},{"not_picked":["Havoc","Double Tap"],"picked":"Feel No Pain","floor":8},{"not_picked":["Pommel Strike","Intimidate"],"picked":"Cleave","floor":10},{"not_picked":["Infernal Blade","Warcry"],"picked":"Intimidate","floor":11},{"not_picked":["Clash","Clothesline"],"picked":"Corruption","floor":13},{"not_picked":["Anger","Rage","Thunderclap"],"picked":"SKIP","floor":14}],"player_experience":1434497,"relics_obtained":[{"floor":6,"key":"Calipers"},{"floor":8,"key":"Blue Candle"},{"floor":9,"key":"Dead Branch"},{"floor":11,"key":"Mummified Hand"},{"floor":13,"key":"The Courier"}],"event_choices":[{"damage_healed":0,"gold_gain":0,"player_choice":"Ignored","damage_taken":0,"max_hp_gain":0,"max_hp_loss":0,"event_name":"Liars Game","floor":2,"gold_loss":0},{"cards_removed":["Strike_R"],"damage_healed":0,"gold_gain":0,"player_choice":"Card Removal","damage_taken":0,"max_hp_gain":0,"max_hp_loss":0,"event_name":"The Cleric","floor":4,"gold_loss":75}],"is_beta":false,"boss_relics":[],"items_purged_floors":[],"is_endless":false,"potions_floor_spawned":[1,6,11,13,14],"killed_by":"The Guardian","ascension_level":16}