{"gold_per_floor":[107,167,92,102,2,29,29,29,47,62,62,84,94,94],"floor_reached":14,"playtime":206,"items_purged":["Strike_R"],"score":277,"play_id":"6424529f-90e0-4309-97e4-5342cfead7cb","local_time":"20190811173610","is_ascension_mode":true,"campfire_choices":[{"data":"Rampage","floor":8,"key":"SMITH"},{"data":"Shockwave","floor":11,"key":"SMITH"}],"neow_cost":"NONE","seed_source_timestamp":101930989361777,"circlet_count":0,"master_deck":["Strike_R","Strike_R","Defend_R","Defend_R","Defend_R","Defend_R","Bash","AscMod:ascendersbane","Rampage+1","Shockwave+1"],"relics":["Burning Blood","NeowsBlessing","Bag of Preparation","Juzu Bracelet","Oddly Smooth Stone"],"potions_floor_usage":[14],"damage_taken":[{"damage":0,"enemies":"2 Louse","floor":1,"turns":1},{"damage":0,"enemies":"Jaw Worm","floor":4,"turns":1},{"damage":0,"enemies":"Lagavulin","floor":6,"turns":1},{"damage":4,"enemies":"Cultist","floor":10,"turns":4},{"damage":24,"enemies":"Gremlin Nob","floor":12,"turns":4},{"damage":10,"enemies":"Red Slaver","floor":13,"turns":3},{"damage":22,"enemies":"3 Sentries","floor":14,"turns":6}],"seed_played":"-5329620605315192920","potions_obtained":[{"floor":4,"key":"PowerPotion"},{"floor":12,"key":"SpeedPotion"},{"floor":13,"key":"Block Potion"}],"is_trial":false,"path_per_floor":["M","?","?","M","$","E","?","R","T","M","R","E","M","E"],"character_chosen":"IRONCLAD","items_purchased":[],"campfire_rested":0,"item_purchase_floors":[],"current_hp_per_floor":[73,62,62,67,67,72,72,72,72,73,73,54,49,27],"gold":94,"neow_bonus":"THREE_ENEMY_KILL","is_prod":false,"is_daily":false,"chose_seed":false,"campfire_upgraded":2,"win_rate":0,"timestamp":1565519770,"path_taken":["M","?","?","M","?","E","?","R","T","M","R","E","M","E"],"build_version":"2019-07-18","purchased_purges":1,"victory":false,"max_hp_per_floor":[75,75,75,75,75,75,75,75,75,75,75,75,75,75],"card_choices":[{"not_picked":["Wild Strike","Bloodletting","Warcry"],"picked":"SKIP","floor":1},{"not_picked":["Headbutt","Pommel Strike","Fire Breathing"],"picked":"SKIP","floor":4},{"not_picked":["Perfected Strike","Rupture"],"picked":"Rampage","floor":6},{"not_picked":["Thunderclap","Sword Boomerang","Iron Wave"],"picked":"SKIP","floor":10},{"not_picked":["Pommel Strike","Sever Soul","Searing Blow"],"picked":"SKIP","floor":12},{"not_picked":["Flex","Twin Strike","Cleave"],"picked":"SKIP","floor":13}],"player_experience":1059715,"relics_obtained":[{"floor":6,"key":"Bag of Preparation"},{"floor":9,"key":"Juzu Bracelet"},{"floor":12,"key":"Oddly Smooth Stone"}],"event_choices":[{"damage_healed":0,"gold_gain":75,"player_choice":"Gather Gold","damage_taken":11,"max_hp_gain":0,"max_hp_loss":0,"event_name":"World of Goop","floor":2,"gold_loss":0},{"cards_removed":["Strike_R"],"damage_healed":0,"gold_gain":0,"player_choice":"Card Removal","damage_taken":0,"max_hp_gain":0,"max_hp_loss":0,"event_name":"The Cleric","floor":3,"gold_loss":75},{"damage_healed":0,"gold_gain":0,"cards_transformed":["Strike_R"],"player_choice":"Transformed","damage_taken":0,"max_hp_gain":0,"max_hp_loss":0,"event_name":"Transmorgrifier","floor":7,"gold_loss":0,"cards_obtained":["Shockwave"]}],"is_beta":true,"boss_relics":[],"items_purged_floors":[5],"is_endless":false,"potions_floor_spawned":[4,12,13],"killed_by":"3 Sentries","ascension_level":25}