{"gold_per_floor":[17,34,34,50,65,97,116,41,67,67,77,110,110,110,110,184,184,200,211,225,101,120,120,150,170,170,205,205,105,105,117,117,189,189,209,228,228,328,348,377,397,397,397,397,422,422,457,473,473,473,473],"floor_reached":52,"playtime":1922,"items_purged":["Pain","Strike_R","Strike_R"],"score":2113,"play_id":"ec389346-60db-4d98-9edd-14504dcf2e6b","local_time":"20190929143045","is_ascension_mode":true,"campfire_choices":[{"floor":10.0,"key":"REST"},{"floor":15.0,"key":"REST"},{"data":"Demon Form","floor":23.0,"key":"SMITH"},{"data":"Heavy Blade","floor":28.0,"key":"SMITH"},{"data":"Heavy Blade","floor":30.0,"key":"SMITH"},{"data":"Limit Break","floor":32.0,"key":"SMITH"},{"data":"Heavy Blade","floor":42,"key":"SMITH"},{"data":"Heavy Blade","floor":46,"key":"SMITH"},{"floor":49,"key":"REST"}],"neow_cost":"NO_GOLD","seed_source_timestamp":1086709671146400,"circlet_count":0,"master_deck":["AscendersBane","Strike_R","Strike_R","Strike_R","Defend_R","Defend_R","Defend_R","Bash","Metallicize+1","Reckless Charge","Shrug It Off","Limit Break+1","Evolve","Carnage","Demon Form+1","Flame Barrier+1","Heavy Blade+1","Immolate","Uppercut","Heavy Blade+1","Metallicize","Heavy Blade+1","Impervious","Heavy Blade+1","Double Tap","Shrug It Off+1","Violence","Immolate","Flame Barrier"],"special_seed":0,"relics":["Burning Blood","WarpedTongs","Incense Burner","Smiling Mask","MealTicket","Happy Flower","Snecko Eye","Bronze Scales","Bottled Tornado","HornCleat","Sozu","Nunchaku","Bottled Flame","The Courier","Boot","Mercury Hourglass"],"potions_floor_usage":[51,51],"damage_taken":[{"damage":14.0,"enemies":"Jaw Worm","floor":1.0,"turns":4.0},{"damage":3.0,"enemies":"Cultist","floor":2.0,"turns":4.0},{"damage":3.0,"enemies":"2 Louse","floor":4.0,"turns":4.0},{"damage":16.0,"enemies":"Large Slime","floor":5.0,"turns":6.0},{"damage":34.0,"enemies":"Gremlin Nob","floor":6.0,"turns":4.0},{"damage":20.0,"enemies":"Gremlin Gang","floor":7.0,"turns":8.0},{"damage":17.0,"enemies":"Looter","floor":11.0,"turns":3.0},{"damage":40.0,"enemies":"Lagavulin","floor":12.0,"turns":7.0},{"damage":32.0,"enemies":"The Guardian","floor":16.0,"turns":12.0},{"damage":1.0,"enemies":"Spheric Guardian","floor":18.0,"turns":6.0},{"damage":4.0,"enemies":"3 Byrds","floor":19.0,"turns":3.0},{"damage":0.0,"enemies":"Centurion and Healer","floor":20.0,"turns":6.0},{"damage":17.0,"enemies":"Snake Plant","floor":22.0,"turns":3.0},{"damage":20.0,"enemies":"Gremlin Leader","floor":24.0,"turns":6.0},{"damage":0.0,"enemies":"Snecko","floor":25.0,"turns":3.0},{"damage":13.0,"enemies":"Slavers","floor":27.0,"turns":4.0},{"damage":0.0,"enemies":"Cultist and Chosen","floor":31.0,"turns":5.0},{"damage":43.0,"enemies":"Champ","floor":33.0,"turns":7.0},{"damage":12.0,"enemies":"3 Darklings","floor":35.0,"turns":4.0},{"damage":0.0,"enemies":"Orb Walker","floor":36.0,"turns":2.0},{"damage":0.0,"enemies":"Mind Bloom Boss Battle","floor":38.0,"turns":4.0},{"damage":21.0,"enemies":"Sphere and 2 Shapes","floor":39.0,"turns":5.0},{"damage":19.0,"enemies":"Nemesis","floor":40.0,"turns":5.0},{"damage":0,"enemies":"Maw","floor":41,"turns":4},{"damage":0,"enemies":"Reptomancer","floor":45,"turns":4},{"damage":0,"enemies":"Giant Head","floor":47,"turns":4},{"damage":4,"enemies":"3 Darklings","floor":48,"turns":2},{"damage":44,"enemies":"Time Eater","floor":50,"turns":7},{"damage":64,"enemies":"Awakened One","floor":51,"turns":5}],"seed_played":"-867305465542330292","potions_obtained":[{"floor":4.0,"key":"Dexterity Potion"},{"floor":5.0,"key":"Dexterity Potion"},{"floor":16.0,"key":"Weak Potion"},{"floor":18.0,"key":"BloodPotion"},{"floor":20.0,"key":"Fire Potion"},{"floor":25.0,"key":"BloodPotion"}],"is_trial":false,"path_per_floor":["M","M","?","M","M","E","M","$","T","R","M","E","?","?","R","B",null,"M","M","M","$","M","R","E","M","T","E","R","$","R","M","R","B",null,"M","M","?","?","M","E","M","R","T","?","E","R","E","M","R","B","B",null],"character_chosen":"IRONCLAD","items_purchased":["Immolate","Heavy Blade"],"campfire_rested":3,"item_purchase_floors":[21,29],"current_hp_per_floor":[74,77,77,80,70,42,28,28,28,54,43,9,9,9,35,9,69,74,76,82,89,78,78,64,70,70,63,63,78,78,84,84,47,79,73,79,79,85,70,57,63,63,63,53,59,59,65,67,89,51,27],"gold":473,"neow_bonus":"TWENTY_PERCENT_HP_BONUS","is_prod":false,"is_daily":false,"chose_seed":false,"campfire_upgraded":6,"win_rate":0,"timestamp":1569792645,"path_taken":["M","M","?","?","M","E","M","$","T","R","M","E","?","?","R","BOSS","M","M","M","$","?","R","E","M","T","E","R","$","R","M","R","BOSS","M","M","?","?","M","E","M","R","T","?","E","R","E","M","R","BOSS","BOSS"],"build_version":"2019-09-27","purchased_purges":3,"victory":true,"max_hp_per_floor":[89,89,89,89,89,89,89,89,89,89,89,89,89,89,89,89,89,89,89,89,89,89,89,89,89,89,89,89,89,89,89,89,89,89,89,89,89,89,89,89,89,89,89,89,89,89,89,89,89,89,89],"card_choices":[{"not_picked":["Heavy Blade","Thunderclap"],"picked":"Metallicize","floor":1.0},{"not_picked":["Cleave","Havoc"],"picked":"Reckless Charge","floor":2.0},{"not_picked":["Perfected Strike","Cleave"],"picked":"Headbutt","floor":4.0},{"not_picked":["Ghostly Armor","Warcry"],"picked":"Shrug It Off","floor":5.0},{"not_picked":["Dropkick","Thunderclap"],"picked":"Limit Break","floor":6.0},{"not_picked":["Thunderclap","Twin Strike"],"picked":"Evolve","floor":7.0},{"not_picked":["Headbutt","Infernal Blade"],"picked":"Carnage","floor":11.0},{"not_picked":["Flex","Barricade","Body Slam"],"picked":"SKIP","floor":12.0},{"not_picked":["Double Tap","Impervious"],"picked":"Demon Form","floor":16.0},{"not_picked":["Heavy Blade","Blood for Blood"],"picked":"Flame Barrier+1","floor":18.0},{"not_picked":["Whirlwind+1","Clash"],"picked":"Heavy Blade","floor":19.0},{"not_picked":["Body Slam+1","Infernal Blade","Reckless Charge"],"picked":"SKIP","floor":20.0},{"not_picked":["Clash","Sword Boomerang"],"picked":"Uppercut","floor":22.0},{"not_picked":["Twin Strike","Brutality","Infernal Blade+1"],"picked":"SKIP","floor":24.0},{"not_picked":["Iron Wave","Anger"],"picked":"Heavy Blade","floor":25.0},{"not_picked":["Fire Breathing+1","Juggernaut"],"picked":"Metallicize","floor":27.0},{"not_picked":["Warcry+1","Perfected Strike+1","Thunderclap"],"picked":"SKIP","floor":31.0},{"not_picked":["Feed","Berserk"],"picked":"Impervious","floor":33.0},{"not_picked":["Perfected Strike+1","Thunderclap+1"],"picked":"Heavy Blade","floor":35.0},{"not_picked":["Pommel Strike+1","Infernal Blade","Wild Strike"],"picked":"SKIP","floor":36.0},{"not_picked":["Carnage","Fire Breathing"],"picked":"Double Tap","floor":39.0},{"not_picked":["Blood for Blood+1","Entrench"],"picked":"Shrug It Off+1","floor":40},{"not_picked":["Bloodletting","Thunderclap","Rage"],"picked":"SKIP","floor":41},{"not_picked":["Dark Shackles","Swift Strike"],"picked":"Violence","floor":44},{"not_picked":["Anger+1","Ghostly Armor+1"],"picked":"Immolate","floor":45},{"not_picked":["Body Slam","Rupture+1","Sentinel"],"picked":"SKIP","floor":47},{"not_picked":["Sentinel","Thunderclap"],"picked":"Flame Barrier","floor":48}],"player_experience":1116770,"relics_obtained":[{"floor":6.0,"key":"Incense Burner"},{"floor":9.0,"key":"Smiling Mask"},{"floor":12.0,"key":"MealTicket"},{"floor":24.0,"key":"Bronze Scales"},{"floor":26.0,"key":"Bottled Tornado"},{"floor":27.0,"key":"HornCleat"},{"floor":38.0,"key":"Nunchaku"},{"floor":40,"key":"Bottled Flame"},{"floor":43,"key":"The Courier"},{"floor":45,"key":"Boot"},{"floor":47,"key":"Mercury Hourglass"}],"event_choices":[{"damage_healed":0.0,"max_hp_gain":0.0,"max_hp_loss":0.0,"gold_gain":0.0,"event_name":"Accursed Blacksmith","player_choice":"Rummage","floor":3.0,"gold_loss":0.0,"damage_taken":0.0,"relics_obtained":["WarpedTongs"],"cards_obtained":["Pain"]},{"damage_healed":0.0,"max_hp_gain":0.0,"max_hp_loss":0.0,"gold_gain":0.0,"event_name":"Living Wall","player_choice":"Grow","floor":13.0,"gold_loss":0.0,"damage_taken":0.0,"cards_upgraded":["Metallicize"]},{"cards_removed":["Headbutt"],"damage_healed":0.0,"max_hp_gain":0.0,"max_hp_loss":0.0,"gold_gain":0.0,"event_name":"WeMeetAgain","player_choice":"Gave Card","floor":14.0,"gold_loss":0.0,"damage_taken":0.0,"relics_obtained":["Happy Flower"]},{"cards_removed":["Defend_R"],"damage_healed":0.0,"max_hp_gain":0.0,"max_hp_loss":0.0,"gold_gain":0.0,"event_name":"Falling","player_choice":"Removed Skill","floor":37.0,"gold_loss":0.0,"damage_taken":0.0},{"damage_healed":0.0,"max_hp_gain":0.0,"max_hp_loss":0.0,"gold_gain":0.0,"event_name":"MindBloom","player_choice":"Fight","floor":38.0,"gold_loss":0.0,"damage_taken":0.0},{"damage_healed":0,"gold_gain":0,"player_choice":"Memory 3","damage_taken":10,"max_hp_gain":0,"max_hp_loss":0,"event_name":"SensoryStone","floor":44,"gold_loss":0}],"is_beta":true,"boss_relics":[{"not_picked":["Pandora\u0027s Box","Busted Crown"],"picked":"Snecko Eye"},{"not_picked":["SacredBark","Mark of Pain"],"picked":"Sozu"}],"items_purged_floors":[8,21,29],"is_endless":false,"potions_floor_spawned":[4,5,12,16,18,20,22,25,31,33,38,39,41,45],"ascension_level":20}