{"gold_per_floor":[112,122,77,77,77,100,108,118,156,168,168,188,188,188],"floor_reached":14,"playtime":217,"items_purged":[],"score":242,"play_id":"587705a7-9e2e-40f1-9e1c-82524f91cb87","local_time":"20190826203724","is_ascension_mode":true,"campfire_choices":[{"data":"Noxious Fumes","floor":11,"key":"SMITH"},{"data":"Neutralize","floor":13,"key":"SMITH"}],"neow_cost":"NONE","seed_source_timestamp":111633709257366,"circlet_count":0,"master_deck":["AscendersBane","Strike_G","Strike_G","Strike_G","Strike_G","Defend_G","Defend_G","Defend_G","Defend_G","Defend_G","Survivor","Neutralize+1","Noxious Fumes+1","Grand Finale","Backflip"],"relics":["Ring of the Snake","NeowsBlessing","Gremlin Horn","Anchor","Odd Mushroom"],"potions_floor_usage":[12],"damage_taken":[{"damage":0,"enemies":"Cultist","floor":1,"turns":1},{"damage":0,"enemies":"Jaw Worm","floor":2,"turns":1},{"damage":0,"enemies":"Lagavulin","floor":6,"turns":1},{"damage":8,"enemies":"Small Slimes","floor":7,"turns":7},{"damage":11,"enemies":"3 Louse","floor":8,"turns":4},{"damage":7,"enemies":"Exordium Wildlife","floor":10,"turns":5},{"damage":0,"enemies":"The Mushroom Lair","floor":12,"turns":1},{"damage":0,"enemies":"Gremlin Nob","floor":14,"turns":2}],"seed_played":"6441165852032607273","potions_obtained":[{"floor":2,"key":"GamblersBrew"}],"is_trial":false,"path_per_floor":["M","M","$","?","$","E","M","M","T","M","R","?","R","E"],"character_chosen":"THE_SILENT","items_purchased":["Noxious Fumes"],"campfire_rested":0,"item_purchase_floors":[3],"current_hp_per_floor":[59,59,59,59,59,59,51,40,40,33,33,33,33,33],"gold":188,"neow_bonus":"THREE_ENEMY_KILL","is_prod":false,"is_daily":false,"chose_seed":false,"campfire_upgraded":2,"win_rate":0,"timestamp":1566826644,"path_taken":["M","?","?","?","$","E","M","?","T","M","R","?","R","E"],"build_version":"2019-07-17","purchased_purges":0,"victory":false,"max_hp_per_floor":[66,66,66,66,66,66,66,66,66,66,66,66,66,66],"card_choices":[{"not_picked":["Backflip","Acrobatics","Dagger Throw"],"picked":"SKIP","floor":1},{"not_picked":["Prepared","Accuracy","Acrobatics"],"picked":"SKIP","floor":2},{"not_picked":["Bullet Time","PiercingWail"],"picked":"Grand Finale","floor":6},{"not_picked":["Bane","Concentrate","Quick Slash"],"picked":"SKIP","floor":7},{"not_picked":["Slice","Caltrops","Outmaneuver"],"picked":"SKIP","floor":8},{"not_picked":["Choke","Bouncing Flask"],"picked":"Backflip","floor":10}],"player_experience":1087481,"relics_obtained":[{"floor":6,"key":"Gremlin Horn"},{"floor":9,"key":"Anchor"},{"floor":12,"key":"Odd Mushroom"}],"event_choices":[{"cards_removed":["Strike_G"],"damage_healed":0,"gold_gain":0,"player_choice":"Purged","damage_taken":0,"max_hp_gain":0,"max_hp_loss":0,"event_name":"Purifier","floor":4,"gold_loss":0},{"damage_healed":0,"gold_gain":0,"player_choice":"Fought Mushrooms","damage_taken":0,"max_hp_gain":0,"max_hp_loss":0,"event_name":"Mushrooms","floor":12,"gold_loss":0}],"is_beta":false,"boss_relics":[],"items_purged_floors":[],"is_endless":false,"potions_floor_spawned":[2],"killed_by":"Gremlin Nob","ascension_level":22}