{"path_per_floor":["M","?","?","M","M","R","E","M","T","E","R","M","E","$","R","B",null,"M","?","M","?","M","E","?","$","T","M","E","R","E","M","R","B",null,"M","T","M","M","M","R","E","R","T","E","$","E","?","M","R","B"],"character_chosen":"THE_SILENT","items_purchased":["Vajra","Bag of Preparation","Gambling Chip"],"gold_per_floor":[114,114,114,129,144,144,174,189,214,244,244,259,319,94,94,194,194,209,209,224,323,338,368,368,118,168,183,213,213,243,258,258,358,358,373,448,463,478,493,493,523,523,548,578,153,483,483,498,498,498],"floor_reached":51,"campfire_rested":0,"playtime":2479,"item_purchase_floors":[14,25,45],"current_hp_per_floor":[70,70,70,70,70,70,69,69,69,53,53,52,52,52,52,50,70,70,80,79,79,79,74,74,74,74,78,78,78,78,78,78,78,80,80,80,80,85,85,85,85,85,92,92,92,92,82,86,86,86],"items_purged":["Envenom","Tactician","After Image"],"gold":498,"score":1140,"play_id":"d1fcac23-ead9-4073-aaf3-777cbafaadea","local_time":"20180616155922","daily_mods":["Shiny","Elite Swarm","Uncertain Future"],"is_prod":false,"is_daily":true,"chose_seed":false,"is_ascension_mode":false,"campfire_upgraded":8,"win_rate":0,"timestamp":1529141362,"campfire_choices":[{"data":"Glass Knife","floor":6,"key":"SMITH"},{"data":"Wraith Form v2","floor":11,"key":"SMITH"},{"data":"Wraith Form v2","floor":15,"key":"SMITH"},{"data":"After Image","floor":29,"key":"SMITH"},{"data":"Bullet Time","floor":32,"key":"SMITH"},{"data":"Doppelganger","floor":40,"key":"SMITH"},{"data":"Phantasmal Killer","floor":42,"key":"SMITH"},{"data":"Apotheosis","floor":49,"key":"SMITH"}],"path_taken":["M","?","?","M","?","R","E","M","T","E","R","M","E","$","R","BOSS","M","?","M","?","M","E","?","$","T","M","E","R","E","M","R","BOSS","M","?","M","M","M","R","E","R","T","E","$","E","?","?","R","BOSS"],"build_version":"2018-06-14v2","seed_source_timestamp":0,"purchased_purges":3,"victory":true,"master_deck":["Venomology","Phantasmal Killer+1","Die Die Die","Adrenaline+1","Doppelganger+1","Burst","Wraith Form v2+1","Tools of the Trade","Night Terror","Unload","After Image+1","Bullet Time+1","Storm of Steel","Glass Knife+1","Grand Finale","Dagger Spray","Tools of the Trade","Die Die Die+1","Backflip","Wraith Form v2+1","Dagger Throw+1","Backflip+1","Glass Knife+1","Terror","Leg Sweep+1","Glass Knife+1","Die Die Die+1","After Image","Blur","Adrenaline","Night Terror","Flash of Steel+1","Madness","Apotheosis+1"],"max_hp_per_floor":[70,70,70,70,70,70,70,70,70,70,70,70,70,70,70,70,70,70,80,80,80,80,80,80,80,80,80,80,80,80,80,80,80,80,80,80,80,85,85,85,85,85,92,92,92,92,92,92,92,92],"special_seed":17698,"relics":["Ring of the Snake","Regal Pillow","Dream Catcher","Molten Egg 2","Tiny Chest","Vajra","Philosopher\u0027s Stone","Toolbox","Bag of Preparation","Omamori","Sundial","Snake Skull","Coffee Dripper","Shuriken","Tingsha","Strawberry","Calipers","Gambling Chip","Old Coin"],"card_choices":[{"not_picked":["Crippling Poison","Poisoned Stab","Outmaneuver"],"picked":"SKIP","floor":1},{"not_picked":["Quick Slash","Acrobatics","Deadly Poison"],"picked":"SKIP","floor":4},{"not_picked":["Flying Knee","Sucker Punch"],"picked":"Dagger Spray","floor":5},{"not_picked":["Night Terror","Phantasmal Killer"],"picked":"Tools of the Trade","floor":7},{"not_picked":["Poisoned Stab","Crippling Poison","Acrobatics"],"picked":"SKIP","floor":8},{"not_picked":["Venomology","Grand Finale"],"picked":"Die Die Die","floor":10},{"not_picked":["Cloak And Dagger","Dagger Spray+1"],"picked":"Backflip","floor":12},{"not_picked":["After Image","Phantasmal Killer"],"picked":"Wraith Form v2","floor":13},{"not_picked":["Grand Finale+1","Night Terror"],"picked":"After Image","floor":16},{"not_picked":["Dagger Spray+1","Bane+1"],"picked":"Dagger Throw+1","floor":18},{"not_picked":["Dagger Spray+1","Acrobatics"],"picked":"Backflip+1","floor":20},{"not_picked":["Prepared","Eviscerate+1","Dagger Spray+1"],"picked":"SKIP","floor":22},{"not_picked":["Corpse Explosion+1","Doppelganger"],"picked":"Glass Knife+1","floor":23},{"not_picked":["Choke+1","Prepared+1"],"picked":"Leg Sweep+1","floor":27},{"not_picked":["Die Die Die+1","Wraith Form v2"],"picked":"Glass Knife+1","floor":28},{"not_picked":["Corpse Explosion+1","Venomology"],"picked":"Die Die Die+1","floor":30},{"not_picked":["Deadly Poison+1","Bane+1","Sucker Punch+1"],"picked":"SKIP","floor":31},{"not_picked":["Venomology","Burst"],"picked":"After Image","floor":33},{"not_picked":["Expertise+1","Deflect+1","Outmaneuver"],"picked":"SKIP","floor":35},{"not_picked":["Dagger Spray+1","Backflip","Outmaneuver"],"picked":"SKIP","floor":37},{"not_picked":["Bane+1","Catalyst+1"],"picked":"Blur","floor":38},{"not_picked":["Terror","Deadly Poison","Bane+1"],"picked":"SKIP","floor":39},{"not_picked":["Night Terror","Die Die Die+1"],"picked":"Adrenaline","floor":41},{"not_picked":["After Image","Wraith Form v2"],"picked":"Night Terror","floor":44},{"not_picked":["Glass Knife+1","Grand Finale+1","Venomology"],"picked":"SKIP","floor":46},{"not_picked":["Sadistic Nature","Transmutation"],"picked":"Flash of Steel+1","floor":47},{"not_picked":["Blind","Panacea"],"picked":"Madness","floor":47},{"not_picked":["Mind Blast+1","Good Instincts"],"picked":"Apotheosis","floor":47},{"not_picked":["Catalyst+1","Bane+1","Cloak And Dagger"],"picked":"SKIP","floor":48}],"player_experience":75258,"potions_floor_usage":[7,10,13,13,16,16,33,33,33,33,38,39,41,44,50,50],"damage_taken":[{"damage":0,"enemies":"2 Louse","floor":1,"turns":2},{"damage":0,"enemies":"Cultist","floor":4,"turns":2},{"damage":0,"enemies":"Small Slimes","floor":5,"turns":2},{"damage":1,"enemies":"3 Sentries","floor":7,"turns":2},{"damage":0,"enemies":"3 Louse","floor":8,"turns":4},{"damage":16,"enemies":"Gremlin Nob","floor":10,"turns":3},{"damage":1,"enemies":"Red Slaver","floor":12,"turns":2},{"damage":0,"enemies":"Lagavulin","floor":13,"turns":2},{"damage":2,"enemies":"The Guardian","floor":16,"turns":10},{"damage":0,"enemies":"3 Byrds","floor":18,"turns":1},{"damage":1,"enemies":"2 Thieves","floor":20,"turns":3},{"damage":0,"enemies":"Snecko","floor":22,"turns":2},{"damage":5,"enemies":"Slavers","floor":23,"turns":5},{"damage":0,"enemies":"Cultist and Chosen","floor":27,"turns":3},{"damage":0,"enemies":"Gremlin Leader","floor":28,"turns":4},{"damage":0,"enemies":"Book of Stabbing","floor":30,"turns":3},{"damage":0,"enemies":"Snake Plant","floor":31,"turns":1},{"damage":0,"enemies":"Champ","floor":33,"turns":8},{"damage":0,"enemies":"Flame Bruiser 1 Orb","floor":35,"turns":3},{"damage":0,"enemies":"3 Darklings","floor":37,"turns":1},{"damage":0,"enemies":"Sphere and 2 Shapes","floor":38,"turns":3},{"damage":0,"enemies":"Maw","floor":39,"turns":5},{"damage":0,"enemies":"Nemesis","floor":41,"turns":7},{"damage":0,"enemies":"2 Orb Walkers","floor":44,"turns":2},{"damage":0,"enemies":"Giant Head","floor":46,"turns":2},{"damage":0,"enemies":"Spire Growth","floor":48,"turns":2},{"damage":0,"enemies":"Awakened One","floor":50,"turns":10}],"relics_obtained":[{"floor":7,"key":"Regal Pillow"},{"floor":9,"key":"Dream Catcher"},{"floor":10,"key":"Molten Egg 2"},{"floor":13,"key":"Tiny Chest"},{"floor":23,"key":"Toolbox"},{"floor":26,"key":"Omamori"},{"floor":28,"key":"Sundial"},{"floor":30,"key":"Snake Skull"},{"floor":36,"key":"Shuriken"},{"floor":41,"key":"Tingsha"},{"floor":43,"key":"Strawberry"},{"floor":44,"key":"Calipers"},{"floor":46,"key":"Old Coin"}],"event_choices":[{"event_name":"Upgrade Shrine","player_choice":"Upgraded","floor":2,"damage_taken":0},{"event_name":"Purifier","player_choice":"One Purge","floor":3,"damage_taken":0},{"event_name":"Bonfire Elementals","player_choice":"RARE","floor":19,"damage_taken":0},{"event_name":"Nest","player_choice":"Stole From Cult","floor":21,"damage_taken":0},{"event_name":"The Library","player_choice":"Read","floor":24,"damage_taken":0},{"event_name":"SensoryStone","player_choice":"Memory 3","floor":47,"damage_taken":0}],"boss_relics":[{"not_picked":["Ectoplasm","Tiny House"],"picked":"Philosopher\u0027s Stone"},{"not_picked":["Orrery","Lizard Tail"],"picked":"Coffee Dripper"}],"items_purged_floors":[14,25,45],"is_endless":false,"potions_floor_spawned":[1,5,13,30,31,33,37,38,44,46,48],"seed_played":"4610155392597214101","ascension_level":0,"potions_obtained":[{"floor":1,"key":"Swift Potion"},{"floor":5,"key":"PowerPotion"},{"floor":13,"key":"LiquidBronze"},{"floor":30,"key":"Ancient Potion"},{"floor":31,"key":"PowerPotion"},{"floor":33,"key":"PowerPotion"},{"floor":37,"key":"Fruit Juice"},{"floor":38,"key":"FearPotion"}],"is_trial":false}