{"path_per_floor":["M","M","?","?","?","E","$","E","T","E","M","M","E","?","R","B",null,"M","$","?","?","?","E","R","E","T","M","E","?","M","E","R","B",null,"M","M","$","M","?","E","?","E","T","$","?","R","E","T","R","B"],"character_chosen":"IRONCLAD","items_purchased":["Malaise","War Paint","Happy Flower"],"gold_per_floor":[114,129,129,129,79,109,34,64,64,94,109,124,154,154,154,254,284,299,118,268,268,268,298,298,328,353,368,398,398,413,443,443,543,543,558,573,298,313,313,343,358,388,413,113,113,113,173,198,198,198],"floor_reached":51,"campfire_rested":0,"playtime":2120,"item_purchase_floors":[19,37,44],"current_hp_per_floor":[79,79,84,84,84,58,58,44,50,54,54,54,52,52,52,59,102,98,98,98,98,98,80,80,68,74,63,34,34,41,47,47,65,114,96,94,94,81,81,79,60,29,35,35,105,105,105,118,118,69],"items_purged":["Strike_R","Strike_R","Defend_R","Strike_R"],"gold":198,"score":1110,"play_id":"feafb436-f8b7-491f-8222-f3f66eee73c4","local_time":"20180609162111","daily_mods":["Diverse","Cursed Run","Elite Swarm"],"is_prod":false,"is_daily":true,"chose_seed":false,"is_ascension_mode":false,"campfire_upgraded":5,"win_rate":0,"timestamp":1528536071,"campfire_choices":[{"data":"Bullet Time","floor":15,"key":"SMITH"},{"data":"Limit Break","floor":24,"key":"SMITH"},{"data":"Armaments","floor":32,"key":"SMITH"},{"data":"Buffer","floor":46,"key":"SMITH"},{"data":"Adrenaline","floor":49,"key":"SMITH"}],"path_taken":["M","M","?","?","?","E","?","E","T","E","M","?","E","?","R","BOSS","M","$","?","?","?","E","R","E","T","M","E","?","M","E","R","BOSS","M","M","$","M","?","E","?","E","T","$","?","R","E","?","R","BOSS"],"build_version":"2018-06-08","seed_source_timestamp":0,"purchased_purges":4,"victory":true,"master_deck":["Strike_R+1","Defend_R","Defend_R","Bash+1","Riddle With Holes+1","Limit Break+1","Doppelganger+1","Backflip+1","Bullet Time+1","Regret","Seek","Malaise","Tools of the Trade","Decay","Reprogram+1","Heavy Blade","Armaments+1","Echo Form","Decay","Hyperbeam","Dropkick+1","Flash of Steel","Hyperbeam","Buffer+1","Clumsy","Adrenaline+1","Pain","Normality"],"max_hp_per_floor":[80,80,85,85,85,85,85,85,91,91,91,91,91,91,91,97,102,102,102,102,102,102,102,102,102,108,108,108,108,108,108,108,114,114,114,114,114,114,114,114,114,114,120,120,105,105,105,118,118,124],"relics":["Cursed Key","Darkstone Periapt","Du-Vu Doll","Vajra","Meat on the Bone","Bottled Flame","Kunai","Dead Branch","Tiny House","Whetstone","Sundial","Pen Nib","Prayer Wheel","Lantern","Philosopher\u0027s Stone","War Paint","Bag of Marbles","Calipers","Ice Cream","Boot","Happy Flower","Tiny Chest","Strawberry"],"card_choices":[{"not_picked":["Rebound","Anger"],"picked":"Riddle With Holes","floor":1},{"not_picked":["Choke","Steam","Underhanded Strike"],"picked":"SKIP","floor":2},{"not_picked":["Dark Embrace","Unload","Burst"],"picked":"SKIP","floor":6},{"not_picked":["Meteor Strike","Envenom"],"picked":"Limit Break","floor":8},{"not_picked":["Meteor Strike","Tools of the Trade"],"picked":"Doppelganger","floor":10},{"not_picked":["Clash","Fire Breathing"],"picked":"Backflip","floor":11},{"not_picked":["PiercingWail","Sever Soul","Sucker Punch"],"picked":"SKIP","floor":12},{"not_picked":["Exhume","Demon Form"],"picked":"Bullet Time","floor":13},{"not_picked":["Limit Break","Meteor Strike"],"picked":"Seek","floor":16},{"not_picked":["Anger","Go for the Eyes","Quick Slash"],"picked":"SKIP","floor":18},{"not_picked":["Creative AI","Bludgeon"],"picked":"Tools of the Trade","floor":23},{"not_picked":["Phantasmal Killer","Reaper","Barricade"],"picked":"SKIP","floor":25},{"not_picked":["Accuracy","BootSequence+1"],"picked":"Reprogram","floor":27},{"not_picked":["Doppelganger","Storm of Steel","Multi-Cast"],"picked":"SKIP","floor":28},{"not_picked":["Dual Wield","Anger"],"picked":"Heavy Blade","floor":30},{"not_picked":["Gash","Clash"],"picked":"Armaments","floor":30},{"not_picked":["Demon Form","Meteor Strike"],"picked":"Echo Form","floor":31},{"not_picked":["Doppelganger","Feed"],"picked":"Hyperbeam","floor":33},{"not_picked":["Dagger Spray","Steam","Dagger Throw+1"],"picked":"SKIP","floor":35},{"not_picked":["Body Slam+1","Sweeping Beam","Reflex"],"picked":"SKIP","floor":35},{"not_picked":["Inflame","Scrape+1"],"picked":"Dropkick+1","floor":36},{"not_picked":["Inflame+1","BootSequence","Glacier"],"picked":"SKIP","floor":36},{"not_picked":["Reprogram","Armaments+1","Beam Cell+1"],"picked":"SKIP","floor":38},{"not_picked":["Clothesline+1","Melter","Deadly Poison+1"],"picked":"SKIP","floor":38},{"not_picked":["Blind","Finesse"],"picked":"Flash of Steel","floor":39},{"not_picked":["Grand Finale","Buffer"],"picked":"Hyperbeam","floor":40},{"not_picked":["Rainbow","Brutality"],"picked":"Buffer","floor":42},{"not_picked":["Reaper","Biased Cognition"],"picked":"Adrenaline","floor":47}],"player_experience":51785,"potions_floor_usage":[8,13,23,23,33,33,41,42,50,50],"damage_taken":[{"damage":1,"enemies":"Jaw Worm","floor":1,"turns":2},{"damage":0,"enemies":"Small Slimes","floor":2,"turns":2},{"damage":26,"enemies":"Lagavulin","floor":6,"turns":5},{"damage":14,"enemies":"Gremlin Nob","floor":8,"turns":3},{"damage":8,"enemies":"3 Sentries","floor":10,"turns":4},{"damage":0,"enemies":"2 Louse","floor":11,"turns":2},{"damage":0,"enemies":"Blue Slaver","floor":12,"turns":1},{"damage":2,"enemies":"Gremlin Nob","floor":13,"turns":2},{"damage":11,"enemies":"Slime Boss","floor":16,"turns":8},{"damage":4,"enemies":"3 Byrds","floor":18,"turns":4},{"damage":18,"enemies":"Slavers","floor":23,"turns":3},{"damage":12,"enemies":"Book of Stabbing","floor":25,"turns":3},{"damage":11,"enemies":"2 Thieves","floor":27,"turns":4},{"damage":41,"enemies":"Slavers","floor":28,"turns":5},{"damage":5,"enemies":"Cultist and Chosen","floor":30,"turns":5},{"damage":6,"enemies":"Book of Stabbing","floor":31,"turns":3},{"damage":0,"enemies":"Collector","floor":33,"turns":5},{"damage":18,"enemies":"Orb Walker","floor":35,"turns":2},{"damage":2,"enemies":"Flame Bruiser 1 Orb","floor":36,"turns":3},{"damage":13,"enemies":"Sphere and 2 Shapes","floor":38,"turns":4},{"damage":2,"enemies":"Giant Head","floor":40,"turns":4},{"damage":19,"floor":41,"turns":2},{"damage":43,"enemies":"Nemesis","floor":42,"turns":3},{"damage":0,"enemies":"Giant Head","floor":47,"turns":4},{"damage":55,"enemies":"Awakened One","floor":50,"turns":5}],"relics_obtained":[{"floor":6,"key":"Vajra"},{"floor":8,"key":"Meat on the Bone"},{"floor":9,"key":"Bottled Flame"},{"floor":10,"key":"Kunai"},{"floor":13,"key":"Dead Branch"},{"floor":23,"key":"Whetstone"},{"floor":25,"key":"Sundial"},{"floor":26,"key":"Pen Nib"},{"floor":28,"key":"Prayer Wheel"},{"floor":31,"key":"Lantern"},{"floor":40,"key":"Bag of Marbles"},{"floor":41,"key":"Calipers"},{"floor":42,"key":"Ice Cream"},{"floor":43,"key":"Boot"},{"floor":47,"key":"Tiny Chest"},{"floor":48,"key":"Strawberry"}],"event_choices":[{"event_name":"Big Fish","player_choice":"Donut","floor":3,"damage_taken":0},{"event_name":"Upgrade Shrine","player_choice":"Upgraded","floor":4,"damage_taken":0},{"event_name":"The Cleric","player_choice":"Card Removal","floor":5,"damage_taken":0},{"event_name":"Living Wall","player_choice":"Forget","floor":14,"damage_taken":0},{"event_name":"Nest","player_choice":"Stole From Cult","floor":20,"damage_taken":0},{"event_name":"Ghosts","player_choice":"Ignored","floor":21,"damage_taken":0},{"event_name":"The Lab","player_choice":"Got Potions","floor":22,"damage_taken":0},{"event_name":"Back to Basics","player_choice":"Elegance","floor":29,"damage_taken":0},{"event_name":"SensoryStone","player_choice":"Memory 1","floor":39,"damage_taken":0},{"event_name":"Mysterious Sphere","player_choice":"Fight","floor":41,"damage_taken":0},{"event_name":"The Moai Head","player_choice":"Heal","floor":45,"damage_taken":0}],"boss_relics":[{"not_picked":["Runic Pyramid","Snecko Eye"],"picked":"Tiny House"},{"not_picked":["Eternal Feather","Busted Crown"],"picked":"Philosopher\u0027s Stone"}],"items_purged_floors":[7,19,37,44],"potions_floor_spawned":[6,10,11,18,27,30,35,40,42],"seed_played":"-8965767018673126133","ascension_level":0,"potions_obtained":[{"floor":6,"key":"Fire Potion"},{"floor":10,"key":"BloodPotion"},{"floor":11,"key":"Swift Potion"},{"floor":17,"key":"SteroidPotion"},{"floor":18,"key":"Fire Potion"},{"floor":22,"key":"FearPotion"},{"floor":22,"key":"GamblersBrew"},{"floor":27,"key":"EssenceOfSteel"},{"floor":35,"key":"Weak Potion"},{"floor":40,"key":"Strength Potion"},{"floor":42,"key":"FearPotion"}],"is_trial":false}