{"gold_per_floor":[119,133,49,63,74,74,99,99,125,138,172,122,139,166,166,265,265,284,297,297,308,8,8],"floor_reached":23,"playtime":1767,"items_purged":["Defend_R"],"score":213,"play_id":"a9a69c31-104b-4de0-997f-f1556359cdb1","local_time":"20190709000333","is_ascension_mode":false,"campfire_choices":[{"data":"Havoc","floor":6,"key":"SMITH"},{"data":"Bash","floor":8,"key":"SMITH"},{"floor":15,"key":"REST"}],"neow_cost":"NONE","seed_source_timestamp":1639656372539969,"circlet_count":0,"master_deck":["Strike_R","Strike_R","Strike_R","Strike_R","Defend_R","Defend_R","Defend_R","Bash+1","Flex","Heavy Blade","Discovery","Immolate","Havoc+1","Rampage","Sentinel","Infernal Blade","Intimidate","Flame Barrier","Demon Form","True Grit","Feel No Pain","Reckless Charge","Ghostly Armor"],"relics":["Burning Blood","Bronze Scales","Omamori","Ancient Tea Set","Eternal Feather","Sling"],"potions_floor_usage":[10],"damage_taken":[{"damage":1,"enemies":"Cultist","floor":1,"turns":3},{"damage":9,"enemies":"Jaw Worm","floor":2,"turns":4},{"damage":2,"enemies":"2 Louse","floor":4,"turns":3},{"damage":19,"enemies":"Blue Slaver","floor":5,"turns":3},{"damage":16,"enemies":"3 Sentries","floor":7,"turns":7},{"damage":0,"enemies":"3 Louse","floor":10,"turns":1},{"damage":28,"enemies":"Gremlin Nob","floor":11,"turns":4},{"damage":4,"enemies":"Exordium Thugs","floor":13,"turns":3},{"damage":22,"enemies":"3 Sentries","floor":14,"turns":4},{"damage":39,"enemies":"Hexaghost","floor":16,"turns":9},{"damage":0,"enemies":"Chosen","floor":18,"turns":4},{"damage":13,"enemies":"Spheric Guardian","floor":19,"turns":4},{"damage":8,"enemies":"Cultist and Chosen","floor":21,"turns":5},{"damage":72,"enemies":"Gremlin Leader","floor":23,"turns":5}],"seed_played":"6974496030968835286","potions_obtained":[{"floor":5,"key":"SpeedPotion"},{"floor":7,"key":"BloodPotion"},{"floor":11,"key":"FearPotion"},{"floor":13,"key":"Ancient Potion"}],"is_trial":false,"path_per_floor":["M","M","$","M","M","R","E","R","T","M","E","?","M","E","R","B",null,"M","M","?","M","$","E"],"character_chosen":"IRONCLAD","items_purchased":["Discovery","Sling","Ghostly Armor"],"campfire_rested":1,"item_purchase_floors":[3,22,22],"current_hp_per_floor":[88,85,85,88,75,75,65,65,65,88,66,66,68,52,78,45,88,88,81,64,62,62,0],"gold":8,"neow_bonus":"TEN_PERCENT_HP_BONUS","is_prod":false,"is_daily":false,"chose_seed":false,"campfire_upgraded":2,"win_rate":0,"timestamp":1562648613,"path_taken":["M","?","$","M","M","R","E","R","T","M","E","?","M","E","R","BOSS","M","M","?","M","$","E"],"build_version":"2019-07-05","purchased_purges":1,"victory":false,"max_hp_per_floor":[88,88,88,88,88,88,88,88,88,88,88,88,88,88,88,88,88,88,88,93,93,93,93],"card_choices":[{"not_picked":["Shrug It Off","Havoc"],"picked":"Flex","floor":1},{"not_picked":["Battle Trance","Flame Barrier"],"picked":"Heavy Blade","floor":2},{"not_picked":["Sword Boomerang","Warcry"],"picked":"Immolate","floor":4},{"not_picked":["Cleave","Anger"],"picked":"Havoc","floor":5},{"not_picked":["Anger","Ghostly Armor"],"picked":"Rampage","floor":7},{"not_picked":["Clash","True Grit"],"picked":"Sentinel","floor":10},{"not_picked":["Twin Strike","Metallicize"],"picked":"Infernal Blade","floor":11},{"not_picked":["Thunderclap","Battle Trance"],"picked":"Intimidate","floor":13},{"not_picked":["Corruption","Metallicize"],"picked":"Flame Barrier","floor":14},{"not_picked":["Dark Embrace","Immolate"],"picked":"Demon Form","floor":16},{"not_picked":["Blood for Blood+1","Havoc"],"picked":"True Grit","floor":18},{"not_picked":["Whirlwind","Metallicize"],"picked":"Feel No Pain","floor":19},{"not_picked":["True Grit","Pommel Strike"],"picked":"Reckless Charge","floor":21}],"player_experience":112527,"relics_obtained":[{"floor":7,"key":"Bronze Scales"},{"floor":11,"key":"Omamori"},{"floor":14,"key":"Ancient Tea Set"}],"event_choices":[{"cards_removed":["Strike_R"],"damage_healed":0,"gold_gain":0,"player_choice":"Card Removal","damage_taken":0,"max_hp_gain":0,"max_hp_loss":0,"event_name":"The Cleric","floor":12,"gold_loss":50},{"damage_healed":0,"gold_gain":0,"player_choice":"Shed Blood","damage_taken":22,"max_hp_gain":5,"max_hp_loss":0,"event_name":"Forgotten Altar","floor":20,"gold_loss":0}],"is_beta":false,"boss_relics":[{"not_picked":["Runic Dome","Lizard Tail"],"picked":"Eternal Feather"}],"items_purged_floors":[22],"is_endless":false,"potions_floor_spawned":[5,7,11,13,14,19],"killed_by":"Gremlin Leader","ascension_level":0}