{"gold_per_floor":[118,118,18,18,36,70,80,96,96,96,116,126,51,70,70,146,146,156,176,190,206,206,206],"floor_reached":23,"playtime":3686,"items_purged":["Strike_G"],"score":411,"play_id":"787aec33-a95c-46bb-b1fd-2cf3dafa0aa0","local_time":"20190727215014","is_ascension_mode":true,"campfire_choices":[{"floor":10,"key":"REST"},{"data":"Malaise","floor":15,"key":"SMITH"}],"neow_cost":"NONE","seed_source_timestamp":294787878130242,"circlet_count":0,"master_deck":["AscendersBane","Strike_G","Strike_G","Strike_G","Strike_G","Defend_G","Defend_G","Defend_G","Defend_G","Defend_G","Survivor","Neutralize","Blade Dance","Bandage Up","Deflect","Malaise+1","Bouncing Flask","Leg Sweep","Dash","Corpse Explosion","Sucker Punch","Backflip","Night Terror","Acrobatics+1","Riddle With Holes","Backflip","Writhe"],"relics":["Ring of the Snake","NeowsBlessing","Singing Bowl","Thread and Needle","Snecko Eye","Prayer Wheel"],"potions_floor_usage":[8,18,23],"damage_taken":[{"damage":0,"enemies":"Small Slimes","floor":1,"turns":1},{"damage":0,"enemies":"Jaw Worm","floor":5,"turns":1},{"damage":0,"enemies":"3 Sentries","floor":6,"turns":1},{"damage":0,"enemies":"Cultist","floor":7,"turns":4},{"damage":46,"enemies":"Gremlin Gang","floor":8,"turns":8},{"damage":0,"enemies":"Looter","floor":11,"turns":5},{"damage":1,"enemies":"Blue Slaver","floor":12,"turns":3},{"damage":0,"enemies":"3 Louse","floor":14,"turns":3},{"damage":4,"enemies":"The Guardian","floor":16,"turns":14},{"damage":10,"enemies":"3 Byrds","floor":18,"turns":3},{"damage":0,"enemies":"Shell Parasite","floor":19,"turns":5},{"damage":10,"enemies":"Snecko","floor":20,"turns":6},{"damage":16,"enemies":"Shelled Parasite and Fungi","floor":21,"turns":9},{"damage":65,"enemies":"Slavers","floor":23,"turns":4}],"seed_played":"3255306781026432724","potions_obtained":[{"floor":6,"key":"GhostInAJar"},{"floor":11,"key":"FairyPotion"},{"floor":12,"key":"Weak Potion"},{"floor":20,"key":"LiquidBronze"}],"is_trial":false,"path_per_floor":["M","?","$","?","M","E","M","M","T","R","M","M","$","M","R","B",null,"M","M","M","M","?","E"],"character_chosen":"THE_SILENT","items_purchased":["Bandage Up"],"campfire_rested":1,"item_purchase_floors":[3],"current_hp_per_floor":[59,64,64,64,64,64,68,27,27,48,52,51,51,51,51,51,68,62,66,60,50,50,0],"gold":206,"neow_bonus":"THREE_ENEMY_KILL","is_prod":false,"is_daily":false,"chose_seed":false,"campfire_upgraded":1,"win_rate":0,"timestamp":1564282214,"path_taken":["M","?","$","?","M","E","M","M","T","R","?","M","$","M","R","BOSS","M","?","M","M","?","E"],"build_version":"2019-07-17","purchased_purges":1,"victory":false,"max_hp_per_floor":[66,71,71,71,71,71,71,73,73,73,73,73,73,73,73,73,73,73,73,73,75,75,75],"card_choices":[{"not_picked":["Bane","Outmaneuver"],"picked":"Blade Dance","floor":1},{"not_picked":["Blur","PiercingWail"],"picked":"Bouncing Flask","floor":5},{"not_picked":["Bane","Dagger Spray"],"picked":"Leg Sweep","floor":6},{"not_picked":["Prepared","Predator"],"picked":"Dash","floor":7},{"not_picked":["Deflect","Accuracy","Dagger Throw"],"picked":"Singing Bowl","floor":8},{"not_picked":["Dagger Spray","Deadly Poison"],"picked":"Corpse Explosion","floor":11},{"not_picked":["Outmaneuver","Riddle With Holes"],"picked":"Sucker Punch","floor":12},{"not_picked":["Dagger Spray","Deadly Poison"],"picked":"Backflip","floor":14},{"not_picked":["Tools of the Trade","Grand Finale"],"picked":"Night Terror","floor":16},{"not_picked":["Deflect","Dagger Spray"],"picked":"Acrobatics+1","floor":18},{"not_picked":["Outmaneuver","Infinite Blades"],"picked":"Riddle With Holes","floor":19},{"not_picked":["Poisoned Stab","Masterful Stab"],"picked":"Backflip","floor":20},{"not_picked":["Dagger Throw","Sucker Punch","Prepared"],"picked":"Singing Bowl","floor":21}],"player_experience":1640532,"relics_obtained":[{"floor":6,"key":"Singing Bowl"},{"floor":9,"key":"Thread and Needle"}],"event_choices":[{"damage_healed":0,"gold_gain":0,"player_choice":"Donut","damage_taken":0,"max_hp_gain":5,"max_hp_loss":0,"event_name":"Big Fish","floor":2,"gold_loss":0},{"damage_healed":0,"gold_gain":0,"player_choice":"2 cards matched","damage_taken":0,"max_hp_gain":0,"max_hp_loss":0,"event_name":"Match and Keep!","floor":4,"gold_loss":0,"cards_obtained":["Deflect","Malaise"]},{"damage_healed":0,"gold_gain":0,"player_choice":"Opened","damage_taken":0,"relics_obtained":["Prayer Wheel"],"max_hp_gain":0,"max_hp_loss":0,"event_name":"The Mausoleum","floor":22,"gold_loss":0,"cards_obtained":["Writhe"]}],"is_beta":false,"boss_relics":[{"not_picked":["Orrery","Empty Cage"],"picked":"Snecko Eye"}],"items_purged_floors":[13],"is_endless":false,"potions_floor_spawned":[6,11,12,16,20],"killed_by":"Slavers","ascension_level":17}