{"gold_per_floor":[114,39,54,54,69,99,114,144,219,249,264,324,339,39,39,154,154,169,169,94,109,124,154,154,184,214,244,259,304,54,54,54,154,154,169,184,34,49,49,79,94,124,124,154,169,199,76,91,91,91],"floor_reached":51,"playtime":2404,"items_purged":["PanicButton","Strike_B"],"score":1302,"play_id":"c22d943c-02ac-413c-862d-445d2c693032","local_time":"20180712122742","daily_mods":["Allstar","Elite Swarm","Night Terrors"],"is_ascension_mode":false,"campfire_choices":[{"data":"Chrysalis","floor":15,"key":"SMITH"},{"floor":24,"key":"REST"},{"floor":32,"key":"REST"},{"data":"Meteor Strike","floor":49,"key":"SMITH"}],"neow_cost":"","seed_source_timestamp":0,"circlet_count":0,"master_deck":["Strike_B","Strike_B","Defend_B","Defend_B","Defend_B","Defend_B","Zap","Dualcast","Master of Strategy","Chrysalis+1","Dramatic Entrance","Magnetism","Beam Cell","Sunder","Echo Form","Beam Cell","Meteor Strike","Seek","Electrodynamics","Buffer","Necronomicurse","Meteor Strike","Leap+1","Meteor Strike+1","Meteor Strike","Meteor Strike","Injury","Shame","Parasite","Hologram+1","Beam Cell+1","Writhe","Hyperbeam+1","Meteor Strike+1","Buffer","Leap+1","Reinforced Body+1"],"special_seed":17724,"relics":["Cracked Core","Ice Cream","Cables","Dodecahedron","Letter Opener","Bottled Tornado","Matryoshka","Snecko Eye","Necronomicon","Pear","Thread and Needle","Tiny Chest","Bag of Marbles","Toxic Egg 2","Unceasing Top","Bottled Flame","Calling Bell","Oddly Smooth Stone","Kunai","Du-Vu Doll","Anchor","Molten Egg 2","Question Card","Happy Flower","Pantograph","Boot","Orichalcum"],"potions_floor_usage":[8,8,10,12,16,23,25,33,50,50],"damage_taken":[{"damage":1,"enemies":"Cultist","floor":1,"turns":4},{"damage":5,"enemies":"Small Slimes","floor":3,"turns":3},{"damage":0,"enemies":"2 Louse","floor":5,"turns":2},{"damage":20,"enemies":"Gremlin Nob","floor":6,"turns":4},{"damage":14,"enemies":"Blue Slaver","floor":7,"turns":4},{"damage":0,"enemies":"Lagavulin","floor":8,"turns":5},{"damage":0,"enemies":"Gremlin Nob","floor":10,"turns":3},{"damage":0,"enemies":"2 Fungi Beasts","floor":11,"turns":1},{"damage":9,"enemies":"3 Sentries","floor":12,"turns":4},{"damage":0,"enemies":"Large Slime","floor":13,"turns":3},{"damage":10,"enemies":"Hexaghost","floor":16,"turns":8},{"damage":5,"enemies":"3 Byrds","floor":18,"turns":2},{"damage":0,"enemies":"Spheric Guardian","floor":21,"turns":2},{"damage":0,"enemies":"Centurion and Healer","floor":22,"turns":3},{"damage":39,"enemies":"Slavers","floor":23,"turns":5},{"damage":12,"enemies":"Book of Stabbing","floor":25,"turns":2},{"damage":26,"enemies":"Slavers","floor":27,"turns":3},{"damage":14,"enemies":"Slaver and Parasite","floor":28,"turns":3},{"damage":0,"enemies":"Gremlin Leader","floor":29,"turns":5},{"damage":0,"enemies":"Collector","floor":33,"turns":5},{"damage":0,"enemies":"Orb Walker","floor":35,"turns":1},{"damage":0,"enemies":"Flame Bruiser 1 Orb","floor":36,"turns":2},{"damage":0,"enemies":"3 Darklings","floor":38,"turns":2},{"damage":0,"enemies":"Nemesis","floor":40,"turns":3},{"damage":0,"enemies":"4 Shapes","floor":41,"turns":1},{"damage":0,"enemies":"2 Orb Walkers","floor":42,"turns":2},{"damage":0,"enemies":"Nemesis","floor":44,"turns":3},{"damage":0,"enemies":"Spire Growth","floor":45,"turns":1},{"damage":0,"enemies":"Giant Head","floor":46,"turns":3},{"damage":0,"enemies":"Maw","floor":48,"turns":2},{"damage":1,"enemies":"Time Eater","floor":50,"turns":4}],"seed_played":"-4311942942209726919","potions_obtained":[{"floor":6,"key":"SteroidPotion"},{"floor":7,"key":"AttackPotion"},{"floor":8,"key":"Block Potion"},{"floor":11,"key":"SkillPotion"},{"floor":12,"key":"SmokeBomb"},{"floor":18,"key":"Weak Potion"},{"floor":22,"key":"FearPotion"},{"floor":28,"key":"Swift Potion"},{"floor":35,"key":"GamblersBrew"},{"floor":40,"key":"SteroidPotion"},{"floor":41,"key":"FearPotion"}],"is_trial":false,"path_per_floor":["M","$","M","?","M","E","M","E","T","E","M","E","M","$","R","B",null,"M","?","?","M","M","E","R","E","T","E","M","E","$","?","R","B",null,"M","M","$","M","?","E","M","E","T","E","M","E","$","M","R","B"],"character_chosen":"DEFECT","items_purchased":["Matryoshka","SpeedPotion","Bottled Flame","Anchor","Leap+1"],"campfire_rested":2,"item_purchase_floors":[14,14,30,37,47],"current_hp_per_floor":[74,74,69,74,74,54,40,40,40,40,40,31,31,31,31,21,80,75,59,59,59,59,30,85,73,73,47,33,33,33,33,80,80,80,80,80,80,80,80,80,80,80,80,80,80,80,80,80,80,79],"gold":91,"neow_bonus":"","is_prod":false,"is_daily":true,"chose_seed":false,"campfire_upgraded":2,"win_rate":0,"timestamp":1531373262,"path_taken":["M","$","?","?","M","E","M","E","T","E","M","E","M","$","R","BOSS","M","?","?","M","M","E","R","E","T","E","M","E","$","?","R","BOSS","M","M","$","M","?","E","?","E","T","E","?","E","?","M","R","BOSS"],"build_version":"2018-07-10","purchased_purges":2,"victory":true,"max_hp_per_floor":[75,75,75,80,80,80,80,80,80,80,80,80,80,80,80,80,80,80,80,80,80,80,90,85,85,85,85,85,85,85,85,80,80,80,80,80,80,80,80,80,80,80,80,80,80,80,80,80,80,80],"card_choices":[{"not_picked":["Go for the Eyes","Sweeping Beam","Steam"],"picked":"SKIP","floor":1},{"not_picked":["BootSequence","Leap"],"picked":"Beam Cell","floor":3},{"not_picked":["Hello World","Hologram"],"picked":"Sunder","floor":5},{"not_picked":["Reboot","All For One"],"picked":"Echo Form","floor":6},{"not_picked":["Coolheaded","Auto Shields"],"picked":"Beam Cell","floor":7},{"not_picked":["Machine Learning","Buffer"],"picked":"Meteor Strike","floor":8},{"not_picked":["Buffer","Electrodynamics"],"picked":"Seek","floor":10},{"not_picked":["Redo","Rebound","Gash"],"picked":"SKIP","floor":11},{"not_picked":["Amplify","Multi-Cast"],"picked":"Electrodynamics","floor":12},{"not_picked":["Coolheaded","Reprogram","Auto Shields"],"picked":"SKIP","floor":13},{"not_picked":["Machine Learning","Fission"],"picked":"Buffer","floor":16},{"not_picked":["Streamline","Sweeping Beam+1","Beam Cell"],"picked":"SKIP","floor":18},{"not_picked":["Fusion+1","Stack","Electrodynamics"],"picked":"SKIP","floor":21},{"not_picked":["Ball Lightning+1","Turbo+1","Coolheaded+1"],"picked":"SKIP","floor":22},{"not_picked":["Echo Form","Amplify","Reboot"],"picked":"SKIP","floor":23},{"not_picked":["Rainbow","Echo Form"],"picked":"Meteor Strike","floor":25},{"not_picked":["Fission","Electrodynamics","Buffer"],"picked":"SKIP","floor":27},{"not_picked":["Force Field+1","Heatsinks"],"picked":"Leap+1","floor":28},{"not_picked":["Seek+1","Electrodynamics"],"picked":"Meteor Strike","floor":29},{"not_picked":["Machine Learning","Biased Cognition"],"picked":"Meteor Strike","floor":33},{"not_picked":["Defragment+1","Ball Lightning","Loop"],"picked":"SKIP","floor":35},{"not_picked":["Hologram+1","Gash+1","Hello World"],"picked":"SKIP","floor":36},{"not_picked":["Gash+1","Hello World"],"picked":"Hologram+1","floor":36},{"not_picked":["Stack+1","Leap+1"],"picked":"Beam Cell+1","floor":38},{"not_picked":["Multi-Cast+1","Fission+1"],"picked":"Hyperbeam","floor":40},{"not_picked":["Redo+1","Barrage+1","Sweeping Beam+1"],"picked":"SKIP","floor":41},{"not_picked":["Amplify+1","Creative AI"],"picked":"Meteor Strike+1","floor":42},{"not_picked":["Biased Cognition","Thunder Strike+1","Machine Learning","Echo Form"],"picked":"SKIP","floor":44},{"not_picked":["Turbo+1","Lockon+1","Coolheaded+1","Fusion+1"],"picked":"SKIP","floor":45},{"not_picked":["Reboot+1","Amplify+1","All For One+1"],"picked":"Buffer","floor":46},{"not_picked":["Redo+1","Auto Shields+1","Rebound+1"],"picked":"Reinforced Body+1","floor":48}],"player_experience":197614,"relics_obtained":[{"floor":6,"key":"Ice Cream"},{"floor":8,"key":"Cables"},{"floor":9,"key":"Dodecahedron"},{"floor":10,"key":"Letter Opener"},{"floor":12,"key":"Bottled Tornado"},{"floor":19,"key":"Necronomicon"},{"floor":23,"key":"Pear"},{"floor":25,"key":"Thread and Needle"},{"floor":26,"key":"Tiny Chest"},{"floor":26,"key":"Bag of Marbles"},{"floor":27,"key":"Toxic Egg 2"},{"floor":29,"key":"Unceasing Top"},{"floor":34,"key":"Oddly Smooth Stone"},{"floor":34,"key":"Kunai"},{"floor":34,"key":"Du-Vu Doll"},{"floor":40,"key":"Molten Egg 2"},{"floor":42,"key":"Question Card"},{"floor":43,"key":"Happy Flower"},{"floor":43,"key":"Pantograph"},{"floor":44,"key":"Boot"},{"floor":46,"key":"Orichalcum"}],"event_choices":[{"event_name":"Big Fish","player_choice":"Donut","floor":4,"damage_taken":0},{"event_name":"Cursed Tome","player_choice":"Obtained Book","floor":19,"damage_taken":0},{"event_name":"Beggar","player_choice":"Gave Gold","floor":20,"damage_taken":0},{"event_name":"Duplicator","player_choice":"One dupe","floor":31,"damage_taken":0},{"event_name":"Winding Halls","player_choice":"Writhe","floor":39,"damage_taken":0}],"boss_relics":[{"not_picked":["Empty Cage","Sozu"],"picked":"Snecko Eye"},{"not_picked":["Lizard Tail","Tiny House"],"picked":"Calling Bell"}],"items_purged_floors":[2,47],"is_endless":false,"potions_floor_spawned":[6,7,8,11,12,18,22,28,35,40,41,46,48],"ascension_level":0}