{"gold_per_floor":[399,399,399,399,399,399,399,399,399,399,399],"floor_reached":11,"playtime":823,"items_purged":[],"score":735,"play_id":"0658d8f4-e4e8-4526-b2a2-93044e064469","local_time":"20190926115315","is_ascension_mode":true,"campfire_choices":[],"neow_cost":"","seed_source_timestamp":0,"circlet_count":0,"master_deck":["Deep Breath+1","Deep Breath+1","Deep Breath+1","Deep Breath+1","Master of Strategy+1","Master of Strategy+1","Master of Strategy+1","Master of Strategy+1","Master of Strategy+1","Master of Strategy+1","Master of Strategy+1","Master of Strategy+1","Master of Strategy+1","Master of Strategy+1","Panache+1","Panache+1","Terror+1","Well Laid Plans+1","Well Laid Plans+1","Noxious Fumes+1","Infinite Blades+1","Infinite Blades+1","Infinite Blades+1","Footwork+1","Footwork+1","Footwork+1","Footwork+1","Footwork+1","Footwork+1","Footwork+1","Footwork+1","Footwork+1","Blade Dance+1","Blade Dance+1","Blade Dance+1","Blade Dance+1","Cloak And Dagger+1","Cloak And Dagger+1","Cloak And Dagger+1","Cloak And Dagger+1","Cloak And Dagger+1","Cloak And Dagger+1","Cloak And Dagger+1","Cloak And Dagger+1","Cloak And Dagger+1","Cloak And Dagger+1","Cloak And Dagger+1","Choke","Endless Agony","Endless Agony","Envenom"],"relics":["Lizard Tail","Akabeko","Bottled Tornado","Happy Flower","Mummified Hand","Ring of the Serpent","Dodecahedron","Sozu","Shuriken","Shovel","Unceasing Top","WristBlade","WingedGreaves","PrismaticShard","Old Coin","Membership Card","Kunai","Oddly Smooth Stone","Ninja Scroll","Calipers","Yang"],"potions_floor_usage":[],"damage_taken":[{"damage":0,"enemies":"Collector","floor":2,"turns":2},{"damage":13,"enemies":"Snecko and Mystics","floor":3,"turns":3},{"damage":0,"enemies":"The Eyes","floor":4,"turns":1},{"damage":9,"enemies":"Flame Bruiser 2 Orb","floor":5,"turns":2},{"damage":0,"enemies":"Apologetic Slime","floor":6,"turns":1},{"damage":0,"enemies":"Flame Bruiser 1 Orb","floor":7,"turns":2},{"damage":15,"enemies":"Awakened One","floor":8,"turns":4},{"damage":0,"enemies":"Mind Bloom Boss Battle","floor":9,"turns":1},{"damage":0,"enemies":"Mysterious Sphere","floor":10,"turns":2},{"damage":0,"enemies":"Transient","floor":11,"turns":3}],"seed_played":"4272695258900088092","potions_obtained":[],"is_trial":true,"path_per_floor":["M","M","M","M","M","M","M","M","M","M","M"],"character_chosen":"IRONCLAD","items_purchased":[],"campfire_rested":0,"item_purchase_floors":[],"current_hp_per_floor":[68,68,55,55,46,46,46,31,31,31,31],"gold":399,"neow_bonus":"","is_prod":false,"is_daily":false,"chose_seed":false,"campfire_upgraded":0,"win_rate":0,"timestamp":1569523995,"path_taken":["M"],"build_version":"2019-09-25","purchased_purges":0,"victory":false,"max_hp_per_floor":[75,75,75,75,75,75,75,75,75,75,75],"card_choices":[],"player_experience":1038923,"relics_obtained":[],"event_choices":[],"is_beta":true,"boss_relics":[],"items_purged_floors":[],"is_endless":false,"potions_floor_spawned":[],"killed_by":"Transient","ascension_level":20}