{"gold_per_floor":[13,13,13,28,39,39,71,71,71,85,85,145,158,187,187,283,283,302,316,226,243,49,80,80,94,94,104,104,124,124,138,138,235,235,254,265,292,28,41,41,41,66,66,115,128,128,147,164,164,164],"floor_reached":51,"playtime":3727,"items_purged":[],"score":766,"play_id":"0535a6f7-2ed7-45f1-a6d0-d5d8a89e9acb","local_time":"20190927053225","is_ascension_mode":true,"campfire_choices":[{"data":"Skewer","floor":6,"key":"SMITH"},{"data":"Blur","floor":8,"key":"SMITH"},{"floor":11,"key":"REST"},{"floor":15,"key":"REST"},{"floor":24,"key":"REST"},{"floor":28,"key":"REST"},{"data":"Terror","floor":30,"key":"SMITH"},{"floor":32,"key":"REST"},{"floor":40,"key":"REST"},{"floor":49,"key":"REST"}],"neow_cost":"NO_GOLD","seed_source_timestamp":1259339415890800,"circlet_count":0,"master_deck":["Defend_G","Defend_G","Defend_G","Defend_G","Defend_G","Survivor","Neutralize","Skewer+1","Blur+1","Backflip","Riddle With Holes+1","Underhanded Strike","Outmaneuver","Terror+1","Slice","Dagger Spray","Malaise","Distraction+1","Predator+1","Secret Weapon","Dodge and Roll","Well Laid Plans","Footwork","Glass Knife","Dash+1","Deflect+1","Leg Sweep","Acrobatics","Deflect","Dagger Throw+1","Footwork","Choke","Acrobatics+1"],"relics":["Ring of the Snake","The Courier","Happy Flower","Tiny Chest","Sundial","Philosopher\u0027s Stone","Vajra","Ninja Scroll","Sozu","Bag of Marbles","Chemical X","Ornamental Fan","Ice Cream","Pear","Regal Pillow"],"potions_floor_usage":[7,12,14,21,21,21,23,29,29],"damage_taken":[{"damage":0,"enemies":"2 Louse","floor":1,"turns":3},{"damage":1,"enemies":"Small Slimes","floor":4,"turns":5},{"damage":0,"enemies":"Cultist","floor":5,"turns":5},{"damage":23,"enemies":"Lagavulin","floor":7,"turns":8},{"damage":5,"enemies":"Exordium Wildlife","floor":10,"turns":5},{"damage":11,"enemies":"3 Sentries","floor":12,"turns":8},{"damage":13,"enemies":"Lots of Slimes","floor":13,"turns":4},{"damage":0,"enemies":"Lagavulin","floor":14,"turns":5},{"damage":16,"enemies":"Slime Boss","floor":16,"turns":6},{"damage":8,"enemies":"Shell Parasite","floor":18,"turns":2},{"damage":6,"enemies":"Chosen","floor":19,"turns":3},{"damage":1,"enemies":"Centurion and Healer","floor":21,"turns":3},{"damage":36,"enemies":"Slavers","floor":23,"turns":7},{"damage":1,"enemies":"Cultist and Chosen","floor":25,"turns":6},{"damage":0,"enemies":"Snecko","floor":27,"turns":2},{"damage":0,"enemies":"Centurion and Healer","floor":29,"turns":4},{"damage":24,"enemies":"Sentry and Sphere","floor":31,"turns":4},{"damage":50,"enemies":"Collector","floor":33,"turns":11},{"damage":8,"enemies":"3 Shapes","floor":35,"turns":5},{"damage":5,"enemies":"3 Darklings","floor":36,"turns":6},{"damage":14,"enemies":"Maw","floor":39,"turns":6},{"damage":1,"enemies":"Giant Head","floor":42,"turns":8},{"damage":0,"enemies":"Writhing Mass","floor":45,"turns":6},{"damage":24,"enemies":"Transient","floor":47,"turns":5},{"damage":2,"enemies":"4 Shapes","floor":48,"turns":2},{"damage":27,"enemies":"Time Eater","floor":50,"turns":7}],"seed_played":"6587547610318902218","potions_obtained":[{"floor":5,"key":"PowerPotion"},{"floor":10,"key":"EssenceOfSteel"},{"floor":12,"key":"Fire Potion"},{"floor":13,"key":"Strength Potion"},{"floor":18,"key":"EssenceOfSteel"},{"floor":19,"key":"GamblersBrew"},{"floor":25,"key":"Block Potion"},{"floor":27,"key":"Block Potion"}],"is_trial":false,"path_per_floor":["M","?","?","M","M","R","E","R","T","M","R","E","M","E","R","B",null,"M","M","?","M","$","E","R","M","T","M","R","M","R","M","R","B",null,"M","M","T","$","M","R","T","E","T","T","M","?","M","M","R","B",null],"character_chosen":"THE_SILENT","items_purchased":["Secret Weapon","Dodge and Roll","Block Potion","Chemical X","Leg Sweep","Acrobatics","Deflect"],"campfire_rested":7,"item_purchase_floors":[22,22,22,38,38,38,38],"current_hp_per_floor":[70,70,70,69,69,69,46,46,46,41,62,51,38,38,59,43,70,62,56,56,55,55,19,40,39,39,39,60,60,60,36,57,7,70,62,57,57,57,43,64,64,63,73,73,73,73,49,47,80,53],"gold":164,"neow_bonus":"REMOVE_TWO","is_prod":false,"is_daily":false,"chose_seed":false,"campfire_upgraded":3,"win_rate":0,"timestamp":1569576745,"path_taken":["M","?","?","M","M","R","E","R","T","?","R","E","M","E","R","BOSS","M","M","?","?","$","E","R","M","T","M","R","?","R","M","R","BOSS","M","M","?","$","M","R","?","E","T","?","?","?","?","M","R","BOSS"],"build_version":"2019-07-17","purchased_purges":0,"victory":true,"max_hp_per_floor":[70,70,70,70,70,70,70,70,70,70,70,70,70,70,70,70,70,70,70,70,70,70,70,70,70,70,70,70,70,70,70,70,70,70,70,70,70,70,70,70,70,70,80,80,80,80,80,80,80,80],"card_choices":[{"not_picked":["Cloak And Dagger","Expertise"],"picked":"Skewer","floor":1},{"not_picked":["Acrobatics","Eviscerate"],"picked":"Backflip","floor":4},{"not_picked":["Blade Dance","Well Laid Plans"],"picked":"Riddle With Holes","floor":5},{"not_picked":["Dagger Throw","Bane"],"picked":"Underhanded Strike","floor":7},{"not_picked":["Deflect","Masterful Stab"],"picked":"Outmaneuver","floor":10},{"not_picked":["Malaise","Poisoned Stab"],"picked":"Terror","floor":12},{"not_picked":["Finisher","Infinite Blades"],"picked":"Slice","floor":13},{"not_picked":["Blade Dance","Poisoned Stab"],"picked":"Dagger Spray","floor":14},{"not_picked":["Phantasmal Killer","Die Die Die"],"picked":"Malaise","floor":16},{"not_picked":["Catalyst","Caltrops","Noxious Fumes+1"],"picked":"SKIP","floor":18},{"not_picked":["Cloak And Dagger","Underhanded Strike"],"picked":"Distraction+1","floor":19},{"not_picked":["Blur","Quick Slash"],"picked":"Predator+1","floor":21},{"not_picked":["Bullet Time","Noxious Fumes+1","Outmaneuver"],"picked":"SKIP","floor":23},{"not_picked":["Infinite Blades","Blade Dance","Cloak And Dagger"],"picked":"SKIP","floor":25},{"not_picked":["Acrobatics","Cloak And Dagger"],"picked":"Well Laid Plans","floor":27},{"not_picked":["Terror","Blade Dance","Dagger Spray"],"picked":"SKIP","floor":29},{"not_picked":["Deadly Poison","Flechettes"],"picked":"Footwork","floor":31},{"not_picked":["Night Terror","Doppelganger"],"picked":"Glass Knife","floor":33},{"not_picked":["Acrobatics+1","Deadly Poison+1"],"picked":"Dash+1","floor":35},{"not_picked":["Prepared","Slice"],"picked":"Deflect+1","floor":36},{"not_picked":["Masterful Stab","Wraith Form v2"],"picked":"Dagger Throw+1","floor":39},{"not_picked":["Bouncing Flask","Dodge and Roll"],"picked":"Footwork","floor":42},{"not_picked":["All Out Attack+1","Eviscerate+1","Deflect"],"picked":"SKIP","floor":45},{"not_picked":["Footwork","Cloak And Dagger"],"picked":"Choke","floor":47},{"not_picked":["Deadly Poison","Dagger Throw+1"],"picked":"Acrobatics+1","floor":48}],"player_experience":104122,"relics_obtained":[{"floor":7,"key":"The Courier"},{"floor":9,"key":"Happy Flower"},{"floor":12,"key":"Tiny Chest"},{"floor":14,"key":"Sundial"},{"floor":23,"key":"Vajra"},{"floor":26,"key":"Ninja Scroll"},{"floor":37,"key":"Bag of Marbles"},{"floor":41,"key":"Ornamental Fan"},{"floor":42,"key":"Ice Cream"},{"floor":43,"key":"Pear"},{"floor":44,"key":"Regal Pillow"}],"event_choices":[{"damage_healed":0,"gold_gain":0,"cards_transformed":["Strike_G"],"player_choice":"Change","damage_taken":0,"max_hp_gain":0,"max_hp_loss":0,"event_name":"Living Wall","floor":2,"gold_loss":0,"cards_obtained":["Blur"]},{"cards_removed":["Strike_G"],"damage_healed":0,"gold_gain":0,"player_choice":"Offered Basic","damage_taken":0,"max_hp_gain":0,"max_hp_loss":0,"event_name":"Bonfire Elementals","floor":3,"gold_loss":0},{"cards_removed":["Strike_G"],"damage_healed":0,"gold_gain":0,"player_choice":"Upgrade and Remove","damage_taken":0,"max_hp_gain":0,"max_hp_loss":0,"event_name":"Designer","floor":20,"gold_loss":90,"cards_upgraded":["Riddle With Holes"]},{"damage_healed":0,"gold_gain":0,"player_choice":"Got Potions","damage_taken":0,"max_hp_gain":0,"max_hp_loss":0,"event_name":"Lab","floor":46,"gold_loss":0}],"is_beta":false,"boss_relics":[{"not_picked":["Lizard Tail","Coffee Dripper"],"picked":"Philosopher\u0027s Stone"},{"not_picked":["Black Star","Eternal Feather"],"picked":"Sozu"}],"items_purged_floors":[],"is_endless":false,"potions_floor_spawned":[5,10,12,13,18,19,25,27,35,39,42,45],"ascension_level":2}