{"gold_per_floor":[215,215,231,242,242,242,258,258,258,283,208,218,218,235,235,309,309,324,336,336,197,212,239,239,274,274,274,149,164,177,177,177,254,254,268,368,384,399,399,430,430,459,459,492,509,509,509,47,47,47],"floor_reached":51,"playtime":48181,"items_purged":["Strike_B","Pain","Pain","Strike_B"],"score":1221,"play_id":"80054344-0859-4e72-ab25-5e3d7bfb09d6","local_time":"20190207151523","is_ascension_mode":true,"campfire_choices":[{"data":"Dualcast","floor":6.0,"key":"SMITH"},{"floor":8.0,"key":"REST"},{"floor":15.0,"key":"REST"},{"floor":24.0,"key":"REST"},{"floor":32.0,"key":"REST"},{"floor":41,"key":"REST"},{"floor":47,"key":"REST"},{"floor":49,"key":"REST"}],"neow_cost":"NONE","seed_source_timestamp":0,"circlet_count":0,"master_deck":["AscendersBane","Strike_B","Defend_B","Defend_B+1","Defend_B","Defend_B","Zap+1","Dualcast+1","Conserve Battery","Coolheaded","Tempest","Defragment","Defragment","BootSequence","Reinforced Body","Zap+1","Reboot","Electrodynamics","FTL","BootSequence+1","Sunder","Glacier+1","Self Repair","Buffer","Seek","Glacier+1","Biased Cognition","Fusion+1","Seek","Cold Snap","Defragment","Chill","Loop"],"special_seed":0,"relics":["Cracked Core","WarpedTongs","Kunai","Happy Flower","Fusion Hammer","PreservedInsect","Ancient Tea Set","Dead Branch","Blue Candle","Black Star","Pocketwatch","Cables","Incense Burner","War Paint","Mango","Dream Catcher","Question Card","Bird Faced Urn","Bronze Scales"],"potions_floor_usage":[44,45,50,50],"damage_taken":[{"damage":3.0,"enemies":"Jaw Worm","floor":1.0,"turns":4.0},{"damage":0.0,"enemies":"Cultist","floor":3.0,"turns":3.0},{"damage":5.0,"enemies":"Small Slimes","floor":4.0,"turns":3.0},{"damage":5.0,"enemies":"Exordium Thugs","floor":7.0,"turns":4.0},{"damage":16.0,"enemies":"Lagavulin","floor":10.0,"turns":4.0},{"damage":6.0,"enemies":"3 Louse","floor":12.0,"turns":4.0},{"damage":2.0,"enemies":"Looter","floor":14.0,"turns":2.0},{"damage":39.0,"enemies":"Slime Boss","floor":16.0,"turns":9.0},{"damage":10.0,"enemies":"2 Thieves","floor":18.0,"turns":4.0},{"damage":5.0,"enemies":"Chosen","floor":19.0,"turns":4.0},{"damage":5.0,"enemies":"Snecko","floor":22.0,"turns":5.0},{"damage":22.0,"enemies":"Gremlin Leader","floor":23.0,"turns":5.0},{"damage":25.0,"enemies":"Slavers","floor":25.0,"turns":3.0},{"damage":1.0,"enemies":"Centurion and Healer","floor":29.0,"turns":5.0},{"damage":6.0,"enemies":"3 Cultists","floor":30.0,"turns":3.0},{"damage":60.0,"enemies":"Collector","floor":33.0,"turns":8.0},{"damage":1.0,"enemies":"Orb Walker","floor":35.0,"turns":3.0},{"damage":0.0,"enemies":"Mind Bloom Boss Battle","floor":36.0,"turns":8.0},{"damage":0.0,"enemies":"3 Shapes","floor":37.0,"turns":3.0},{"damage":13.0,"enemies":"3 Darklings","floor":38.0,"turns":5.0},{"damage":28.0,"enemies":"Reptomancer","floor":40.0,"turns":7.0},{"damage":10,"enemies":"Giant Head","floor":42,"turns":13},{"damage":13,"enemies":"Reptomancer","floor":44,"turns":5},{"damage":25,"enemies":"Spire Growth","floor":45,"turns":4},{"damage":31,"enemies":"Donu and Deca","floor":50,"turns":13}],"seed_played":"-385904222297618920","potions_obtained":[{"floor":1.0,"key":"LiquidBronze"},{"floor":4.0,"key":"Strength Potion"},{"floor":16.0,"key":"Energy Potion"},{"floor":22.0,"key":"Energy Potion"},{"floor":30.0,"key":"SkillPotion"},{"floor":33.0,"key":"SteroidPotion"},{"floor":37.0,"key":"Explosive Potion"},{"floor":38.0,"key":"LiquidBronze"},{"floor":40,"key":"AttackPotion"},{"floor":44,"key":"AttackPotion"},{"floor":45,"key":"SkillPotion"}],"is_trial":false,"path_per_floor":["M","?","M","M","?","R","M","R","T","E","$","M","?","M","R","B",null,"M","M","?","$","M","E","R","E","T","?","$","M","M","?","R","B",null,"M","?","M","M","?","E","R","E","T","E","M","?","R","$","R","B",null],"character_chosen":"DEFECT","items_purchased":["Sunder","Defragment","Chill","Bronze Scales","Energy Potion"],"campfire_rested":7,"item_purchase_floors":[21,48,48,48,48],"current_hp_per_floor":[65,65,65,60,60,60,55,75,75,59,59,53,53,51,73,34,65,55,50,50,50,45,23,45,20,20,45,45,51,52,52,74,24,62,61,68,75,62,62,41,62,76,76,70,60,60,85,85,85,76],"gold":47,"neow_bonus":"HUNDRED_GOLD","is_prod":false,"is_daily":false,"chose_seed":false,"campfire_upgraded":1,"win_rate":0,"timestamp":1549574123,"path_taken":["M","?","?","M","?","R","?","R","T","E","$","M","?","?","R","BOSS","M","?","?","?","M","E","R","E","T","?","$","M","?","?","R","BOSS","M","?","M","M","?","E","R","E","T","E","M","?","R","$","R","BOSS"],"build_version":"2019-01-23","purchased_purges":4,"victory":true,"max_hp_per_floor":[75,75,75,75,75,75,75,75,75,75,75,75,75,75,75,75,75,75,75,75,75,75,75,75,75,75,75,75,75,75,75,75,75,75,75,75,75,75,71,71,71,85,85,85,85,85,85,85,85,85],"card_choices":[{"not_picked":["Steam Power","Coolheaded"],"picked":"Conserve Battery","floor":1.0},{"not_picked":["Reprogram","Rebound"],"picked":"Coolheaded","floor":3.0},{"not_picked":["Beam Cell","Stack"],"picked":"Tempest","floor":4.0},{"not_picked":["Leap","Coolheaded"],"picked":"Defragment","floor":7.0},{"not_picked":["Storm","Turbo"],"picked":"Defragment","floor":10.0},{"not_picked":["Storm","Blizzard"],"picked":"BootSequence","floor":12.0},{"not_picked":["Streamline","Cold Snap"],"picked":"Reboot","floor":14.0},{"not_picked":["Biased Cognition","Hyperbeam"],"picked":"Electrodynamics","floor":16.0},{"not_picked":["Steam","Force Field"],"picked":"FTL","floor":18.0},{"not_picked":["Go for the Eyes","White Noise"],"picked":"BootSequence+1","floor":19.0},{"not_picked":["Ball Lightning","BootSequence","Beam Cell"],"picked":"SKIP","floor":22.0},{"not_picked":["Steam","Sweeping Beam"],"picked":"Glacier+1","floor":23.0},{"not_picked":["Compile Driver","Heatsinks"],"picked":"Self Repair","floor":25.0},{"not_picked":["Sweeping Beam+1","Skim","Rebound"],"picked":"SKIP","floor":29.0},{"not_picked":["Redo","Go for the Eyes+1"],"picked":"Buffer","floor":30.0},{"not_picked":["Biased Cognition","Fission"],"picked":"Seek","floor":33.0},{"not_picked":["Beam Cell","White Noise","Sunder+1"],"picked":"SKIP","floor":35.0},{"not_picked":["FTL","Force Field"],"picked":"Glacier+1","floor":36.0},{"not_picked":["Sweeping Beam+1","Storm","Gash"],"picked":"SKIP","floor":37.0},{"not_picked":["Steam+1","Go for the Eyes"],"picked":"Biased Cognition","floor":38.0},{"not_picked":["Go for the Eyes","Streamline"],"picked":"Fusion+1","floor":40},{"not_picked":["Beam Cell","Fusion+1","Rip and Tear"],"picked":"SKIP","floor":42},{"not_picked":["Beam Cell","Fusion+1","Rip and Tear"],"picked":"SKIP","floor":42},{"not_picked":["Cold Snap","Turbo"],"picked":"Seek","floor":44},{"not_picked":["Barrage","Conserve Battery","Compile Driver","Sweeping Beam+1"],"picked":"SKIP","floor":45},{"not_picked":["Conserve Battery","Double Energy","Sweeping Beam"],"picked":"Cold Snap","floor":47},{"not_picked":["Conserve Battery","Beam Cell","Sweeping Beam"],"picked":"Loop","floor":49}],"player_experience":1082053,"relics_obtained":[{"floor":9.0,"key":"Kunai"},{"floor":10.0,"key":"Happy Flower"},{"floor":23.0,"key":"Ancient Tea Set"},{"floor":25.0,"key":"Dead Branch"},{"floor":26.0,"key":"Blue Candle"},{"floor":36.0,"key":"Pocketwatch"},{"floor":40,"key":"Cables"},{"floor":40,"key":"Incense Burner"},{"floor":42,"key":"War Paint"},{"floor":42,"key":"Mango"},{"floor":43,"key":"Dream Catcher"},{"floor":44,"key":"Question Card"},{"floor":44,"key":"Bird Faced Urn"}],"event_choices":[{"damage_healed":0.0,"max_hp_gain":0.0,"max_hp_loss":0.0,"gold_gain":0.0,"event_name":"Upgrade Shrine","player_choice":"Upgraded","floor":2.0,"gold_loss":0.0,"damage_taken":0.0,"cards_upgraded":["Zap"]},{"damage_healed":0.0,"max_hp_gain":0.0,"max_hp_loss":0.0,"gold_gain":0.0,"event_name":"Accursed Blacksmith","player_choice":"Rummage","floor":5.0,"gold_loss":0.0,"damage_taken":0.0,"relics_obtained":["WarpedTongs"],"cards_obtained":["Pain"]},{"damage_healed":0.0,"max_hp_gain":0.0,"max_hp_loss":0.0,"gold_gain":0.0,"event_name":"Match and Keep!","player_choice":"3 cards matched","floor":13.0,"gold_loss":0.0,"damage_taken":0.0,"cards_obtained":["Pain","Reinforced Body","Zap"]},{"damage_healed":0.0,"max_hp_gain":0.0,"max_hp_loss":0.0,"gold_gain":0.0,"event_name":"The Mausoleum","player_choice":"Opened","floor":20.0,"gold_loss":0.0,"damage_taken":0.0,"relics_obtained":["PreservedInsect"]},{"damage_healed":25.0,"max_hp_gain":0.0,"max_hp_loss":0.0,"gold_gain":0.0,"event_name":"The Library","player_choice":"Heal","floor":27.0,"gold_loss":0.0,"damage_taken":0.0},{"damage_healed":0.0,"max_hp_gain":0.0,"max_hp_loss":0.0,"gold_gain":0.0,"event_name":"Vampires","player_choice":"Ignored","floor":31.0,"gold_loss":0.0,"damage_taken":0.0},{"damage_healed":0.0,"max_hp_gain":0.0,"max_hp_loss":0.0,"gold_gain":0.0,"event_name":"MindBloom","player_choice":"Fight","floor":36.0,"gold_loss":0.0,"damage_taken":0.0},{"damage_healed":0.0,"max_hp_gain":0.0,"max_hp_loss":4.0,"gold_gain":0.0,"event_name":"Winding Halls","player_choice":"Max HP","floor":39.0,"gold_loss":0.0,"damage_taken":0.0},{"cards_removed":["Strike_B"],"damage_healed":0,"gold_gain":0,"player_choice":"Removed Attack","damage_taken":0,"max_hp_gain":0,"max_hp_loss":0,"event_name":"Falling","floor":46,"gold_loss":0}],"is_beta":false,"boss_relics":[{"not_picked":["Coffee Dripper","Calling Bell"],"picked":"Fusion Hammer"},{"not_picked":["Tiny House","Orrery"],"picked":"Black Star"}],"items_purged_floors":[11,21,28,48],"is_endless":false,"potions_floor_spawned":[1,4,16,22,25,30,33,37,38,40,44,45],"ascension_level":13}