{"gold_per_floor":[116,130,130,130,146,171,171,171,221,235,298,298,298,120,120,248,248,272,272,8,8,21,21,52,52],"floor_reached":25,"playtime":1633,"items_purged":[],"score":238,"play_id":"647efdb9-5105-4f3a-9d5e-431da6370eb9","local_time":"20190426114447","is_ascension_mode":true,"campfire_choices":[{"data":"Armaments","floor":12,"key":"SMITH"},{"floor":15,"key":"REST"},{"floor":23,"key":"REST"}],"neow_cost":"NONE","seed_source_timestamp":516392990306554,"circlet_count":0,"master_deck":["Strike_R","Strike_R","Strike_R","Strike_R","Defend_R","Defend_R","Defend_R","Bash","Trip","Shockwave","Spot Weakness+1","Combust","Dual Wield+1","Armaments+1","Fire Breathing","Twin Strike","Sadistic Nature","Clash","Offering","Shame","Pain","RitualDagger","Magnetism","Armaments","Rupture","True Grit","Hemokinesis+1","True Grit+1"],"relics":["Burning Blood","Omamori","Bag of Marbles","Dream Catcher","Tiny Chest","Golden Idol","Calling Bell","PreservedInsect","Matryoshka","StoneCalendar","War Paint"],"potions_floor_usage":[11,16,16,16,22,24],"damage_taken":[{"damage":1,"enemies":"2 Louse","floor":1,"turns":2},{"damage":0,"enemies":"Small Slimes","floor":2,"turns":2},{"damage":8,"enemies":"Jaw Worm","floor":5,"turns":3},{"damage":39,"enemies":"Lagavulin","floor":6,"turns":5},{"damage":13,"enemies":"Blue Slaver","floor":10,"turns":4},{"damage":32,"enemies":"Gremlin Nob","floor":11,"turns":5},{"damage":38,"enemies":"Hexaghost","floor":16,"turns":8},{"damage":49,"enemies":"Chosen","floor":18,"turns":7},{"damage":32,"enemies":"Shell Parasite","floor":22,"turns":5},{"damage":33,"enemies":"Book of Stabbing","floor":24,"turns":4},{"damage":20,"enemies":"Snake Plant","floor":25,"turns":4}],"seed_played":"5075985806903219060","potions_obtained":[{"floor":2,"key":"LiquidBronze"},{"floor":5,"key":"PowerPotion"},{"floor":6,"key":"SneckoOil"},{"floor":11,"key":"Energy Potion"},{"floor":18,"key":"Regen Potion"},{"floor":22,"key":"Poison Potion"}],"is_trial":false,"path_per_floor":["M","M","?","?","M","E","?","?","T","M","E","R","?","$","R","B",null,"M","?","$","?","M","R","E","M"],"character_chosen":"IRONCLAD","items_purchased":["Sadistic Nature","Magnetism","Armaments","Rupture"],"campfire_rested":2,"item_purchase_floors":[14,20,20,20],"current_hp_per_floor":[80,80,80,73,71,38,31,57,57,50,24,24,24,24,48,16,80,37,31,31,31,19,43,16,0],"gold":52,"neow_bonus":"RANDOM_COLORLESS","is_prod":false,"is_daily":false,"chose_seed":false,"campfire_upgraded":1,"win_rate":0,"timestamp":1556297087,"path_taken":["M","M","?","?","M","E","?","?","T","M","E","R","?","$","R","BOSS","M","?","$","?","M","R","E","M"],"build_version":"2019-01-23","purchased_purges":0,"victory":false,"max_hp_per_floor":[80,80,80,80,80,80,80,80,80,80,80,80,80,80,80,80,80,80,80,80,80,80,80,80,80],"card_choices":[{"not_picked":["Havoc","Perfected Strike"],"picked":"Shockwave","floor":1},{"not_picked":["Havoc","Inflame"],"picked":"Spot Weakness","floor":2},{"not_picked":["Bloodletting","Wild Strike"],"picked":"Dual Wield","floor":5},{"not_picked":["Hemokinesis","Evolve"],"picked":"Armaments","floor":6},{"not_picked":["Bloodletting","Battle Trance"],"picked":"Fire Breathing","floor":10},{"not_picked":["Feel No Pain","Cleave"],"picked":"Twin Strike","floor":11},{"not_picked":["Searing Blow","Spot Weakness"],"picked":"Clash","floor":15},{"not_picked":["Juggernaut","Dark Embrace"],"picked":"Offering","floor":16},{"not_picked":["Juggernaut","Clash","Sword Boomerang"],"picked":"SKIP","floor":18},{"not_picked":["Warcry","Headbutt"],"picked":"True Grit","floor":22},{"not_picked":["Combust","Headbutt"],"picked":"Hemokinesis+1","floor":23},{"not_picked":["Fire Breathing","Disarm+1"],"picked":"True Grit+1","floor":24}],"player_experience":67814,"relics_obtained":[{"floor":6,"key":"Bag of Marbles"},{"floor":9,"key":"Dream Catcher"},{"floor":11,"key":"Tiny Chest"},{"floor":17,"key":"PreservedInsect"},{"floor":17,"key":"Matryoshka"},{"floor":17,"key":"StoneCalendar"},{"floor":24,"key":"War Paint"}],"event_choices":[{"damage_healed":0,"gold_gain":0,"cards_transformed":["Defend_R"],"player_choice":"Change","damage_taken":0,"max_hp_gain":0,"max_hp_loss":0,"event_name":"Living Wall","floor":3,"gold_loss":0,"cards_obtained":["Combust"]},{"damage_healed":0,"gold_gain":0,"player_choice":"Success","damage_taken":7,"relics_obtained":["Omamori"],"max_hp_gain":0,"max_hp_loss":0,"event_name":"Scrap Ooze","floor":4,"gold_loss":0},{"cards_removed":["Strike_R"],"damage_healed":0,"gold_gain":0,"player_choice":"Card Removal","damage_taken":7,"max_hp_gain":0,"max_hp_loss":0,"event_name":"Golden Wing","floor":7,"gold_loss":0},{"damage_healed":26,"gold_gain":0,"player_choice":"Banana","damage_taken":0,"max_hp_gain":0,"max_hp_loss":0,"event_name":"Big Fish","floor":8,"gold_loss":0},{"damage_healed":0,"gold_gain":0,"player_choice":"Take Wound","damage_taken":0,"relics_obtained":["Golden Idol"],"max_hp_gain":0,"max_hp_loss":0,"event_name":"Golden Idol","floor":13,"gold_loss":0,"cards_obtained":["Injury"]},{"damage_healed":0,"gold_gain":0,"player_choice":"Joined the Cult","damage_taken":6,"max_hp_gain":0,"max_hp_loss":0,"event_name":"Nest","floor":19,"gold_loss":0,"cards_obtained":["RitualDagger"]},{"damage_healed":0,"gold_gain":0,"player_choice":"Ignored","damage_taken":0,"max_hp_gain":0,"max_hp_loss":0,"event_name":"Vampires","floor":21,"gold_loss":0}],"is_beta":false,"boss_relics":[{"not_picked":["Mark of Pain","Ectoplasm"],"picked":"Calling Bell"}],"items_purged_floors":[],"is_endless":false,"potions_floor_spawned":[2,5,6,10,11,18,22],"killed_by":"Snake Plant","ascension_level":1}