{"gold_per_floor":[119,130,143,143,157,184,184,214,238,271,271,282,282,300,300,398,398,411,424,424,5,22,49,49,61,87,101,101,101,136,46,46,149,149,163,163,263,279,290,290,290,290,290,290,290,290,0,20,20,20],"floor_reached":50,"playtime":3503,"items_purged":["Strike_P"],"score":602,"play_id":"db7cf3b2-5822-4db7-adeb-ac752f822e7c","local_time":"20190928192015","is_ascension_mode":false,"campfire_choices":[{"floor":7,"key":"REST"},{"floor":15,"key":"REST"},{"data":"Conclude","floor":24,"key":"SMITH"},{"floor":28,"key":"REST"},{"floor":32,"key":"REST"},{"floor":40,"key":"REST"},{"data":"Establishment","floor":42,"key":"SMITH"},{"floor":44,"key":"RECALL"},{"floor":49,"key":"REST"}],"neow_cost":"NONE","seed_source_timestamp":1395644350016300,"circlet_count":0,"master_deck":["Strike_P+1","Defend_P","Defend_P+1","Defend_P","Defend_P+1","Eruption+1","Vigilance+1","EmptyFist","EmptyBody","Perseverance+1","SashWhip","WindmillStrike","Crescendo+1","Conclude+1","CrushJoints","SignatureMove","LessonLearned+1","FlowState+1","Protect","Worship","MasterReality+1","Evaluate","DevaForm","Crescendo+1","BattleHymn","Consecrate+1","ThirdEye","WindmillStrike","Establishment+1","DeceiveReality+1","ForeignInfluence+1","EmptyFist+1","Indignation+1","Protect+1"],"relics":["HolyWater","Anchor","Whetstone","Bag of Preparation","Boot","Ice Cream","Happy Flower","Toy Ornithopter","Blood Vial","Peace Pipe","Empty Cage","Du-Vu Doll","Strawberry","Potion Belt","Red Mask"],"potions_floor_usage":[6,16,22,23,30,33,39,41],"damage_taken":[{"damage":9,"enemies":"Jaw Worm","floor":1,"turns":2},{"damage":0,"enemies":"2 Louse","floor":2,"turns":2},{"damage":0,"enemies":"Small Slimes","floor":3,"turns":2},{"damage":9,"enemies":"3 Louse","floor":5,"turns":3},{"damage":6,"enemies":"Lagavulin","floor":6,"turns":7},{"damage":9,"enemies":"3 Sentries","floor":8,"turns":8},{"damage":10,"enemies":"Gremlin Nob","floor":10,"turns":3},{"damage":0,"enemies":"Red Slaver","floor":12,"turns":2},{"damage":0,"enemies":"Gremlin Gang","floor":14,"turns":1},{"damage":0,"enemies":"Slime Boss","floor":16,"turns":6},{"damage":0,"enemies":"Shell Parasite","floor":18,"turns":2},{"damage":5,"enemies":"Spheric Guardian","floor":19,"turns":3},{"damage":0,"enemies":"Centurion and Healer","floor":22,"turns":3},{"damage":36,"enemies":"Book of Stabbing","floor":23,"turns":7},{"damage":1,"enemies":"Snecko","floor":25,"turns":3},{"damage":0,"enemies":"Snake Plant","floor":27,"turns":2},{"damage":25,"enemies":"Slavers","floor":30,"turns":4},{"damage":66,"enemies":"Automaton","floor":33,"turns":7},{"damage":0,"enemies":"3 Shapes","floor":35,"turns":4},{"damage":0,"enemies":"Mind Bloom Boss Battle","floor":37,"turns":5},{"damage":25,"enemies":"3 Darklings","floor":38,"turns":4},{"damage":6,"enemies":"Transient","floor":39,"turns":5},{"damage":0,"enemies":"Writhing Mass","floor":41,"turns":2},{"damage":17,"enemies":"Maw","floor":48,"turns":5},{"damage":107,"enemies":"Awakened One","floor":50,"turns":5}],"seed_played":"1765571617888943315","potions_obtained":[{"floor":1,"key":"Ancient Potion"},{"floor":2,"key":"PowerPotion"},{"floor":5,"key":"LiquidBronze"},{"floor":8,"key":"Block Potion"},{"floor":14,"key":"Explosive Potion"},{"floor":16,"key":"GamblersBrew"},{"floor":18,"key":"Explosive Potion"},{"floor":27,"key":"Dexterity Potion"},{"floor":30,"key":"SmokeBomb"},{"floor":35,"key":"Ancient Potion"},{"floor":38,"key":"FearPotion"}],"is_trial":false,"path_per_floor":["M","M","M","?","M","E","R","E","T","E","?","M","?","M","R","B",null,"M","M","?","$","M","E","R","M","T","M","R","?","E","$","R","B",null,"M","?","?","M","M","R","M","R","T","R","?","T","?","M","R","B"],"character_chosen":"WATCHER","items_purchased":["Worship","MasterReality","Happy Flower","BottledMiracle","ThirdEye","WindmillStrike"],"campfire_rested":6,"item_purchase_floors":[21,21,21,21,31,31],"current_hp_per_floor":[70,70,70,63,54,48,71,62,62,52,36,36,41,41,66,66,84,84,79,79,79,79,43,43,42,42,44,69,69,51,51,76,17,84,84,84,84,59,60,84,84,84,91,91,91,91,91,74,91,0],"gold":20,"neow_bonus":"TEN_PERCENT_HP_BONUS","is_prod":false,"is_daily":false,"chose_seed":false,"campfire_upgraded":2,"win_rate":0.0,"timestamp":1569712815,"path_taken":["M","M","M","?","M","E","R","E","T","E","?","M","?","M","R","BOSS","M","M","?","$","?","E","R","?","T","?","R","?","E","?","R","BOSS","M","?","?","M","?","R","M","R","T","R","?","?","?","M","R","BOSS"],"build_version":"2019-09-27","purchased_purges":1,"victory":false,"max_hp_per_floor":[79,79,79,79,79,79,79,79,79,79,79,79,84,84,84,84,84,84,84,84,84,84,84,84,84,84,84,84,84,84,84,84,84,84,84,84,84,84,84,84,84,84,91,91,91,91,91,91,91,91],"card_choices":[{"not_picked":["Crescendo","FollowUp"],"picked":"EmptyFist","floor":1},{"not_picked":["Halt","FlurryOfBlows"],"picked":"EmptyBody","floor":2},{"not_picked":["Evaluate","Weave"],"picked":"Perseverance","floor":3},{"not_picked":["FlyingSleeves","Nirvana"],"picked":"SashWhip","floor":5},{"not_picked":["DeceiveReality","SashWhip"],"picked":"WindmillStrike","floor":6},{"not_picked":["FlyingSleeves","FlurryOfBlows"],"picked":"Crescendo","floor":8},{"not_picked":["SandsOfTime","Fasting"],"picked":"Conclude","floor":10},{"not_picked":["Weave","SashWhip"],"picked":"CrushJoints","floor":12},{"not_picked":["EmptyFist","WaveOfTheHand"],"picked":"SignatureMove","floor":14},{"not_picked":["Pray","ReachHeaven"],"picked":"LessonLearned","floor":16},{"not_picked":["SashWhip","Protect"],"picked":"FlowState+1","floor":18},{"not_picked":["Crescendo","Weave"],"picked":"Protect","floor":19},{"not_picked":["ForeignInfluence","Halt"],"picked":"Evaluate","floor":22},{"not_picked":["InnerPeace","ClearTheMind"],"picked":"DevaForm","floor":23},{"not_picked":["Tantrum","PathToVictory"],"picked":"Crescendo+1","floor":25},{"not_picked":["CrushJoints","FlurryOfBlows"],"picked":"Collect","floor":27},{"not_picked":["Weave","CrushJoints+1"],"picked":"Consecrate+1","floor":30},{"not_picked":["Brilliance","Pray"],"picked":"Establishment","floor":33},{"not_picked":["ThirdEye+1","Crescendo"],"picked":"DeceiveReality+1","floor":35},{"not_picked":["CrushJoints+1","CarveReality"],"picked":"ForeignInfluence+1","floor":37},{"not_picked":["Protect","ThirdEye"],"picked":"EmptyFist+1","floor":38},{"not_picked":["FollowUp+1","ThirdEye"],"picked":"Indignation+1","floor":39},{"not_picked":["Sanctity+1","WindmillStrike+1"],"picked":"Protect+1","floor":48}],"player_experience":176847,"relics_obtained":[{"floor":6,"key":"Whetstone"},{"floor":8,"key":"Bag of Preparation"},{"floor":10,"key":"Boot"},{"floor":23,"key":"Toy Ornithopter"},{"floor":26,"key":"Blood Vial"},{"floor":30,"key":"Peace Pipe"},{"floor":37,"key":"Du-Vu Doll"},{"floor":43,"key":"Strawberry"},{"floor":46,"key":"Potion Belt"}],"event_choices":[{"damage_healed":0,"gold_gain":0,"player_choice":"Success","damage_taken":7,"relics_obtained":["Anchor"],"max_hp_gain":0,"max_hp_loss":0,"event_name":"Scrap Ooze","floor":4,"gold_loss":0},{"damage_healed":0,"gold_gain":0,"player_choice":"Entered Light","damage_taken":16,"max_hp_gain":0,"max_hp_loss":0,"event_name":"Shining Light","floor":11,"gold_loss":0,"cards_upgraded":["Defend_P","Perseverance"]},{"damage_healed":0,"gold_gain":0,"player_choice":"Donut","damage_taken":0,"max_hp_gain":5,"max_hp_loss":0,"event_name":"Big Fish","floor":13,"gold_loss":0},{"damage_healed":0,"gold_gain":0,"player_choice":"Gave Potion","damage_taken":0,"relics_obtained":["Ice Cream"],"max_hp_gain":0,"max_hp_loss":0,"event_name":"WeMeetAgain","floor":20,"gold_loss":0},{"damage_healed":0,"gold_gain":0,"player_choice":"Read","damage_taken":0,"max_hp_gain":0,"max_hp_loss":0,"event_name":"The Library","floor":29,"gold_loss":0,"cards_obtained":["BattleHymn"]},{"cards_removed":["Collect"],"damage_healed":0,"gold_gain":0,"player_choice":"Removed Skill","damage_taken":0,"max_hp_gain":0,"max_hp_loss":0,"event_name":"Falling","floor":36,"gold_loss":0},{"damage_healed":0,"gold_gain":0,"player_choice":"Fight","damage_taken":0,"max_hp_gain":0,"max_hp_loss":0,"event_name":"MindBloom","floor":37,"gold_loss":0},{"damage_healed":0,"gold_gain":0,"player_choice":"Ignored","damage_taken":0,"max_hp_gain":0,"max_hp_loss":0,"event_name":"Mysterious Sphere","floor":45,"gold_loss":0},{"damage_healed":0,"gold_gain":0,"player_choice":"Paid","damage_taken":0,"relics_obtained":["Red Mask"],"max_hp_gain":0,"max_hp_loss":0,"event_name":"Tomb of Lord Red Mask","floor":47,"gold_loss":290}],"is_beta":true,"boss_relics":[{"not_picked":["Pandora\u0027s Box","Cursed Key"],"picked":"HolyWater"},{"not_picked":["Black Star","Runic Pyramid"],"picked":"Empty Cage"}],"items_purged_floors":[21],"is_endless":false,"potions_floor_spawned":[1,2,5,8,14,16,18,19,27,30,35,38,41],"killed_by":"Awakened One","ascension_level":0}