{"gold_per_floor":[114,130,130,55,5,38,53,68,68,68,18,51,63,78,78,78],"floor_reached":16,"playtime":476,"items_purged":["Strike_R","Regret"],"score":171,"play_id":"b646788b-aba9-46c7-b4f7-a643ef9328b7","local_time":"20190611105523","is_ascension_mode":true,"campfire_choices":[{"data":"Armaments","floor":15,"key":"SMITH"}],"neow_cost":"NONE","seed_source_timestamp":175803819843225,"circlet_count":0,"master_deck":["Strike_R","Strike_R","Strike_R","Defend_R","Defend_R","Defend_R","Bash","Armaments+1","Flame Barrier","Flame Barrier"],"relics":["Burning Blood","NeowsBlessing","Smiling Mask","Paper Frog","Torii","Gremlin Horn"],"potions_floor_usage":[12,16,16],"damage_taken":[{"damage":0,"enemies":"Jaw Worm","floor":1,"turns":1},{"damage":0,"enemies":"2 Louse","floor":2,"turns":1},{"damage":0,"enemies":"3 Sentries","floor":6,"turns":2},{"damage":0,"enemies":"Cultist","floor":7,"turns":4},{"damage":27,"enemies":"Lots of Slimes","floor":8,"turns":6},{"damage":36,"enemies":"Gremlin Nob","floor":12,"turns":5},{"damage":7,"enemies":"2 Fungi Beasts","floor":13,"turns":7},{"damage":1,"enemies":"Blue Slaver","floor":14,"turns":7},{"damage":38,"enemies":"Slime Boss","floor":16,"turns":7}],"seed_played":"3949353963391532131","potions_obtained":[{"floor":1,"key":"EssenceOfSteel"},{"floor":2,"key":"Swift Potion"},{"floor":8,"key":"Weak Potion"},{"floor":12,"key":"Explosive Potion"}],"is_trial":false,"path_per_floor":["M","M","?","$","?","E","M","M","T","?","$","E","M","M","R","B"],"character_chosen":"IRONCLAD","items_purchased":[],"campfire_rested":0,"item_purchase_floors":[],"current_hp_per_floor":[80,80,80,80,80,80,80,59,59,59,59,29,28,33,33,0],"gold":78,"neow_bonus":"THREE_ENEMY_KILL","is_prod":false,"is_daily":false,"chose_seed":false,"campfire_upgraded":1,"win_rate":0,"timestamp":1560243323,"path_taken":["M","M","?","$","?","E","M","M","T","?","?","E","?","M","R","BOSS"],"build_version":"2019-01-23","purchased_purges":2,"victory":false,"max_hp_per_floor":[80,80,80,80,80,80,80,80,80,80,80,80,80,80,80,80],"card_choices":[{"not_picked":["Carnage","Heavy Blade","Warcry"],"picked":"SKIP","floor":1},{"not_picked":["Dual Wield","Wild Strike"],"picked":"Armaments","floor":2},{"not_picked":["True Grit","Feel No Pain"],"picked":"Flame Barrier","floor":6},{"not_picked":["Thunderclap","True Grit","Pummel"],"picked":"SKIP","floor":7},{"not_picked":["Flex","Ghostly Armor","Sword Boomerang"],"picked":"SKIP","floor":8},{"not_picked":["Fiend Fire","Searing Blow","Clothesline"],"picked":"SKIP","floor":12},{"not_picked":["Sword Boomerang","Twin Strike","Heavy Blade"],"picked":"SKIP","floor":13},{"not_picked":["Thunderclap","Ghostly Armor"],"picked":"Flame Barrier","floor":14}],"player_experience":250818,"relics_obtained":[{"floor":6,"key":"Smiling Mask"},{"floor":9,"key":"Paper Frog"},{"floor":12,"key":"Gremlin Horn"}],"event_choices":[{"cards_removed":["Strike_R"],"damage_healed":0,"gold_gain":0,"player_choice":"Forget","damage_taken":0,"max_hp_gain":0,"max_hp_loss":0,"event_name":"Living Wall","floor":3,"gold_loss":0},{"cards_removed":["Defend_R"],"damage_healed":0,"gold_gain":0,"player_choice":"Card Removal","damage_taken":0,"max_hp_gain":0,"max_hp_loss":0,"event_name":"The Cleric","floor":5,"gold_loss":50},{"damage_healed":0,"gold_gain":0,"player_choice":"Box","damage_taken":0,"relics_obtained":["Torii"],"max_hp_gain":0,"max_hp_loss":0,"event_name":"Big Fish","floor":10,"gold_loss":0,"cards_obtained":["Regret"]}],"is_beta":false,"boss_relics":[],"items_purged_floors":[4,11],"is_endless":false,"potions_floor_spawned":[1,2,8,12],"killed_by":"Slime Boss","ascension_level":5}