{"gold_per_floor":[110,185,200,125,125,125,125,125,151,161,193,193,213,61,61,158,158,173,173,273,273,76,76,108,108,108,108,128,128,128,145,145,244,244,256,131,148,148,161,161,194,194,221,221,238,249,249],"floor_reached":47,"playtime":7131,"items_purged":["Strike_G","Strike_G","Strike_G+1"],"score":727,"play_id":"22922857-06f3-4684-adb6-6fa862d4c36d","local_time":"20181021232806","is_ascension_mode":true,"campfire_choices":[{"floor":6.0,"key":"REST"},{"data":"Neutralize","floor":8.0,"key":"SMITH"},{"floor":12.0,"key":"REST"},{"data":"Burst","floor":15,"key":"SMITH"},{"data":"Cloak And Dagger","floor":23,"key":"SMITH"},{"floor":25,"key":"REST"},{"floor":30,"key":"REST"},{"floor":32,"key":"REST"},{"floor":40,"key":"REST"},{"data":"Accuracy","floor":42,"key":"SMITH"}],"neow_cost":"NONE","seed_source_timestamp":0,"circlet_count":0,"master_deck":["Defend_G+1","Defend_G+1","Defend_G+1","Defend_G+1","Defend_G+1","Strike_G+1","Survivor","Neutralize+1","AscendersBane","Accuracy+1","Blade Dance","Burst+1","Blade Dance","Cloak And Dagger+1","Glass Knife","Cloak And Dagger","Conserve Battery","Body Slam+1","Doppelganger","Jack Of All Trades+1","Disarm+1","Good Instincts+1","Tempest+1","Anger+1"],"special_seed":0,"relics":["WristBlade","Strawberry","Pen Nib","Centennial Puzzle","Sozu","PrismaticShard","Turnip","Molten Egg 2","MutagenicStrength","Eternal Feather","Prayer Wheel","Potion Belt","Snake Skull"],"potions_floor_usage":[],"damage_taken":[{"damage":4.0,"enemies":"2 Louse","floor":1.0,"turns":4.0},{"damage":5.0,"enemies":"Jaw Worm","floor":3.0,"turns":5.0},{"damage":8.0,"enemies":"Small Slimes","floor":10.0,"turns":7.0},{"damage":11.0,"enemies":"Gremlin Nob","floor":11.0,"turns":4.0},{"damage":2.0,"enemies":"2 Fungi Beasts","floor":13.0,"turns":3.0},{"damage":23,"enemies":"Hexaghost","floor":16,"turns":12},{"damage":0,"enemies":"Chosen","floor":18,"turns":4},{"damage":55,"enemies":"Gremlin Leader","floor":24,"turns":8},{"damage":9,"enemies":"2 Thieves","floor":28,"turns":3},{"damage":0,"enemies":"Snecko","floor":31,"turns":4},{"damage":53,"enemies":"Automaton","floor":33,"turns":11},{"damage":12,"enemies":"3 Darklings","floor":35,"turns":4},{"damage":1,"enemies":"3 Shapes","floor":37,"turns":6},{"damage":0,"enemies":"Mind Bloom Boss Battle","floor":38,"turns":6},{"damage":24,"enemies":"Maw","floor":39,"turns":9},{"damage":14,"enemies":"Giant Head","floor":41,"turns":7},{"damage":26,"enemies":"Spire Growth","floor":45,"turns":5},{"damage":37,"enemies":"Writhing Mass","floor":46,"turns":6},{"damage":20,"enemies":"Reptomancer","floor":47,"turns":2}],"seed_played":"6302935162098541811","potions_obtained":[{"floor":1.0,"key":"GamblersBrew"},{"floor":3.0,"key":"Energy Potion"},{"floor":11.0,"key":"FairyPotion"}],"is_trial":false,"path_per_floor":["M","?","M","$","?","R","?","R","T","M","E","R","M","$","R","B",null,"M","?","?","?","$","R","E","R","T","?","M","?","R","M","R","B",null,"M","$","M","?","M","R","E","R","T","?","M","M"],"character_chosen":"THE_SILENT","items_purchased":["Cloak And Dagger","PrismaticShard"],"campfire_rested":6,"item_purchase_floors":[14,22],"current_hp_per_floor":[59,48,43,43,32,55,55,55,55,47,36,59,57,57,57,34,66,66,66,66,66,66,66,11,34,34,34,25,25,48,48,71,18,62,50,50,49,49,25,60,46,58,58,58,32,2,0],"gold":249,"neow_bonus":"BOSS_RELIC","is_prod":false,"is_daily":false,"chose_seed":false,"campfire_upgraded":4,"win_rate":0,"timestamp":1540182486,"path_taken":["M","?","M","$","?","R","?","R","T","M","E","R","M","?","R","BOSS","M","?","?","?","$","R","E","R","T","?","M","?","R","M","R","BOSS","M","$","M","?","M","R","E","R","T","?","M","M","E"],"build_version":"2018-10-18","purchased_purges":3,"victory":false,"max_hp_per_floor":[70,70,70,70,77,77,77,77,77,77,77,77,77,77,77,77,77,77,77,77,77,77,77,77,77,77,77,77,77,77,77,77,77,77,77,77,77,77,77,77,77,77,77,77,77,77,77],"card_choices":[{"not_picked":["Choke","Backflip"],"picked":"Accuracy","floor":1.0},{"not_picked":["Dagger Spray","Flying Knee","Escape Plan"],"picked":"SKIP","floor":3.0},{"not_picked":["Backflip","Bane"],"picked":"Blade Dance","floor":10.0},{"not_picked":["Reflex","Heel Hook"],"picked":"Burst","floor":11.0},{"not_picked":["Poisoned Stab","Finisher"],"picked":"Blade Dance","floor":13},{"not_picked":["Unload","Grand Finale"],"picked":"Glass Knife","floor":16},{"not_picked":["Underhanded Strike","Heel Hook","Acrobatics"],"picked":"SKIP","floor":18},{"not_picked":["Rainbow","Second Wind+1","Flying Knee+1"],"picked":"SKIP","floor":24},{"not_picked":["Dash+1","Stack"],"picked":"Conserve Battery","floor":28},{"not_picked":["Armaments","Underhanded Strike+1"],"picked":"Body Slam+1","floor":31},{"not_picked":["Brutality","HandOfGreed+1"],"picked":"Doppelganger","floor":33},{"not_picked":["Storm+1","Clothesline+1"],"picked":"Jack Of All Trades+1","floor":35},{"not_picked":["Acrobatics+1","Flex","Reckless Charge+1"],"picked":"SKIP","floor":37},{"not_picked":["Flying Knee+1","Underhanded Strike+1"],"picked":"Disarm+1","floor":39},{"not_picked":["Distraction","Barrage+1","Cold Snap+1"],"picked":"SKIP","floor":39},{"not_picked":["Master of Strategy","Thunderclap+1"],"picked":"Good Instincts+1","floor":41},{"not_picked":["Gash+1","Heavy Blade+1"],"picked":"Tempest+1","floor":45},{"not_picked":["Cloak And Dagger","Wild Strike+1"],"picked":"Anger+1","floor":45},{"not_picked":["Steam","Clash+1","Skim"],"picked":"SKIP","floor":46},{"not_picked":["Transmutation","Underhanded Strike+1","Bane+1"],"picked":"SKIP","floor":46}],"player_experience":814031,"relics_obtained":[{"floor":9.0,"key":"Pen Nib"},{"floor":11.0,"key":"Centennial Puzzle"},{"floor":24,"key":"Turnip"},{"floor":26,"key":"Molten Egg 2"},{"floor":38,"key":"Prayer Wheel"},{"floor":41,"key":"Potion Belt"},{"floor":43,"key":"Snake Skull"}],"event_choices":[{"damage_healed":0.0,"max_hp_gain":0.0,"max_hp_loss":0.0,"gold_gain":75.0,"event_name":"World of Goop","player_choice":"Gather Gold","floor":2.0,"gold_loss":0.0,"damage_taken":11.0},{"damage_healed":0.0,"max_hp_gain":0.0,"max_hp_loss":0.0,"gold_gain":0.0,"event_name":"Scrap Ooze","player_choice":"Success","floor":5.0,"gold_loss":0.0,"damage_taken":18.0,"relics_obtained":["Strawberry"]},{"damage_healed":0.0,"max_hp_gain":0.0,"max_hp_loss":0.0,"gold_gain":0.0,"event_name":"Liars Game","player_choice":"Ignored","floor":7.0,"gold_loss":0.0,"damage_taken":0.0},{"cards_removed":["Strike_G"],"damage_healed":0,"gold_gain":0,"player_choice":"Purged","damage_taken":0,"max_hp_gain":0,"max_hp_loss":0,"event_name":"Purifier","floor":19,"gold_loss":0},{"damage_healed":0,"gold_gain":100,"player_choice":"Pray","damage_taken":0,"max_hp_gain":0,"max_hp_loss":0,"event_name":"Golden Shrine","floor":20,"gold_loss":0},{"damage_healed":0,"gold_gain":0,"player_choice":"Read","damage_taken":0,"max_hp_gain":0,"max_hp_loss":0,"event_name":"The Library","floor":21,"gold_loss":0,"cards_obtained":["Cloak And Dagger"]},{"damage_healed":0,"gold_gain":0,"player_choice":"Inject Mutagens","damage_taken":0,"relics_obtained":["MutagenicStrength"],"max_hp_gain":0,"max_hp_loss":0,"event_name":"Drug Dealer","floor":27,"gold_loss":0},{"damage_healed":0,"gold_gain":0,"player_choice":"Simplicity","damage_taken":0,"max_hp_gain":0,"max_hp_loss":0,"event_name":"Back to Basics","floor":29,"gold_loss":0,"cards_upgraded":["Defend_G","Defend_G","Defend_G","Defend_G","Defend_G","Strike_G","Strike_G"]},{"damage_healed":0,"gold_gain":0,"player_choice":"Fight","damage_taken":0,"max_hp_gain":0,"max_hp_loss":0,"event_name":"MindBloom","floor":38,"gold_loss":0},{"damage_healed":0,"gold_gain":0,"player_choice":"Ignored","damage_taken":0,"max_hp_gain":0,"max_hp_loss":0,"event_name":"Tomb of Lord Red Mask","floor":44,"gold_loss":0}],"is_beta":false,"boss_relics":[{"not_picked":["Orrery","Ectoplasm"],"picked":"Sozu"},{"not_picked":["Snecko Eye","White Beast Statue"],"picked":"Eternal Feather"}],"items_purged_floors":[4,14,36],"is_endless":false,"potions_floor_spawned":[1,3,11,18,31,33,37,39,41,46],"killed_by":"Reptomancer","ascension_level":11}