{"gold_per_floor":[19,39,50,60,60,93,93,112,112,124,156,156,175,192,192,266,266,276,296,47,66,46,46,46,46],"floor_reached":25,"playtime":1408,"items_purged":[],"score":434,"play_id":"405d2689-0c00-4055-8a23-4e998928a42e","local_time":"20190502194806","is_ascension_mode":true,"campfire_choices":[{"floor":7,"key":"REST"},{"data":"Biased Cognition","floor":12,"key":"SMITH"},{"data":"Consume","floor":15,"key":"SMITH"},{"floor":23,"key":"REST"}],"neow_cost":"NO_GOLD","seed_source_timestamp":935321528859479,"circlet_count":0,"master_deck":["AscendersBane","Strike_B","Strike_B","Strike_B","Strike_B","Defend_B","Defend_B","Defend_B","Defend_B","Zap","Dualcast","Electrodynamics","Go for the Eyes","Cold Snap","Ball Lightning","Sunder","Chill","Biased Cognition+1","Steam","Conserve Battery","Consume+1","Seek","Glacier","Compile Driver","Fusion","Creative AI"],"relics":["Cracked Core","Bottled Tornado","Matryoshka","Shuriken","Snecko Eye","PreservedInsect"],"potions_floor_usage":[11,16,16,21,25,25],"damage_taken":[{"damage":3,"enemies":"2 Louse","floor":1,"turns":2},{"damage":7,"enemies":"Jaw Worm","floor":2,"turns":3},{"damage":1,"enemies":"Cultist","floor":3,"turns":3},{"damage":9,"enemies":"2 Fungi Beasts","floor":4,"turns":3},{"damage":20,"enemies":"3 Sentries","floor":6,"turns":4},{"damage":0,"enemies":"3 Louse","floor":8,"turns":1},{"damage":7,"enemies":"Lots of Slimes","floor":10,"turns":2},{"damage":6,"enemies":"Gremlin Nob","floor":11,"turns":3},{"damage":0,"enemies":"2 Fungi Beasts","floor":13,"turns":2},{"damage":8,"enemies":"Blue Slaver","floor":14,"turns":3},{"damage":18,"enemies":"The Guardian","floor":16,"turns":13},{"damage":0,"enemies":"Spheric Guardian","floor":18,"turns":4},{"damage":14,"enemies":"Shell Parasite","floor":19,"turns":5},{"damage":28,"enemies":"Centurion and Healer","floor":21,"turns":11},{"damage":41,"enemies":"Book of Stabbing","floor":25,"turns":5}],"seed_played":"-5358448539797329292","potions_obtained":[{"floor":1,"key":"SteroidPotion"},{"floor":6,"key":"LiquidBronze"},{"floor":14,"key":"Block Potion"},{"floor":16,"key":"EssenceOfSteel"},{"floor":19,"key":"EssenceOfSteel"},{"floor":22,"key":"SkillPotion"}],"is_trial":false,"path_per_floor":["M","M","M","M","?","E","R","M","T","M","E","R","M","M","R","B",null,"M","M","$","M","?","R","$","E"],"character_chosen":"DEFECT","items_purchased":["PreservedInsect","Fusion"],"campfire_rested":2,"item_purchase_floors":[20,20],"current_hp_per_floor":[61,54,53,44,49,29,51,51,51,44,38,38,38,30,30,12,60,60,46,46,18,18,40,40,0],"gold":46,"neow_bonus":"THREE_RARE_CARDS","is_prod":false,"is_daily":false,"chose_seed":false,"campfire_upgraded":2,"win_rate":0,"timestamp":1556840886,"path_taken":["M","M","M","M","?","E","R","M","T","M","E","R","M","M","R","BOSS","M","M","$","M","?","R","?","E"],"build_version":"2019-01-23","purchased_purges":0,"victory":false,"max_hp_per_floor":[71,71,71,71,76,76,76,76,76,76,76,76,76,76,76,76,76,76,76,76,76,76,76,76,76],"card_choices":[{"not_picked":["Echo Form","Biased Cognition"],"picked":"Electrodynamics","floor":0},{"not_picked":["Reprogram","Beam Cell"],"picked":"Go for the Eyes","floor":1},{"not_picked":["Tempest","Beam Cell"],"picked":"Cold Snap","floor":2},{"not_picked":["Darkness","Compile Driver"],"picked":"Ball Lightning","floor":3},{"not_picked":["Recycle","Leap"],"picked":"Sunder","floor":4},{"not_picked":["Rebound","Leap"],"picked":"Chill","floor":6},{"not_picked":["Go for the Eyes","Storm","Hologram"],"picked":"SKIP","floor":8},{"not_picked":["Ball Lightning","Steam"],"picked":"Biased Cognition","floor":10},{"not_picked":["Compile Driver","Beam Cell"],"picked":"Steam","floor":11},{"not_picked":["Leap","Electrodynamics"],"picked":"Conserve Battery","floor":13},{"not_picked":["Gash","Barrage"],"picked":"Consume","floor":14},{"not_picked":["Thunder Strike","Amplify"],"picked":"Seek","floor":16},{"not_picked":["Beam Cell","Go for the Eyes"],"picked":"Glacier","floor":18},{"not_picked":["Reprogram","Storm"],"picked":"Compile Driver","floor":19},{"not_picked":["Beam Cell","Steam+1"],"picked":"Creative AI","floor":21}],"player_experience":814999,"relics_obtained":[{"floor":6,"key":"Bottled Tornado"},{"floor":9,"key":"Matryoshka"},{"floor":11,"key":"Shuriken"}],"event_choices":[{"damage_healed":0,"gold_gain":0,"player_choice":"Donut","damage_taken":0,"max_hp_gain":5,"max_hp_loss":0,"event_name":"Big Fish","floor":5,"gold_loss":0},{"damage_healed":0,"gold_gain":0,"player_choice":"Bought 1 Potion","damage_taken":0,"max_hp_gain":0,"max_hp_loss":0,"event_name":"The Woman in Blue","floor":22,"gold_loss":0}],"is_beta":false,"boss_relics":[{"not_picked":["Runic Dome","Fusion Hammer"],"picked":"Snecko Eye"}],"items_purged_floors":[],"is_endless":false,"potions_floor_spawned":[1,6,8,14,16,19],"killed_by":"Book of Stabbing","ascension_level":20}