{"gold_per_floor":[119,138,54,72,72,72,72,91,91,124,124,124,136,169,169,247,247,187,187,187,187,187,187,187,187,187,137,137,87,87,87,87,87,87,87,87,87,37,37,37,0,0,0,0,0,0,0,0,0,0,0],"floor_reached":52,"playtime":2162,"items_purged":["Strike_R","Decay","Defend_R"],"score":1884,"play_id":"70a0c513-6cab-4703-9553-1aa3348d145d","local_time":"20190805013216","is_ascension_mode":true,"campfire_choices":[{"data":"Uppercut","floor":6.0,"key":"SMITH"},{"data":"Feed","floor":12.0,"key":"SMITH"},{"data":"True Grit","floor":15.0,"key":"SMITH"},{"data":"Demon Form","floor":23.0,"key":"SMITH"},{"data":"Shrug It Off","floor":30.0,"key":"SMITH"},{"data":"Battle Trance","floor":32.0,"key":"SMITH"},{"data":"Exhume","floor":40.0,"key":"SMITH"},{"data":"Feed","floor":42.0,"key":"SMITH"},{"data":"Defend_R","floor":49.0,"key":"SMITH"}],"neow_cost":"NONE","seed_source_timestamp":0,"circlet_count":0,"master_deck":["AscendersBane","Strike_R","Defend_R","Defend_R+1","Battle Trance+1","True Grit+1","Uppercut+1","Exhume+1","Feed+1","Demon Form+1","Reaper+1","Shrug It Off+1","Uppercut+1","Feed+1","Dual Wield+1","Armaments+1","Dropkick+1"],"special_seed":0,"relics":["Velvet Choker","Question Card","Bottled Flame","Mercury Hourglass","Ectoplasm","Letter Opener","Smiling Mask","Astrolabe","Red Mask","Juzu Bracelet","Bottled Lightning"],"potions_floor_usage":[51,51],"damage_taken":[{"damage":1.0,"enemies":"Cultist","floor":1.0,"turns":3.0},{"damage":0.0,"enemies":"2 Louse","floor":2.0,"turns":3.0},{"damage":0.0,"enemies":"Small Slimes","floor":4.0,"turns":3.0},{"damage":1.0,"enemies":"Blue Slaver","floor":8.0,"turns":4.0},{"damage":30.0,"enemies":"Gremlin Nob","floor":10.0,"turns":4.0},{"damage":9.0,"enemies":"Lots of Slimes","floor":13.0,"turns":4.0},{"damage":25.0,"enemies":"3 Sentries","floor":14.0,"turns":8.0},{"damage":19.0,"enemies":"Slime Boss","floor":16.0,"turns":10.0},{"damage":22.0,"enemies":"2 Thieves","floor":18.0,"turns":4.0},{"damage":16.0,"enemies":"Spheric Guardian","floor":21.0,"turns":5.0},{"damage":10.0,"enemies":"Centurion and Healer","floor":24.0,"turns":6.0},{"damage":68.0,"enemies":"Slavers","floor":25.0,"turns":6.0},{"damage":12.0,"enemies":"Snake Plant","floor":31.0,"turns":4.0},{"damage":83.0,"enemies":"Collector","floor":33.0,"turns":9.0},{"damage":13.0,"enemies":"3 Shapes","floor":35.0,"turns":7.0},{"damage":43.0,"enemies":"3 Darklings","floor":37.0,"turns":9.0},{"damage":61.0,"enemies":"Jaw Worm Horde","floor":39.0,"turns":6.0},{"damage":67.0,"enemies":"Nemesis","floor":44.0,"turns":7.0},{"damage":41.0,"enemies":"4 Shapes","floor":47.0,"turns":7.0},{"damage":22.0,"enemies":"Transient","floor":48.0,"turns":6.0},{"damage":158.0,"enemies":"Time Eater","floor":50.0,"turns":14.0},{"damage":252,"enemies":"Awakened One","floor":51,"turns":16}],"seed_played":"8058246689018782911","potions_obtained":[{"floor":8.0,"key":"Energy Potion"},{"floor":10.0,"key":"SpeedPotion"},{"floor":11.0,"key":"Weak Potion"},{"floor":14.0,"key":"PowerPotion"},{"floor":24.0,"key":"Weak Potion"},{"floor":25.0,"key":"PowerPotion"},{"floor":31.0,"key":"Strength Potion"},{"floor":37.0,"key":"Strength Potion"},{"floor":48.0,"key":"BloodPotion"}],"is_trial":false,"path_per_floor":["M","M","$","M","?","R","?","M","T","E","?","R","M","E","R","B",null,"M","?","?","M","?","R","M","E","T","$","?","$","R","M","R","B",null,"M","?","M","$","M","R","?","R","T","E","?","?","M","M","R","B","B",null],"character_chosen":"IRONCLAD","items_purchased":["Uppercut"],"campfire_rested":0,"item_purchase_floors":[3],"current_hp_per_floor":[67,67,67,67,67,67,67,66,66,39,39,39,38,21,21,10,79,69,69,69,63,63,63,81,35,35,35,35,35,35,44,44,23,109,115,115,153,153,137,137,137,137,137,124,124,124,123,173,173,132,189],"gold":0,"neow_bonus":"BOSS_RELIC","is_prod":false,"is_daily":false,"chose_seed":false,"campfire_upgraded":9,"win_rate":0,"timestamp":1564943536,"path_taken":["M","M","$","?","?","R","?","?","T","E","?","R","?","E","R","BOSS","M","?","?","?","?","R","M","E","T","$","?","?","R","M","R","BOSS","M","?","?","$","M","R","?","R","T","E","?","?","M","M","R","BOSS","BOSS"],"build_version":"2019-07-18","purchased_purges":3,"victory":true,"max_hp_per_floor":[75,75,75,75,75,75,75,75,75,78,78,78,86,94,94,102,102,110,110,110,114,114,114,122,130,130,130,130,130,130,134,134,138,138,149,149,153,153,165,165,165,165,165,169,169,161,173,173,173,177,189],"card_choices":[{"not_picked":["Pommel Strike","Pummel"],"picked":"Battle Trance","floor":1.0},{"not_picked":["Iron Wave","Metallicize"],"picked":"True Grit","floor":2.0},{"not_picked":["Havoc","Headbutt","Perfected Strike"],"picked":"SKIP","floor":4.0},{"not_picked":["Sever Soul","Rampage"],"picked":"Feed","floor":8.0},{"not_picked":["Clothesline","Fiend Fire","Warcry","Twin Strike"],"picked":"SKIP","floor":10.0},{"not_picked":["Wild Strike","Iron Wave","Thunderclap","Cleave"],"picked":"SKIP","floor":13.0},{"not_picked":["Cleave","Warcry","Armaments"],"picked":"Demon Form","floor":14.0},{"not_picked":["Bludgeon","Berserk","Barricade"],"picked":"Reaper","floor":16.0},{"not_picked":["Iron Wave","Reckless Charge","Flex","Seeing Red"],"picked":"SKIP","floor":18.0},{"not_picked":["Iron Wave","Sword Boomerang","Flex","Body Slam"],"picked":"SKIP","floor":21.0},{"not_picked":["Dropkick","True Grit","Armaments","Hemokinesis"],"picked":"SKIP","floor":24.0},{"not_picked":["Wild Strike+1","Perfected Strike","Headbutt"],"picked":"Uppercut+1","floor":25.0},{"not_picked":["Flex+1","Dual Wield","Pommel Strike","Spot Weakness"],"picked":"SKIP","floor":31.0},{"not_picked":["Limit Break","Demon Form","Berserk"],"picked":"Feed","floor":33.0},{"not_picked":["Havoc","Battle Trance","Twin Strike","Clash"],"picked":"SKIP","floor":35.0},{"not_picked":["Dual Wield","Blood for Blood","Power Through","Pommel Strike"],"picked":"SKIP","floor":37.0},{"not_picked":["Perfected Strike","Blood for Blood+1","Intimidate","Searing Blow"],"picked":"SKIP","floor":39.0},{"not_picked":["Blood for Blood","Perfected Strike+1","Dual Wield","Impervious"],"picked":"SKIP","floor":44.0},{"not_picked":["Rage","Perfected Strike","Twin Strike","Rampage"],"picked":"SKIP","floor":47.0},{"not_picked":["Combust","Iron Wave+1","Anger","Power Through+1"],"picked":"SKIP","floor":48.0}],"player_experience":1044585,"relics_obtained":[{"floor":9.0,"key":"Question Card"},{"floor":10.0,"key":"Bottled Flame"},{"floor":14.0,"key":"Mercury Hourglass"},{"floor":25.0,"key":"Letter Opener"},{"floor":26.0,"key":"Smiling Mask"},{"floor":43.0,"key":"Juzu Bracelet"},{"floor":44.0,"key":"Bottled Lightning"}],"event_choices":[{"damage_healed":0.0,"max_hp_gain":0.0,"max_hp_loss":0.0,"gold_gain":0.0,"event_name":"The Cleric","player_choice":"Leave","floor":5.0,"gold_loss":0.0,"damage_taken":0.0},{"damage_healed":0.0,"max_hp_gain":0.0,"max_hp_loss":0.0,"gold_gain":0.0,"cards_transformed":["Strike_R"],"event_name":"Transmorgrifier","player_choice":"Transformed","floor":7.0,"gold_loss":0.0,"damage_taken":0.0,"cards_obtained":["Exhume"]},{"damage_healed":0.0,"max_hp_gain":0.0,"max_hp_loss":0.0,"gold_gain":0.0,"event_name":"Lab","player_choice":"Got Potions","floor":11.0,"gold_loss":0.0,"damage_taken":0.0},{"damage_healed":0.0,"max_hp_gain":0.0,"max_hp_loss":0.0,"gold_gain":0.0,"event_name":"The Library","player_choice":"Read","floor":19.0,"gold_loss":0.0,"damage_taken":0.0,"cards_obtained":["Shrug It Off"]},{"damage_healed":0.0,"max_hp_gain":0.0,"max_hp_loss":0.0,"gold_gain":0.0,"event_name":"Match and Keep!","player_choice":"0 cards matched","floor":20.0,"gold_loss":0.0,"damage_taken":0.0,"cards_obtained":[]},{"damage_healed":0.0,"max_hp_gain":0.0,"max_hp_loss":0.0,"gold_gain":0.0,"event_name":"Cursed Tome","player_choice":"Ignored","floor":22.0,"gold_loss":0.0,"damage_taken":0.0},{"damage_healed":0.0,"max_hp_gain":0.0,"max_hp_loss":0.0,"gold_gain":0.0,"event_name":"Forgotten Altar","player_choice":"Smashed Altar","floor":28.0,"gold_loss":0.0,"damage_taken":0.0,"cards_obtained":["Decay"]},{"cards_removed":["Bash"],"damage_healed":0.0,"max_hp_gain":0.0,"max_hp_loss":0.0,"gold_gain":0.0,"event_name":"Purifier","player_choice":"Purged","floor":36.0,"gold_loss":0.0,"damage_taken":0.0},{"damage_healed":0.0,"max_hp_gain":0.0,"max_hp_loss":0.0,"gold_gain":0.0,"event_name":"Tomb of Lord Red Mask","player_choice":"Paid","floor":41.0,"gold_loss":37.0,"damage_taken":0.0,"relics_obtained":["Red Mask"]},{"damage_healed":0.0,"max_hp_gain":0.0,"max_hp_loss":0.0,"gold_gain":0.0,"event_name":"Upgrade Shrine","player_choice":"Upgraded","floor":45.0,"gold_loss":0.0,"damage_taken":0.0,"cards_upgraded":["Reaper"]},{"damage_healed":0.0,"max_hp_gain":0.0,"max_hp_loss":8.0,"gold_gain":0.0,"event_name":"Winding Halls","player_choice":"Max HP","floor":46.0,"gold_loss":0.0,"damage_taken":0.0}],"is_beta":true,"boss_relics":[{"not_picked":["Lizard Tail","Empty Cage"],"picked":"Ectoplasm"},{"not_picked":["Runic Dome","Cursed Key"],"picked":"Astrolabe"}],"items_purged_floors":[27,29,38],"is_endless":false,"potions_floor_spawned":[8,10,13,14,24,25,31,37,48],"ascension_level":21}