{"gold_per_floor":[110,110,35,110,128,128,155,155,155,54,54,83,101,113,113,188,188,204,119,131,148,73,73,88,119,143,143,176,176,190,58,58,131,131,144,144,144],"floor_reached":37,"playtime":4160,"items_purged":["Strike_G"],"score":792,"play_id":"61edf7d2-5e8e-4e3f-b475-bdb4ddefac7e","local_time":"20190629192449","is_ascension_mode":true,"campfire_choices":[{"data":"Bouncing Flask","floor":6.0,"key":"SMITH"},{"data":"Neutralize","floor":15.0,"key":"SMITH"},{"floor":23.0,"key":"REST"},{"floor":27.0,"key":"REST"},{"floor":29.0,"key":"REST"},{"floor":32.0,"key":"REST"}],"neow_cost":"NONE","seed_source_timestamp":0,"circlet_count":0,"master_deck":["AscendersBane","Defend_G","Defend_G","Defend_G+1","Defend_G","Defend_G","Strike_G","Strike_G","Strike_G","Survivor+1","Neutralize+1","PiercingWail","Bouncing Flask+1","Footwork","Bandage Up","Envenom","All Out Attack","Dodge and Roll","Corpse Explosion","Dash","Bane","Calculated Gamble","Infinite Blades","Leg Sweep","Prepared+1","Backflip+1","Deflect+1","Blur","Distraction+1","Night Terror"],"special_seed":0,"relics":["Ring of the Snake","NeowsBlessing","Shuriken","Gremlin Horn","Bottled Flame","Centennial Puzzle","Sozu","Anchor","Dream Catcher","War Paint","Bag of Marbles","Pen Nib","Fusion Hammer"],"potions_floor_usage":[],"damage_taken":[{"damage":0.0,"enemies":"2 Louse","floor":1.0,"turns":1.0},{"damage":0.0,"enemies":"Cultist","floor":5.0,"turns":1.0},{"damage":0.0,"enemies":"Gremlin Nob","floor":7.0,"turns":1.0},{"damage":26.0,"enemies":"3 Sentries","floor":12.0,"turns":12.0},{"damage":0.0,"enemies":"Small Slimes","floor":13.0,"turns":3.0},{"damage":0.0,"enemies":"Looter","floor":14.0,"turns":4.0},{"damage":17.0,"enemies":"The Guardian","floor":16.0,"turns":11.0},{"damage":21.0,"enemies":"2 Thieves","floor":18.0,"turns":4.0},{"damage":17.0,"enemies":"Spheric Guardian","floor":20.0,"turns":5.0},{"damage":3.0,"enemies":"Cultist and Chosen","floor":21.0,"turns":4.0},{"damage":5.0,"enemies":"Centurion and Healer","floor":24.0,"turns":7.0},{"damage":48.0,"enemies":"Gremlin Leader","floor":25.0,"turns":8.0},{"damage":22.0,"enemies":"Book of Stabbing","floor":28.0,"turns":6.0},{"damage":9.0,"enemies":"Chosen and Byrds","floor":30.0,"turns":6.0},{"damage":11,"enemies":"Automaton","floor":33,"turns":12},{"damage":3,"enemies":"3 Darklings","floor":35,"turns":4},{"damage":74,"enemies":"Awakened One","floor":37,"turns":23}],"seed_played":"-398559452821358158","potions_obtained":[{"floor":12.0,"key":"GamblersBrew"},{"floor":14.0,"key":"SkillPotion"},{"floor":16.0,"key":"SteroidPotion"}],"is_trial":false,"path_per_floor":["M","?","$","?","M","R","E","?","T","$","T","E","M","M","R","B",null,"M","?","M","M","?","R","M","E","T","R","E","R","M","?","R","B",null,"M","?","B"],"character_chosen":"THE_SILENT","items_purchased":["Bandage Up"],"campfire_rested":4,"item_purchase_floors":[10],"current_hp_per_floor":[59,59,59,48,48,48,48,53,53,53,53,31,35,39,39,26,60,43,43,30,31,31,52,51,7,7,28,10,31,26,26,47,40,63,64,64,0],"gold":144,"neow_bonus":"THREE_ENEMY_KILL","is_prod":false,"is_daily":false,"chose_seed":false,"campfire_upgraded":2,"win_rate":0,"timestamp":1561854289,"path_taken":["M","?","?","?","M","R","E","?","T","$","?","E","?","M","R","BOSS","M","?","M","M","?","R","M","E","T","R","E","R","M","?","R","BOSS","M","?","BOSS"],"build_version":"2019-01-23","purchased_purges":1,"victory":false,"max_hp_per_floor":[66,66,66,66,66,66,66,71,71,71,71,71,71,71,71,71,71,71,71,71,71,71,71,71,71,71,71,71,71,71,71,71,71,71,71,71,71],"card_choices":[{"not_picked":["Blade Dance","Underhanded Strike","Bane"],"picked":"SKIP","floor":1.0},{"not_picked":["Accuracy","Poisoned Stab"],"picked":"Bouncing Flask","floor":5.0},{"not_picked":["Flying Knee","Unload"],"picked":"Footwork","floor":7.0},{"not_picked":["Deadly Poison","Concentrate"],"picked":"Envenom","floor":12.0},{"not_picked":["Eviscerate","Predator"],"picked":"All Out Attack","floor":13.0},{"not_picked":["Leg Sweep","Flying Knee"],"picked":"Dodge and Roll","floor":14.0},{"not_picked":["Doppelganger","Adrenaline"],"picked":"Corpse Explosion","floor":16.0},{"not_picked":["PiercingWail","Concentrate"],"picked":"Dash","floor":18.0},{"not_picked":["Skewer","Dagger Spray"],"picked":"Bane","floor":20.0},{"not_picked":["Underhanded Strike","Choke"],"picked":"Calculated Gamble","floor":21.0},{"not_picked":["Sucker Punch","Prepared"],"picked":"Infinite Blades","floor":24.0},{"not_picked":["Setup","Doppelganger"],"picked":"Leg Sweep","floor":25.0},{"not_picked":["Deflect","Sucker Punch"],"picked":"Prepared+1","floor":27.0},{"not_picked":["Tools of the Trade","Acrobatics"],"picked":"Backflip+1","floor":28.0},{"not_picked":["Reflex+1","Skewer"],"picked":"Deflect+1","floor":29.0},{"not_picked":["Prepared","Flying Knee"],"picked":"Blur","floor":30.0},{"not_picked":["Cloak And Dagger","Heel Hook"],"picked":"Distraction+1","floor":32.0},{"not_picked":["Die Die Die","Venomology"],"picked":"Night Terror","floor":33},{"not_picked":["Deflect","Dagger Throw","Underhanded Strike+1"],"picked":"SKIP","floor":35}],"player_experience":1427519,"relics_obtained":[{"floor":7.0,"key":"Shuriken"},{"floor":9.0,"key":"Gremlin Horn"},{"floor":11.0,"key":"Bottled Flame"},{"floor":12.0,"key":"Centennial Puzzle"},{"floor":25.0,"key":"Dream Catcher"},{"floor":26.0,"key":"War Paint"},{"floor":28.0,"key":"Bag of Marbles"}],"event_choices":[{"damage_healed":0.0,"max_hp_gain":0.0,"max_hp_loss":0.0,"gold_gain":0.0,"event_name":"Match and Keep!","player_choice":"1 cards matched","floor":2.0,"gold_loss":0.0,"damage_taken":0.0,"cards_obtained":["PiercingWail"]},{"damage_healed":0.0,"max_hp_gain":0.0,"max_hp_loss":0.0,"gold_gain":75.0,"event_name":"World of Goop","player_choice":"Gather Gold","floor":4.0,"gold_loss":0.0,"damage_taken":11.0},{"damage_healed":0.0,"max_hp_gain":5.0,"max_hp_loss":0.0,"gold_gain":0.0,"event_name":"Big Fish","player_choice":"Donut","floor":8.0,"gold_loss":0.0,"damage_taken":0.0},{"damage_healed":0.0,"max_hp_gain":0.0,"max_hp_loss":0.0,"gold_gain":0.0,"event_name":"Addict","player_choice":"Obtained Relic","floor":19.0,"gold_loss":85.0,"damage_taken":0.0,"relics_obtained":["Anchor"]},{"cards_removed":["Strike_G"],"damage_healed":0.0,"max_hp_gain":0.0,"max_hp_loss":0.0,"gold_gain":0.0,"event_name":"Beggar","player_choice":"Gave Gold","floor":22.0,"gold_loss":75.0,"damage_taken":0.0},{"damage_healed":0.0,"max_hp_gain":0.0,"max_hp_loss":0.0,"gold_gain":0.0,"event_name":"WeMeetAgain","player_choice":"Paid Gold","floor":31.0,"gold_loss":132.0,"damage_taken":0.0,"relics_obtained":["Pen Nib"]},{"damage_healed":0,"gold_gain":0,"player_choice":"Took Portal","damage_taken":0,"max_hp_gain":0,"max_hp_loss":0,"event_name":"SecretPortal","floor":36,"gold_loss":0}],"is_beta":false,"boss_relics":[{"not_picked":["Calling Bell","Philosopher\u0027s Stone"],"picked":"Sozu"},{"not_picked":["WristBlade","Cursed Key"],"picked":"Fusion Hammer"}],"items_purged_floors":[3],"is_endless":false,"potions_floor_spawned":[12,14,16,24,30],"killed_by":"Awakened One","ascension_level":16}