{"gold_per_floor":[114,127,107,127,138,138,154,154,154,3,3,3,3,21,21,124,124,134,150,160,189,189,189,205,205,205,205,255,273,273,16,16,16],"floor_reached":33,"playtime":5755,"items_purged":[],"score":237,"play_id":"7f506e0a-4656-43a1-b95f-92bbf2799e56","local_time":"20190916204545","is_ascension_mode":false,"campfire_choices":[{"data":"Neutralize","floor":6,"key":"SMITH"},{"data":"Outmaneuver","floor":8,"key":"SMITH"},{"floor":13,"key":"REST"},{"data":"Footwork","floor":15,"key":"SMITH"},{"floor":23,"key":"REST"},{"floor":27,"key":"REST"},{"floor":30,"key":"REST"},{"floor":32,"key":"REST"}],"neow_cost":"NONE","seed_source_timestamp":361711677026700,"circlet_count":0,"master_deck":["Strike_G","Strike_G","Strike_G","Defend_G","Defend_G","Defend_G","Defend_G+1","Defend_G+1","Survivor","Neutralize+1","Deflect","Footwork+1","Quick Slash","Underhanded Strike","Outmaneuver+1","Escape Plan","Tools of the Trade+1","Flying Knee","Riddle With Holes","Underhanded Strike","Deflect","Dodge and Roll+1"],"relics":["Ring of the Snake","Frozen Egg 2","Boot","Empty Cage","Red Mask","Juzu Bracelet","Letter Opener"],"potions_floor_usage":[5,16,20,20,21],"damage_taken":[{"damage":0,"enemies":"Small Slimes","floor":1,"turns":3},{"damage":2,"enemies":"Cultist","floor":2,"turns":6},{"damage":0,"enemies":"2 Louse","floor":4,"turns":3},{"damage":8,"enemies":"Exordium Wildlife","floor":5,"turns":7},{"damage":3,"enemies":"Blue Slaver","floor":7,"turns":5},{"damage":1,"enemies":"3 Louse","floor":14,"turns":4},{"damage":48,"enemies":"The Guardian","floor":16,"turns":20},{"damage":1,"enemies":"Shell Parasite","floor":18,"turns":10},{"damage":1,"enemies":"3 Byrds","floor":19,"turns":8},{"damage":18,"enemies":"Sentry and Sphere","floor":20,"turns":10},{"damage":62,"enemies":"Masked Bandits","floor":21,"turns":7},{"damage":5,"enemies":"Snake Plant","floor":24,"turns":6},{"damage":26,"enemies":"3 Cultists","floor":29,"turns":7},{"damage":95,"enemies":"Collector","floor":33,"turns":10}],"seed_played":"7015592678454716234","potions_obtained":[{"floor":1,"key":"Ancient Potion"},{"floor":3,"key":"AttackPotion"},{"floor":4,"key":"Dexterity Potion"},{"floor":16,"key":"Regen Potion"},{"floor":19,"key":"Swift Potion"},{"floor":24,"key":"Energy Potion"}],"is_trial":false,"path_per_floor":["M","M","?","M","M","R","M","R","T","$","?","$","R","M","R","B",null,"M","M","M","?","?","R","M","?","T","R","?","M","R","$","R","B"],"character_chosen":"THE_SILENT","items_purchased":["Boot","Letter Opener"],"campfire_rested":5,"item_purchase_floors":[10,31],"current_hp_per_floor":[77,75,75,75,67,67,64,64,64,64,49,49,72,71,71,23,77,76,75,70,8,33,56,51,37,37,61,61,35,59,59,82,0],"gold":16,"neow_bonus":"TEN_PERCENT_HP_BONUS","is_prod":false,"is_daily":false,"chose_seed":false,"campfire_upgraded":3,"win_rate":0.0,"timestamp":1568681145,"path_taken":["M","M","?","M","M","R","?","R","T","$","?","?","R","M","R","BOSS","M","M","M","?","?","R","M","?","T","R","?","M","R","$","R","BOSS"],"build_version":"2019-07-17","purchased_purges":0,"victory":false,"max_hp_per_floor":[77,77,77,77,77,77,77,77,77,77,77,77,77,77,77,77,77,77,77,77,77,77,77,77,82,82,82,82,82,82,82,82,82],"card_choices":[{"not_picked":["Acrobatics","Blade Dance"],"picked":"Deflect","floor":1},{"not_picked":["Quick Slash","Backflip"],"picked":"Footwork","floor":2},{"not_picked":["Endless Agony","Acrobatics"],"picked":"Quick Slash","floor":4},{"not_picked":["Eviscerate","Quick Slash"],"picked":"Underhanded Strike","floor":5},{"not_picked":["Underhanded Strike","Poisoned Stab"],"picked":"Outmaneuver","floor":7},{"not_picked":["Backstab","Dodge and Roll"],"picked":"Escape Plan","floor":14},{"not_picked":["Phantasmal Killer","Malaise"],"picked":"Tools of the Trade+1","floor":16},{"not_picked":["Dagger Throw","Deadly Poison+1"],"picked":"Flying Knee","floor":18},{"not_picked":["PiercingWail+1","Deadly Poison"],"picked":"Riddle With Holes","floor":19},{"not_picked":["Deflect","Crippling Poison"],"picked":"Underhanded Strike","floor":20},{"not_picked":["PiercingWail+1","Masterful Stab+1"],"picked":"Deflect","floor":21},{"not_picked":["Riddle With Holes","Phantasmal Killer","Outmaneuver"],"picked":"SKIP","floor":24},{"not_picked":["Poisoned Stab+1","Slice"],"picked":"Dodge and Roll+1","floor":29}],"player_experience":16375,"relics_obtained":[{"floor":9,"key":"Frozen Egg 2"},{"floor":21,"key":"Red Mask"},{"floor":26,"key":"Juzu Bracelet"}],"event_choices":[{"damage_healed":0,"gold_gain":0,"player_choice":"Bought 1 Potion","damage_taken":0,"max_hp_gain":0,"max_hp_loss":0,"event_name":"The Woman in Blue","floor":3,"gold_loss":0},{"damage_healed":0,"gold_gain":0,"player_choice":"Entered Light","damage_taken":15,"max_hp_gain":0,"max_hp_loss":0,"event_name":"Shining Light","floor":11,"gold_loss":0,"cards_upgraded":["Defend_G","Defend_G"]},{"damage_healed":0,"gold_gain":0,"player_choice":"Fought Bandits","damage_taken":0,"max_hp_gain":0,"max_hp_loss":0,"event_name":"Masked Bandits","floor":21,"gold_loss":0},{"damage_healed":25,"gold_gain":0,"player_choice":"Heal","damage_taken":0,"max_hp_gain":0,"max_hp_loss":0,"event_name":"The Library","floor":22,"gold_loss":0},{"damage_healed":0,"gold_gain":0,"player_choice":"Shed Blood","damage_taken":19,"max_hp_gain":5,"max_hp_loss":0,"event_name":"Forgotten Altar","floor":25,"gold_loss":0},{"damage_healed":0,"gold_gain":100,"player_choice":"Bet on Murderer","damage_taken":0,"max_hp_gain":0,"max_hp_loss":0,"event_name":"The Joust","floor":28,"gold_loss":50}],"is_beta":false,"boss_relics":[{"not_picked":["HoveringKite","Busted Crown"],"picked":"Empty Cage"}],"items_purged_floors":[],"is_endless":false,"potions_floor_spawned":[1,4,16,19,24],"killed_by":"Collector","ascension_level":0}