{"gold_per_floor":[17,17,42,63,83,122,122,147,147,147],"floor_reached":10,"playtime":1365,"items_purged":[],"score":140,"play_id":"f0656fff-4468-4fe5-bab6-589f0fb3607c","local_time":"20190721112119","is_ascension_mode":true,"campfire_choices":[{"floor":7.0,"key":"REST"}],"neow_cost":"NO_GOLD","seed_source_timestamp":45836111125848,"circlet_count":0,"master_deck":["AscendersBane","Strike_B","Strike_B","Strike_B","Strike_B","Defend_B","Defend_B","Defend_B","Defend_B","Zap","Dualcast","Ball Lightning","Sweeping Beam","Defragment","Conserve Battery"],"special_seed":0,"relics":["Cracked Core","StoneCalendar","Golden Idol","Oddly Smooth Stone","Letter Opener"],"potions_floor_usage":[10,10],"damage_taken":[{"damage":6.0,"enemies":"2 Louse","floor":1.0,"turns":2.0},{"damage":0.0,"enemies":"Small Slimes","floor":3.0,"turns":2.0},{"damage":7.0,"enemies":"Jaw Worm","floor":4.0,"turns":3.0},{"damage":9.0,"enemies":"Blue Slaver","floor":5.0,"turns":4.0},{"damage":30.0,"enemies":"3 Sentries","floor":6.0,"turns":7.0},{"damage":2.0,"enemies":"Red Slaver","floor":8.0,"turns":4.0},{"damage":29,"enemies":"Gremlin Nob","floor":10,"turns":3}],"seed_played":"4427770615105314410","potions_obtained":[{"floor":3.0,"key":"Poison Potion"},{"floor":6.0,"key":"PowerPotion"}],"is_trial":false,"path_per_floor":["M","?","M","M","M","E","R","M","T","E"],"character_chosen":"DEFECT","items_purchased":[],"campfire_rested":1,"item_purchase_floors":[],"current_hp_per_floor":[58,58,58,51,42,12,31,29,29,0],"gold":147,"neow_bonus":"ONE_RARE_RELIC","is_prod":false,"is_daily":false,"chose_seed":false,"campfire_upgraded":0,"win_rate":0,"timestamp":1563722479,"path_taken":["M","?","M","M","M","E","R","M","T","E"],"build_version":"2019-07-17","purchased_purges":0,"victory":false,"max_hp_per_floor":[71,64,64,64,64,64,64,64,64,64],"card_choices":[{"not_picked":["Sweeping Beam","White Noise"],"picked":"Ball Lightning","floor":1.0},{"not_picked":["Turbo","Rebound","Fusion"],"picked":"SKIP","floor":3.0},{"not_picked":["Recycle","Machine Learning","Steam"],"picked":"SKIP","floor":4.0},{"not_picked":["Recycle","Machine Learning","Steam"],"picked":"SKIP","floor":4.0},{"not_picked":["Leap","Rebound"],"picked":"Sweeping Beam","floor":5.0},{"not_picked":["Seek","Sweeping Beam"],"picked":"Defragment","floor":6.0},{"not_picked":["Streamline","Barrage"],"picked":"Conserve Battery","floor":8.0}],"player_experience":971105,"relics_obtained":[{"floor":6.0,"key":"Oddly Smooth Stone"},{"floor":9.0,"key":"Letter Opener"}],"event_choices":[{"damage_healed":0.0,"max_hp_gain":0.0,"max_hp_loss":7.0,"gold_gain":0.0,"event_name":"Golden Idol","player_choice":"Lose Max HP","floor":2.0,"gold_loss":0.0,"damage_taken":0.0,"relics_obtained":["Golden Idol"]}],"is_beta":false,"boss_relics":[],"items_purged_floors":[],"is_endless":false,"potions_floor_spawned":[3,6,8],"killed_by":"Gremlin Nob","ascension_level":20}