{"gold_per_floor":[109,122,222,232,249,281,281,300,353,378,378,413,425,425,425,425],"floor_reached":16,"playtime":1019,"items_purged":[],"score":181,"play_id":"636cee85-12ad-4257-83d9-8e4c089cea9b","local_time":"20190908211158","is_ascension_mode":true,"campfire_choices":[{"floor":7,"key":"REST"},{"floor":11,"key":"REST"},{"floor":15,"key":"REST"}],"neow_cost":"NONE","seed_source_timestamp":20012239142400,"circlet_count":0,"master_deck":["Strike_R","Strike_R","Strike_R","Strike_R","Strike_R","Defend_R","Defend_R","Defend_R","Defend_R","Bash","Perfected Strike","Spot Weakness","Inflame","Heavy Blade","Immolate","Flame Barrier","Shrug It Off","Thunderclap","Feed"],"relics":["Burning Blood","Anchor","Question Card","Singing Bowl","Happy Flower","CultistMask"],"potions_floor_usage":[10,16],"damage_taken":[{"damage":1,"enemies":"Jaw Worm","floor":1,"turns":3},{"damage":1,"enemies":"Cultist","floor":2,"turns":3},{"damage":12,"enemies":"Small Slimes","floor":4,"turns":3},{"damage":20,"enemies":"Exordium Thugs","floor":5,"turns":6},{"damage":39,"enemies":"Lagavulin","floor":6,"turns":7},{"damage":0,"enemies":"3 Louse","floor":8,"turns":2},{"damage":51,"enemies":"Gremlin Nob","floor":10,"turns":6},{"damage":19,"enemies":"Lagavulin","floor":12,"turns":7},{"damage":14,"enemies":"Blue Slaver","floor":13,"turns":3}],"seed_played":"7338974299331264868","potions_obtained":[{"floor":4,"key":"EssenceOfSteel"},{"floor":6,"key":"Explosive Potion"},{"floor":10,"key":"SteroidPotion"}],"is_trial":false,"path_per_floor":["M","M","?","M","M","E","R","M","T","E","R","E","M","?","R","B"],"character_chosen":"IRONCLAD","items_purchased":[],"campfire_rested":3,"item_purchase_floors":[],"current_hp_per_floor":[80,80,80,74,60,27,51,57,57,12,36,23,15,15,39,0],"gold":425,"neow_bonus":"RANDOM_COMMON_RELIC","is_prod":false,"is_daily":false,"chose_seed":false,"campfire_upgraded":0,"win_rate":0,"timestamp":1567995118,"path_taken":["M","M","?","M","?","E","R","M","T","E","R","E","M","?","R","BOSS"],"build_version":"2019-07-17","purchased_purges":0,"victory":false,"max_hp_per_floor":[80,80,80,80,80,80,80,80,80,80,80,80,80,80,80,80],"card_choices":[{"not_picked":["True Grit","Headbutt"],"picked":"Perfected Strike","floor":1},{"not_picked":["Perfected Strike","Sword Boomerang"],"picked":"Spot Weakness","floor":2},{"not_picked":["Anger","Headbutt"],"picked":"Inflame","floor":4},{"not_picked":["Feel No Pain","Wild Strike"],"picked":"Heavy Blade","floor":5},{"not_picked":["Shrug It Off","Havoc"],"picked":"Immolate","floor":6},{"not_picked":["Dropkick","Body Slam","Entrench"],"picked":"Flame Barrier","floor":8},{"not_picked":["Clothesline","Bloodletting","Havoc"],"picked":"Shrug It Off","floor":10},{"not_picked":["Wild Strike","Cleave","Reckless Charge"],"picked":"Thunderclap","floor":12},{"not_picked":["Body Slam","Whirlwind","Warcry"],"picked":"Feed","floor":13}],"player_experience":196097,"relics_obtained":[{"floor":6,"key":"Question Card"},{"floor":10,"key":"Singing Bowl"},{"floor":12,"key":"Happy Flower"}],"event_choices":[{"damage_healed":0,"gold_gain":100,"player_choice":"Gold","damage_taken":0,"max_hp_gain":0,"max_hp_loss":0,"event_name":"Wheel of Change","floor":3,"gold_loss":0},{"damage_healed":0,"gold_gain":0,"player_choice":"Trade","damage_taken":0,"relics_obtained":["CultistMask"],"max_hp_gain":0,"max_hp_loss":0,"event_name":"FaceTrader","floor":14,"gold_loss":0}],"is_beta":false,"boss_relics":[],"items_purged_floors":[],"is_endless":false,"potions_floor_spawned":[4,6,10],"killed_by":"The Guardian","ascension_level":1}