{"gold_per_floor":[116,116,130,130,130,130,169,169,193,209,233,0,21,52,52,150,150,134,155,60,60,76,109,109,153,176,199,21,21,21,39,39,39],"floor_reached":33,"playtime":992,"items_purged":["Pain","Strike_R"],"score":590,"play_id":"f86c5a00-f494-46cf-b866-eb25f2649e44","local_time":"20190926123215","is_ascension_mode":true,"campfire_choices":[{"data":"Carnage","floor":6,"key":"SMITH"},{"floor":8,"key":"REST"},{"data":"Armaments","floor":15,"key":"SMITH"},{"floor":24,"key":"REST"},{"floor":30,"key":"REST"},{"floor":32,"key":"REST"}],"neow_cost":"NONE","seed_source_timestamp":821343471612700,"circlet_count":0,"master_deck":["AscendersBane","Strike_R","Strike_R","Strike_R","Defend_R","Defend_R","Defend_R","Defend_R","Bash","Panacea","Carnage+1","Clothesline","Armaments+1","Immolate","Feel No Pain","Offering","Shrug It Off","Metallicize","Battle Trance","Corruption"],"relics":["Burning Blood","Golden Idol","WarpedTongs","Regal Pillow","Red Skull","Bag of Preparation","Fusion Hammer","MutagenicStrength","InkBottle","Mango","Art of War"],"potions_floor_usage":[16,19,22,23,27,33],"damage_taken":[{"damage":2,"enemies":"Cultist","floor":1,"turns":4},{"damage":4,"enemies":"Jaw Worm","floor":3,"turns":3},{"damage":26,"enemies":"Gremlin Nob","floor":7,"turns":4},{"damage":3,"enemies":"2 Louse","floor":10,"turns":2},{"damage":8,"enemies":"Red Slaver","floor":11,"turns":5},{"damage":0,"enemies":"Looter","floor":13,"turns":3},{"damage":14,"enemies":"3 Sentries","floor":14,"turns":6},{"damage":54,"enemies":"Hexaghost","floor":16,"turns":11},{"damage":18,"enemies":"2 Thieves","floor":18,"turns":4},{"damage":6,"enemies":"3 Byrds","floor":19,"turns":2},{"damage":7,"enemies":"Sentry and Sphere","floor":22,"turns":5},{"damage":26,"enemies":"Slavers","floor":23,"turns":2},{"damage":47,"enemies":"Book of Stabbing","floor":25,"turns":6},{"damage":2,"enemies":"Centurion and Healer","floor":27,"turns":4},{"damage":6,"enemies":"3 Cultists","floor":31,"turns":4},{"damage":89,"enemies":"Collector","floor":33,"turns":12}],"seed_played":"-4638514403857906899","potions_obtained":[{"floor":3,"key":"PowerPotion"},{"floor":7,"key":"FearPotion"},{"floor":16,"key":"DuplicationPotion"},{"floor":19,"key":"Energy Potion"},{"floor":23,"key":"FearPotion"},{"floor":27,"key":"SkillPotion"}],"is_trial":false,"path_per_floor":["M","?","M","?","?","R","E","R","T","M","M","$","M","E","R","B",null,"M","M","$","?","M","E","R","E","T","M","$","?","R","M","R","B"],"character_chosen":"IRONCLAD","items_purchased":["Immolate","Shrug It Off","Metallicize","Corruption"],"campfire_rested":4,"item_purchase_floors":[12,20,20,28],"current_hp_per_floor":[72,65,67,41,41,41,21,58,58,61,59,59,65,57,57,9,59,47,47,47,47,46,26,63,36,36,40,40,40,81,81,89,0],"gold":39,"neow_bonus":"RANDOM_COLORLESS","is_prod":false,"is_daily":false,"chose_seed":false,"campfire_upgraded":2,"win_rate":0,"timestamp":1569526335,"path_taken":["M","?","M","?","?","R","E","R","T","M","M","$","?","E","R","BOSS","M","M","$","?","M","E","R","E","T","M","$","?","R","M","R","BOSS"],"build_version":"2019-09-25","purchased_purges":2,"victory":false,"max_hp_per_floor":[75,75,75,75,75,75,75,75,75,75,75,75,75,75,75,75,75,75,75,75,75,75,75,75,89,89,89,89,89,89,89,89,89],"card_choices":[{"not_picked":["Blind","Blind"],"picked":"Panacea","floor":0},{"not_picked":["Second Wind","Armaments"],"picked":"Carnage","floor":1},{"not_picked":["Sword Boomerang","Rupture","Inflame"],"picked":"SKIP","floor":3},{"not_picked":["Blood for Blood","Heavy Blade"],"picked":"Clothesline","floor":7},{"not_picked":["Sword Boomerang","Hemokinesis","Warcry"],"picked":"SKIP","floor":10},{"not_picked":["Heavy Blade","Perfected Strike"],"picked":"Armaments","floor":11},{"not_picked":["Heavy Blade","Pommel Strike","Clash"],"picked":"SKIP","floor":13},{"not_picked":["Headbutt","Clothesline"],"picked":"Feel No Pain","floor":14},{"not_picked":["Immolate","Limit Break"],"picked":"Offering","floor":16},{"not_picked":["Searing Blow","Anger","Body Slam"],"picked":"SKIP","floor":18},{"not_picked":["Clash+1","Pommel Strike","Sever Soul"],"picked":"SKIP","floor":19},{"not_picked":["Wild Strike","Havoc","Sword Boomerang"],"picked":"SKIP","floor":22},{"not_picked":["Bludgeon","Fire Breathing","Twin Strike+1"],"picked":"SKIP","floor":23},{"not_picked":["Cleave","Iron Wave+1","Hemokinesis"],"picked":"SKIP","floor":25},{"not_picked":["Heavy Blade","Shrug It Off"],"picked":"Battle Trance","floor":27},{"not_picked":["Sever Soul","Headbutt","Sword Boomerang"],"picked":"SKIP","floor":31}],"player_experience":1041009,"relics_obtained":[{"floor":7,"key":"Regal Pillow"},{"floor":9,"key":"Red Skull"},{"floor":14,"key":"Bag of Preparation"},{"floor":23,"key":"InkBottle"},{"floor":25,"key":"Mango"},{"floor":26,"key":"Art of War"}],"event_choices":[{"cards_removed":["Strike_R"],"damage_healed":0,"gold_gain":0,"player_choice":"Card Removal","damage_taken":7,"max_hp_gain":0,"max_hp_loss":0,"event_name":"Golden Wing","floor":2,"gold_loss":0},{"damage_healed":0,"gold_gain":0,"player_choice":"Take Damage","damage_taken":26,"relics_obtained":["Golden Idol"],"max_hp_gain":0,"max_hp_loss":0,"event_name":"Golden Idol","floor":4,"gold_loss":0},{"damage_healed":0,"gold_gain":0,"player_choice":"Rummage","damage_taken":0,"relics_obtained":["WarpedTongs"],"max_hp_gain":0,"max_hp_loss":0,"event_name":"Accursed Blacksmith","floor":5,"gold_loss":0,"cards_obtained":["Pain"]},{"damage_healed":0,"gold_gain":0,"player_choice":"Inject Mutagens","damage_taken":0,"relics_obtained":["MutagenicStrength"],"max_hp_gain":0,"max_hp_loss":0,"event_name":"Drug Dealer","floor":21,"gold_loss":0},{"damage_healed":0,"gold_gain":0,"player_choice":"Ignored","damage_taken":0,"max_hp_gain":0,"max_hp_loss":0,"event_name":"The Mausoleum","floor":29,"gold_loss":0}],"is_beta":true,"boss_relics":[{"not_picked":["Busted Crown","Pandora\u0027s Box"],"picked":"Fusion Hammer"}],"items_purged_floors":[12,28],"is_endless":false,"potions_floor_spawned":[3,7,16,19,23,27],"killed_by":"Collector","ascension_level":20}