{"gold_per_floor":[116,116,191,210,230,230,69,107,178,178],"floor_reached":10,"playtime":1350,"items_purged":[],"score":109,"play_id":"6bc2e6a0-1df3-4db5-95fd-d3a4de77cf8b","local_time":"20181226234148","is_ascension_mode":true,"campfire_choices":[{"floor":6,"key":"REST"}],"neow_cost":"NONE","seed_source_timestamp":609888521764854,"circlet_count":0,"master_deck":["AscendersBane","Strike_R","Strike_R","Strike_R","Strike_R","Strike_R","Defend_R","Defend_R","Defend_R","Defend_R","Bash","Armaments","Inflame","Flame Barrier","Mind Blast","Carnage"],"relics":["Burning Blood","Golden Idol","Vajra","Molten Egg 2"],"potions_floor_usage":[8,10],"damage_taken":[{"damage":11,"enemies":"Cultist","floor":1,"turns":4},{"damage":0,"enemies":"2 Louse","floor":4,"turns":3},{"damage":15,"enemies":"Small Slimes","floor":5,"turns":4},{"damage":48,"enemies":"3 Sentries","floor":8,"turns":11},{"damage":25,"enemies":"Gremlin Nob","floor":10,"turns":3}],"seed_played":"-1338843906076804135","potions_obtained":[{"floor":5,"key":"Swift Potion"},{"floor":8,"key":"PowerPotion"}],"is_trial":false,"path_per_floor":["M","?","?","M","M","R","$","E","T","E"],"character_chosen":"IRONCLAD","items_purchased":["Flame Barrier","Mind Blast"],"campfire_rested":1,"item_purchase_floors":[7,7],"current_hp_per_floor":[75,53,42,48,39,65,65,23,23,0],"gold":178,"neow_bonus":"TEN_PERCENT_HP_BONUS","is_prod":false,"is_daily":false,"chose_seed":false,"campfire_upgraded":0,"win_rate":0,"timestamp":1545889308,"path_taken":["M","?","?","M","M","R","$","E","T","E"],"build_version":"2018-12-20","purchased_purges":0,"victory":false,"max_hp_per_floor":[88,88,88,88,88,88,88,88,88,88],"card_choices":[{"not_picked":["Havoc","Intimidate"],"picked":"Armaments","floor":1},{"not_picked":["Havoc","Heavy Blade","Dropkick"],"picked":"SKIP","floor":4},{"not_picked":["Iron Wave","Headbutt"],"picked":"Inflame","floor":5},{"not_picked":["True Grit","Thunderclap"],"picked":"Carnage","floor":8}],"player_experience":981345,"relics_obtained":[{"floor":8,"key":"Vajra"},{"floor":9,"key":"Molten Egg 2"}],"event_choices":[{"damage_healed":0,"gold_gain":0,"player_choice":"Take Damage","damage_taken":22,"relics_obtained":["Golden Idol"],"max_hp_gain":0,"max_hp_loss":0,"event_name":"Golden Idol","floor":2,"gold_loss":0},{"damage_healed":0,"gold_gain":75,"player_choice":"Gather Gold","damage_taken":11,"max_hp_gain":0,"max_hp_loss":0,"event_name":"World of Goop","floor":3,"gold_loss":0}],"is_beta":false,"boss_relics":[],"items_purged_floors":[],"is_endless":false,"potions_floor_spawned":[5,8],"killed_by":"Gremlin Nob","ascension_level":13}