{"gold_per_floor":[115,129,139,149,149,177,193,193,243,256,38,69,69,79,79,156,156,169,169,169,181,213,243,243,31,331,351,377,377,394,422,422,496,496,508,2,18,18,32,61,72,102,129,10,37,56,66,91,91,91,91,91,91,4,36,36],"floor_reached":57,"playtime":3694,"items_purged":["Strike_R","Strike_R","Strike_R"],"score":2938,"play_id":"d807ba34-6fcb-4be9-8f42-db22617142c4","local_time":"20190928190434","is_ascension_mode":true,"campfire_choices":[{"floor":8.0,"key":"REST"},{"data":"Disarm","floor":13.0,"key":"SMITH"},{"data":"Immolate","floor":15.0,"key":"SMITH"},{"floor":24.0,"key":"RECALL"},{"floor":32.0,"key":"REST"},{"floor":49,"key":"REST"},{"floor":53,"key":"REST"}],"neow_cost":"NONE","seed_source_timestamp":0,"circlet_count":0,"master_deck":["AscendersBane","Strike_R+1","Strike_R","Defend_R","Defend_R","Defend_R","Defend_R+1","Bash+1","Battle Trance","Disarm+1","Pommel Strike","Headbutt","Immolate+1","Anger","Inflame","Shrug It Off","Offering","Reaper","J.A.X.","Necronomicurse","Clothesline+1","Corruption","Shrug It Off","Headbutt","Impervious","Feed","Heavy Blade","Inflame","Spot Weakness","Reaper","Uppercut+1","Exhume","Disarm","Battle Trance","Dual Wield"],"special_seed":0,"relics":["Burning Blood","Boot","Regal Pillow","Meat on the Bone","Fusion Hammer","Necronomicon","Red Mask","Potion Belt","Old Coin","Vajra","The Courier","Runic Dome","Strange Spoon","Bronze Scales","Letter Opener","Pear","Ancient Tea Set","Red Skull","Blood Vial"],"potions_floor_usage":[45,47,55,56,56,56,56,56,56,56,56,56],"damage_taken":[{"damage":1.0,"enemies":"Small Slimes","floor":1.0,"turns":4.0},{"damage":7.0,"enemies":"Jaw Worm","floor":2.0,"turns":3.0},{"damage":4.0,"enemies":"2 Louse","floor":3.0,"turns":3.0},{"damage":14.0,"enemies":"Red Slaver","floor":4.0,"turns":3.0},{"damage":31.0,"enemies":"Lagavulin","floor":6.0,"turns":6.0},{"damage":0.0,"enemies":"Lots of Slimes","floor":7.0,"turns":1.0},{"damage":6.0,"enemies":"Looter","floor":10.0,"turns":3.0},{"damage":8.0,"enemies":"Gremlin Nob","floor":12.0,"turns":3.0},{"damage":13.0,"enemies":"Large Slime","floor":14.0,"turns":4.0},{"damage":20.0,"enemies":"The Guardian","floor":16.0,"turns":11.0},{"damage":15.0,"enemies":"2 Thieves","floor":18.0,"turns":3.0},{"damage":0.0,"enemies":"Chosen","floor":21.0,"turns":3.0},{"damage":6.0,"enemies":"Masked Bandits","floor":22.0,"turns":1.0},{"damage":18.0,"enemies":"Book of Stabbing","floor":23.0,"turns":2.0},{"damage":10.0,"enemies":"Snake Plant","floor":27.0,"turns":3.0},{"damage":0.0,"enemies":"Slavers","floor":28.0,"turns":3.0},{"damage":9.0,"enemies":"Chosen and Byrds","floor":30.0,"turns":3.0},{"damage":16.0,"enemies":"Book of Stabbing","floor":31.0,"turns":4.0},{"damage":83.0,"enemies":"Champ","floor":33.0,"turns":9.0},{"damage":0.0,"enemies":"Orb Walker","floor":35.0,"turns":3.0},{"damage":6.0,"enemies":"3 Shapes","floor":37.0,"turns":2.0},{"damage":31.0,"enemies":"3 Darklings","floor":39.0,"turns":4.0},{"damage":36.0,"enemies":"Giant Head","floor":40.0,"turns":5.0},{"damage":16.0,"enemies":"Writhing Mass","floor":41.0,"turns":4.0},{"damage":37,"enemies":"Nemesis","floor":42,"turns":5},{"damage":97,"enemies":"Reptomancer","floor":45,"turns":5},{"damage":30,"enemies":"Jaw Worm Horde","floor":46,"turns":5},{"damage":44,"enemies":"Sphere and 2 Shapes","floor":47,"turns":9},{"damage":50,"enemies":"Nemesis","floor":48,"turns":7},{"damage":138,"enemies":"Time Eater","floor":50,"turns":12},{"damage":105,"enemies":"Donu and Deca","floor":51,"turns":7},{"damage":101,"enemies":"Shield and Spear","floor":55,"turns":6},{"damage":211,"enemies":"The Heart","floor":56,"turns":9}],"seed_played":"-3709953270934219520","potions_obtained":[{"floor":4.0,"key":"Dexterity Potion"},{"floor":6.0,"key":"FearPotion"},{"floor":12.0,"key":"GamblersBrew"},{"floor":14.0,"key":"Fire Potion"},{"floor":18.0,"key":"FearPotion"},{"floor":27.0,"key":"Regen Potion"},{"floor":33.0,"key":"Dexterity Potion"},{"floor":39.0,"key":"SpeedPotion"},{"floor":41,"key":"Dexterity Potion"},{"floor":42,"key":"FearPotion"},{"floor":46,"key":"Fruit Juice"},{"floor":47,"key":"SpeedPotion"},{"floor":48,"key":"PowerPotion"}],"is_trial":false,"path_per_floor":["M","M","M","M","?","E","M","R","T","M","$","E","R","M","R","B",null,"M","?","?","M","?","E","R","$","T","M","E","?","M","E","R","B",null,"M","$","M","?","M","E","M","E","T","$","E","M","M","E","R","B","B",null,"R","$","E","B",null],"character_chosen":"IRONCLAD","items_purchased":["Inflame","Shrug It Off","EntropicBrew","Strange Spoon","Inflame","Spot Weakness","Bronze Scales","Disarm","Battle Trance","EntropicBrew"],"campfire_rested":4,"item_purchase_floors":[11,11,25,36,36,36,36,44,44,54],"current_hp_per_floor":[73,72,74,66,43,18,24,46,46,46,46,44,44,49,49,47,68,65,65,44,50,50,50,50,50,50,51,63,42,67,57,80,47,72,80,80,80,80,83,83,76,96,96,96,80,100,90,102,110,95,113,113,113,113,66,62],"gold":36,"neow_bonus":"UPGRADE_CARD","is_prod":false,"is_daily":false,"chose_seed":false,"campfire_upgraded":2,"win_rate":0,"timestamp":1569711874,"path_taken":["M","M","M","M","?","E","M","R","T","M","$","E","R","M","R","BOSS","M","?","?","M","?","E","R","$","T","M","E","?","M","E","R","BOSS","M","$","M","?","?","E","M","E","T","$","E","M","M","E","R","BOSS","BOSS","R","$","E","BOSS"],"build_version":"2019-07-17","purchased_purges":3,"victory":true,"max_hp_per_floor":[75,75,75,75,75,75,75,75,75,75,75,75,75,75,75,75,75,75,75,75,75,75,75,75,75,75,75,75,80,80,80,80,80,80,80,80,80,80,83,83,86,96,96,96,99,102,110,110,110,110,113,113,113,113,113,113],"card_choices":[{"not_picked":["Perfected Strike","Clothesline"],"picked":"Battle Trance","floor":1.0},{"not_picked":["Wild Strike","True Grit"],"picked":"Disarm","floor":2.0},{"not_picked":["Power Through","Infernal Blade"],"picked":"Pommel Strike","floor":3.0},{"not_picked":["Rage","Searing Blow"],"picked":"Headbutt","floor":4.0},{"not_picked":["Clothesline","Second Wind"],"picked":"Immolate","floor":6.0},{"not_picked":["Pommel Strike","Havoc"],"picked":"Anger","floor":7.0},{"not_picked":["Dropkick","Heavy Blade","Carnage"],"picked":"SKIP","floor":10.0},{"not_picked":["Uppercut","Body Slam"],"picked":"Offering","floor":12.0},{"not_picked":["Havoc","Perfected Strike","Twin Strike"],"picked":"SKIP","floor":14.0},{"not_picked":["Juggernaut","Brutality"],"picked":"Reaper","floor":16.0},{"not_picked":["Ghostly Armor","Sword Boomerang","Whirlwind"],"picked":"SKIP","floor":18.0},{"not_picked":["Body Slam","Wild Strike"],"picked":"Clothesline+1","floor":21.0},{"not_picked":["Carnage","Inflame"],"picked":"Corruption","floor":22.0},{"not_picked":["Perfected Strike","Anger"],"picked":"Shrug It Off","floor":23.0},{"not_picked":["Second Wind","True Grit","Pommel Strike"],"picked":"SKIP","floor":27.0},{"not_picked":["Pommel Strike","Evolve","Metallicize"],"picked":"SKIP","floor":28.0},{"not_picked":["Sword Boomerang","Combust"],"picked":"Headbutt","floor":30.0},{"not_picked":["Warcry+1","Combust"],"picked":"Impervious","floor":31.0},{"not_picked":["Exhume","Double Tap"],"picked":"Feed","floor":33.0},{"not_picked":["Anger+1","Second Wind"],"picked":"Heavy Blade","floor":35.0},{"not_picked":["Clash+1","Cleave","Ghostly Armor"],"picked":"SKIP","floor":37.0},{"not_picked":["Bloodletting+1","Intimidate"],"picked":"Uppercut+1","floor":39.0},{"not_picked":["Body Slam+1","Second Wind+1","Sword Boomerang"],"picked":"SKIP","floor":40.0},{"not_picked":["Infernal Blade","Rupture","Clash+1"],"picked":"SKIP","floor":41},{"not_picked":["Wild Strike","Anger"],"picked":"Exhume","floor":42},{"not_picked":["Armaments","Pommel Strike","Pummel+1"],"picked":"SKIP","floor":45},{"not_picked":["Heavy Blade","Ghostly Armor+1","Uppercut"],"picked":"SKIP","floor":46},{"not_picked":["Flex+1","Bloodletting+1","Headbutt"],"picked":"SKIP","floor":47},{"not_picked":["Sever Soul","Carnage+1"],"picked":"Dual Wield","floor":48},{"not_picked":["Pummel","Uppercut","Seeing Red"],"picked":"SKIP","floor":55}],"player_experience":1037911,"relics_obtained":[{"floor":6.0,"key":"Boot"},{"floor":9.0,"key":"Regal Pillow"},{"floor":12.0,"key":"Meat on the Bone"},{"floor":20.0,"key":"Necronomicon"},{"floor":22.0,"key":"Red Mask"},{"floor":23.0,"key":"Potion Belt"},{"floor":26.0,"key":"Old Coin"},{"floor":28.0,"key":"Vajra"},{"floor":31.0,"key":"The Courier"},{"floor":40.0,"key":"Letter Opener"},{"floor":42,"key":"Pear"},{"floor":45,"key":"Ancient Tea Set"},{"floor":48,"key":"Red Skull"},{"floor":55,"key":"Blood Vial"}],"event_choices":[{"damage_healed":0.0,"max_hp_gain":0.0,"max_hp_loss":0.0,"gold_gain":0.0,"event_name":"Shining Light","player_choice":"Entered Light","floor":5.0,"gold_loss":0.0,"damage_taken":23.0,"cards_upgraded":["Defend_R","Strike_R"]},{"damage_healed":0.0,"max_hp_gain":0.0,"max_hp_loss":0.0,"gold_gain":0.0,"event_name":"Drug Dealer","player_choice":"Obtain J.A.X.","floor":19.0,"gold_loss":0.0,"damage_taken":0.0,"cards_obtained":["J.A.X."]},{"damage_healed":0.0,"max_hp_gain":0.0,"max_hp_loss":0.0,"gold_gain":0.0,"event_name":"Cursed Tome","player_choice":"Obtained Book","floor":20.0,"gold_loss":0.0,"damage_taken":21.0},{"damage_healed":0.0,"max_hp_gain":0.0,"max_hp_loss":0.0,"gold_gain":0.0,"event_name":"Masked Bandits","player_choice":"Fought Bandits","floor":22.0,"gold_loss":0.0,"damage_taken":0.0},{"damage_healed":0.0,"max_hp_gain":5.0,"max_hp_loss":0.0,"gold_gain":0.0,"event_name":"Forgotten Altar","player_choice":"Shed Blood","floor":29.0,"gold_loss":0.0,"damage_taken":26.0},{"damage_healed":0.0,"max_hp_gain":0.0,"max_hp_loss":0.0,"gold_gain":0.0,"event_name":"Duplicator","player_choice":"Copied","floor":38.0,"gold_loss":0.0,"damage_taken":0.0,"cards_obtained":["Reaper"]}],"is_beta":false,"boss_relics":[{"not_picked":["Calling Bell","White Beast Statue"],"picked":"Fusion Hammer"},{"not_picked":["Lizard Tail","Snecko Eye"],"picked":"Runic Dome"}],"items_purged_floors":[11,25,36],"is_endless":false,"potions_floor_spawned":[4,6,12,14,16,18,21,27,33,39,41,42,46,47,48],"ascension_level":20}