{"gold_per_floor":[15,28,28,48,48,84,84,105,105,105,30,30,74,89,89,219,219,207,221,221,246,267,267,310,326,377,377,410,434,458,458,458,458],"floor_reached":33,"playtime":3828,"items_purged":[],"score":299,"play_id":"6e9a39d9-e703-43c2-8a30-bd74d59f1890","local_time":"20190810003553","is_ascension_mode":false,"campfire_choices":[{"data":"Body Slam","floor":7,"key":"SMITH"},{"data":"Armaments","floor":10,"key":"SMITH"},{"data":"Offering","floor":12,"key":"SMITH"},{"data":"Reaper","floor":15,"key":"SMITH"},{"data":"Barricade","floor":23,"key":"SMITH"},{"floor":27,"key":"REST"},{"floor":32,"key":"REST"}],"neow_cost":"NO_GOLD","seed_source_timestamp":0,"circlet_count":0,"master_deck":["Strike_R","Defend_R","Defend_R","Defend_R","Defend_R","Bash","Body Slam+1","Offering+1","Armaments+1","Carnage","Armaments+1","Reaper+1","Rampage","Flame Barrier","Cleave","Barricade+1","Twin Strike+1","Iron Wave","Iron Wave+1","Demon Form","Battle Trance","Headbutt","Warcry+1","Spot Weakness+1","Seeing Red+1","Fire Breathing","Dark Embrace"],"special_seed":0,"relics":["Burning Blood","Golden Idol","Pen Nib","Bag of Marbles","Paper Frog","Runic Cube","Ancient Tea Set","Anchor"],"potions_floor_usage":[24,24,29,29,29],"damage_taken":[{"damage":6.0,"enemies":"2 Louse","floor":1.0,"turns":3.0},{"damage":11.0,"enemies":"Small Slimes","floor":2.0,"turns":4.0},{"damage":0,"enemies":"Jaw Worm","floor":4,"turns":3},{"damage":14,"enemies":"3 Sentries","floor":6,"turns":7},{"damage":6,"enemies":"2 Fungi Beasts","floor":8,"turns":2},{"damage":14,"enemies":"Lagavulin","floor":13,"turns":4},{"damage":9,"enemies":"3 Louse","floor":14,"turns":2},{"damage":33,"enemies":"Hexaghost","floor":16,"turns":9},{"damage":6,"enemies":"2 Thieves","floor":18,"turns":4},{"damage":11,"enemies":"Shell Parasite","floor":19,"turns":5},{"damage":5,"enemies":"Chosen and Byrds","floor":21,"turns":4},{"damage":23,"enemies":"Centurion and Healer","floor":22,"turns":7},{"damage":39,"enemies":"Slavers","floor":24,"turns":6},{"damage":32,"enemies":"Shelled Parasite and Fungi","floor":25,"turns":9},{"damage":33,"enemies":"Book of Stabbing","floor":28,"turns":5},{"damage":12,"enemies":"Cultist and Chosen","floor":29,"turns":7},{"damage":18,"enemies":"Snake Plant","floor":30,"turns":3},{"damage":64,"enemies":"Automaton","floor":33,"turns":6}],"seed_played":"-1919937041714175321","potions_obtained":[{"floor":6,"key":"SkillPotion"},{"floor":8,"key":"Energy Potion"},{"floor":14,"key":"Block Potion"},{"floor":24,"key":"Swift Potion"},{"floor":25,"key":"Weak Potion"}],"is_trial":false,"path_per_floor":["M","M","?","M","?","E","R","M","T","R","$","R","E","M","R","B",null,"M","M","?","M","M","R","E","M","T","R","E","M","M","?","R","B"],"character_chosen":"IRONCLAD","items_purchased":["Rampage"],"campfire_rested":2,"item_purchase_floors":[11],"current_hp_per_floor":[80,75,75,80,74,66,66,66,66,66,66,66,65,74,74,47,74,74,69,69,74,65,65,57,42,42,64,37,31,19,19,41,0],"gold":458,"neow_bonus":"TRANSFORM_TWO_CARDS","is_prod":false,"is_daily":false,"chose_seed":false,"campfire_upgraded":5,"win_rate":0,"timestamp":1565411753,"path_taken":["M","M","?","M","?","E","R","M","T","R","$","R","E","M","R","BOSS","M","M","?","M","M","R","E","M","T","R","E","M","M","?","R","BOSS"],"build_version":"2019-07-17","purchased_purges":0,"victory":false,"max_hp_per_floor":[80,80,80,80,74,74,74,74,74,74,74,74,74,74,74,74,74,74,74,74,74,74,74,74,74,74,74,74,74,74,74,74,74],"card_choices":[{"not_picked":["Pommel Strike","Body Slam"],"picked":"Armaments","floor":1.0},{"not_picked":["Headbutt","Reckless Charge"],"picked":"Carnage","floor":2.0},{"not_picked":["Pommel Strike","Warcry"],"picked":"Armaments","floor":4},{"not_picked":["Hemokinesis","Corruption"],"picked":"Reaper","floor":6},{"not_picked":["Heavy Blade","True Grit","Combust"],"picked":"SKIP","floor":8},{"not_picked":["Thunderclap","Dropkick"],"picked":"Flame Barrier","floor":13},{"not_picked":["Iron Wave","Pommel Strike"],"picked":"Cleave","floor":14},{"not_picked":["Berserk","Double Tap"],"picked":"Barricade","floor":16},{"not_picked":["Searing Blow+1","Warcry","Hemokinesis"],"picked":"SKIP","floor":18},{"not_picked":["Clothesline","Havoc"],"picked":"Twin Strike+1","floor":19},{"not_picked":["Anger","Perfected Strike"],"picked":"Iron Wave+1","floor":21},{"not_picked":["Clash","Feel No Pain"],"picked":"Demon Form","floor":22},{"not_picked":["Iron Wave","Warcry+1"],"picked":"Battle Trance","floor":24},{"not_picked":["Clothesline","Warcry"],"picked":"Headbutt","floor":25},{"not_picked":["Power Through","Spot Weakness"],"picked":"Warcry+1","floor":28},{"not_picked":["Warcry+1","Pommel Strike"],"picked":"Spot Weakness+1","floor":29},{"not_picked":["Combust","Feed"],"picked":"Seeing Red+1","floor":30}],"player_experience":151953,"relics_obtained":[{"floor":6,"key":"Pen Nib"},{"floor":9,"key":"Bag of Marbles"},{"floor":13,"key":"Paper Frog"},{"floor":24,"key":"Ancient Tea Set"},{"floor":28,"key":"Anchor"}],"event_choices":[{"damage_healed":0.0,"max_hp_gain":0.0,"max_hp_loss":0.0,"gold_gain":0.0,"event_name":"Living Wall","player_choice":"Grow","floor":3.0,"gold_loss":0.0,"damage_taken":0.0,"cards_upgraded":["Armaments"]},{"damage_healed":0,"gold_gain":0,"player_choice":"Lose Max HP","damage_taken":0,"relics_obtained":["Golden Idol"],"max_hp_gain":0,"max_hp_loss":6,"event_name":"Golden Idol","floor":5,"gold_loss":0},{"damage_healed":0,"gold_gain":0,"player_choice":"Read","damage_taken":0,"max_hp_gain":0,"max_hp_loss":0,"event_name":"The Library","floor":20,"gold_loss":0,"cards_obtained":["Iron Wave"]},{"damage_healed":0,"gold_gain":0,"cards_transformed":["Strike_R","Strike_R"],"player_choice":"Became Test Subject","damage_taken":0,"max_hp_gain":0,"max_hp_loss":0,"event_name":"Drug Dealer","floor":31,"gold_loss":0,"cards_obtained":["Fire Breathing","Dark Embrace"]}],"is_beta":false,"boss_relics":[{"not_picked":["Eternal Feather","Lizard Tail"],"picked":"Runic Cube"}],"items_purged_floors":[],"is_endless":false,"potions_floor_spawned":[6,8,14,21,22,24,25],"killed_by":"Automaton","ascension_level":0}