{"gold_per_floor":[112,123,48,123,48,48,76,76,76,92,153,53,78,88,88,162,162,176,194,69,69,69,69,103,103,129,129,44,62,36,64,64,64],"floor_reached":33,"playtime":478,"items_purged":["Strike_R","Strike_R","Defend_R"],"score":618,"play_id":"31003167-c5a6-48c2-a5ab-a455c0d766e3","local_time":"20190819202725","is_ascension_mode":true,"campfire_choices":[{"data":"Fiend Fire","floor":6,"key":"SMITH"},{"data":"Bash","floor":8,"key":"SMITH"},{"data":"Strike_R","floor":15,"key":"SMITH"},{"data":"Whirlwind","floor":23,"key":"SMITH"},{"data":"Demon Form","floor":25,"key":"SMITH"},{"data":"Battle Trance","floor":27,"key":"SMITH"},{"data":"Uppercut","floor":32,"key":"SMITH"}],"neow_cost":"NONE","seed_source_timestamp":140794807689800,"circlet_count":0,"master_deck":["AscendersBane","Strike_R","Strike_R","Strike_R+1","Defend_R","Defend_R","Defend_R","Bash+1","Fiend Fire+1","Demon Form+1","Battle Trance+1","Whirlwind+1","Shrug It Off","Uppercut+1","Shrug It Off"],"relics":["Burning Blood","NeowsBlessing","Unceasing Top","Mercury Hourglass","Orichalcum","Art of War","Velvet Choker","Lantern","Oddly Smooth Stone","Ornamental Fan","Red Mask"],"potions_floor_usage":[11,18,24,29,33],"damage_taken":[{"damage":0,"enemies":"Cultist","floor":1,"turns":1},{"damage":0,"enemies":"2 Louse","floor":2,"turns":1},{"damage":0,"enemies":"Lagavulin","floor":7,"turns":1},{"damage":9,"enemies":"Jaw Worm","floor":10,"turns":3},{"damage":28,"enemies":"3 Sentries","floor":11,"turns":6},{"damage":12,"enemies":"Large Slime","floor":14,"turns":2},{"damage":32,"enemies":"Slime Boss","floor":16,"turns":8},{"damage":20,"enemies":"3 Byrds","floor":18,"turns":5},{"damage":6,"enemies":"Chosen","floor":19,"turns":3},{"damage":0,"enemies":"Gremlin Leader","floor":24,"turns":2},{"damage":14,"enemies":"Shelled Parasite and Fungi","floor":29,"turns":2},{"damage":0,"enemies":"Masked Bandits","floor":31,"turns":1},{"damage":38,"enemies":"Automaton","floor":33,"turns":6}],"seed_played":"-6110699470863910769","potions_obtained":[{"floor":7,"key":"Block Potion"},{"floor":10,"key":"Weak Potion"},{"floor":14,"key":"SpeedPotion"},{"floor":18,"key":"Swift Potion"},{"floor":24,"key":"SkillPotion"}],"is_trial":false,"path_per_floor":["M","M","$","?","$","R","E","R","T","M","?","$","T","M","R","B",null,"M","M","$","?","?","R","E","R","T","R","?","M","$","?","R","B"],"character_chosen":"IRONCLAD","items_purchased":["Fiend Fire","Shrug It Off"],"campfire_rested":0,"item_purchase_floors":[5,30],"current_hp_per_floor":[74,75,75,64,64,64,70,70,70,67,45,45,45,39,39,13,60,46,46,46,46,46,46,52,52,52,52,52,44,44,50,50,12],"gold":64,"neow_bonus":"THREE_ENEMY_KILL","is_prod":false,"is_daily":false,"chose_seed":false,"campfire_upgraded":7,"win_rate":0,"timestamp":1566221245,"path_taken":["M","?","?","?","$","R","E","R","T","M","?","$","?","M","R","BOSS","M","M","$","?","?","R","E","R","T","R","?","M","?","?","R","BOSS"],"build_version":"2019-08-15","purchased_purges":3,"victory":false,"max_hp_per_floor":[75,75,75,75,75,75,75,75,75,75,75,75,75,75,75,75,75,75,75,75,75,75,75,75,75,75,75,75,75,75,75,75,75],"card_choices":[{"not_picked":["Iron Wave","Clash","Clothesline"],"picked":"SKIP","floor":1},{"not_picked":["Armaments","Cleave","Metallicize"],"picked":"SKIP","floor":2},{"not_picked":["Armaments","Flex","True Grit"],"picked":"SKIP","floor":7},{"not_picked":["Brutality","Clothesline","Evolve"],"picked":"SKIP","floor":10},{"not_picked":["Clothesline","Wild Strike","Metallicize"],"picked":"SKIP","floor":14},{"not_picked":["Juggernaut","Barricade"],"picked":"Demon Form","floor":16},{"not_picked":["Wild Strike","Heavy Blade"],"picked":"Battle Trance","floor":18},{"not_picked":["Body Slam","Flex","Wild Strike+1"],"picked":"SKIP","floor":19},{"not_picked":["Barricade","Thunderclap"],"picked":"Shrug It Off","floor":24},{"not_picked":["Armaments","Fire Breathing"],"picked":"Uppercut","floor":29}],"player_experience":1069502,"relics_obtained":[{"floor":7,"key":"Unceasing Top"},{"floor":9,"key":"Mercury Hourglass"},{"floor":11,"key":"Orichalcum"},{"floor":13,"key":"Art of War"},{"floor":24,"key":"Lantern"},{"floor":26,"key":"Oddly Smooth Stone"},{"floor":31,"key":"Red Mask"}],"event_choices":[{"damage_healed":0,"gold_gain":75,"player_choice":"Gather Gold","damage_taken":11,"max_hp_gain":0,"max_hp_loss":0,"event_name":"World of Goop","floor":4,"gold_loss":0},{"damage_healed":0,"gold_gain":0,"player_choice":"Searched \u00271\u0027 times","damage_taken":0,"max_hp_gain":0,"max_hp_loss":0,"event_name":"Dead Adventurer","floor":11,"gold_loss":0},{"damage_healed":0,"gold_gain":0,"player_choice":"Read","damage_taken":0,"max_hp_gain":0,"max_hp_loss":0,"event_name":"The Library","floor":21,"gold_loss":0,"cards_obtained":["Whirlwind"]},{"damage_healed":0,"gold_gain":0,"player_choice":"Ignored","damage_taken":0,"max_hp_gain":0,"max_hp_loss":0,"event_name":"Ghosts","floor":22,"gold_loss":0},{"damage_healed":0,"gold_gain":0,"player_choice":"Obtained Relic","damage_taken":0,"relics_obtained":["Ornamental Fan"],"max_hp_gain":0,"max_hp_loss":0,"event_name":"Addict","floor":28,"gold_loss":85},{"damage_healed":0,"gold_gain":0,"player_choice":"Fought Bandits","damage_taken":0,"max_hp_gain":0,"max_hp_loss":0,"event_name":"Masked Bandits","floor":31,"gold_loss":0}],"is_beta":true,"boss_relics":[{"not_picked":["White Beast Statue","Runic Dome"],"picked":"Velvet Choker"}],"items_purged_floors":[3,12,20],"is_endless":false,"potions_floor_spawned":[7,10,14,16,18,24],"killed_by":"Automaton","ascension_level":20}