{"gold_per_floor":[117,132,47,47,65,65,96,96,120,155,155,48,73,91,91,190,240,260,57,57,57,76,76,107,126,150,150,164,183,183,84,84,179,179,196,296,306,306,306,325,325,357,357,357,388,54,65,84,84,84],"floor_reached":50,"playtime":5601,"items_purged":["Strike_R"],"score":603,"play_id":"5c21041b-fe7c-4cb3-a27b-97d7ade4bac0","local_time":"20190419113437","is_ascension_mode":false,"campfire_choices":[{"data":"Corruption","floor":6.0,"key":"SMITH"},{"data":"Anger","floor":8.0,"key":"SMITH"},{"data":"Bash","floor":11.0,"key":"SMITH"},{"floor":15.0,"key":"REST"},{"data":"Armaments","floor":23.0,"key":"SMITH"},{"floor":30.0,"key":"REST"},{"floor":32.0,"key":"REST"},{"data":"Offering","floor":41.0,"key":"SMITH"},{"floor":44.0,"key":"REST"},{"floor":49,"key":"REST"}],"neow_cost":"NONE","seed_source_timestamp":0,"circlet_count":0,"master_deck":["Strike_R","Strike_R","Defend_R","Defend_R+1","Defend_R","Defend_R","Bash+1","Corruption+1","Jack Of All Trades","Shrug It Off","Flame Barrier","Offering+1","Metallicize","Armaments+1","Feed","Clothesline","Demon Form","Twin Strike","Rampage+1","Searing Blow","Pummel","Iron Wave","Flex+1","Bludgeon","Iron Wave+1","Power Through+1","Rampage+1","Pommel Strike","Headbutt+1","Dark Shackles+1","Swift Strike","Iron Wave","Dual Wield+1"],"special_seed":0,"relics":["Busted Crown","Red Skull","Centennial Puzzle","Champion Belt","Lantern","Tiny House","Self Forming Clay","Bag of Marbles","MutagenicStrength","Astrolabe","Torii","Orichalcum","Kunai","War Paint","Molten Egg 2"],"potions_floor_usage":[45,48,48,50],"damage_taken":[{"damage":2.0,"enemies":"2 Louse","floor":1.0,"turns":2.0},{"damage":1.0,"enemies":"Cultist","floor":2.0,"turns":3.0},{"damage":0.0,"enemies":"Jaw Worm","floor":5.0,"turns":3.0},{"damage":28.0,"enemies":"Gremlin Nob","floor":7.0,"turns":4.0},{"damage":6.0,"enemies":"Lagavulin","floor":10.0,"turns":6.0},{"damage":6.0,"enemies":"Blue Slaver","floor":14.0,"turns":2.0},{"damage":6.0,"enemies":"Hexaghost","floor":16.0,"turns":6.0},{"damage":6.0,"enemies":"Spheric Guardian","floor":18.0,"turns":4.0},{"damage":24.0,"enemies":"2 Thieves","floor":22.0,"turns":4.0},{"damage":15.0,"enemies":"Slavers","floor":24.0,"turns":5.0},{"damage":6.0,"enemies":"Snecko","floor":25.0,"turns":4.0},{"damage":2.0,"enemies":"Snake Plant","floor":28.0,"turns":2.0},{"damage":18.0,"enemies":"Centurion and Healer","floor":29.0,"turns":4.0},{"damage":62.0,"enemies":"Automaton","floor":33.0,"turns":7.0},{"damage":20.0,"enemies":"3 Darklings","floor":35.0,"turns":9.0},{"damage":15.0,"enemies":"Mind Bloom Boss Battle","floor":36.0,"turns":6.0},{"damage":6.0,"enemies":"Orb Walker","floor":37.0,"turns":3.0},{"damage":16.0,"enemies":"Sphere and 2 Shapes","floor":40.0,"turns":6.0},{"damage":59.0,"enemies":"Nemesis","floor":42.0,"turns":9.0},{"damage":7,"enemies":"Giant Head","floor":45,"turns":6},{"damage":34,"enemies":"4 Shapes","floor":47,"turns":3},{"damage":2,"enemies":"Writhing Mass","floor":48,"turns":4},{"damage":42,"enemies":"Awakened One","floor":50,"turns":9}],"seed_played":"-6278459384804744129","potions_obtained":[{"floor":1.0,"key":"Dexterity Potion"},{"floor":10.0,"key":"SteroidPotion"},{"floor":14.0,"key":"FearPotion"},{"floor":17.0,"key":"Energy Potion"},{"floor":28.0,"key":"BloodPotion"},{"floor":33.0,"key":"Fruit Juice"},{"floor":37.0,"key":"SkillPotion"},{"floor":40.0,"key":"SkillPotion"},{"floor":47,"key":"Swift Potion"}],"is_trial":false,"path_per_floor":["M","M","$","?","M","R","E","R","T","E","R","$","T","M","R","B",null,"M","$","?","?","M","R","E","M","T","?","M","M","R","$","R","B",null,"M","?","M","?","?","M","R","E","T","R","E","$","M","M","R","B"],"character_chosen":"IRONCLAD","items_purchased":["Jack Of All Trades","Metallicize","Armaments","Demon Form","Twin Strike","Iron Wave","Flex","Molten Egg 2"],"campfire_rested":5,"item_purchase_floors":[3,12,12,19,19,31,31,46],"current_hp_per_floor":[78,77,77,80,80,80,52,52,52,46,46,46,46,40,64,58,85,79,79,79,79,58,58,47,41,41,41,42,33,61,61,89,27,95,75,60,54,44,83,75,75,16,16,43,40,40,9,7,36,0],"gold":84,"neow_bonus":"BOSS_RELIC","is_prod":false,"is_daily":false,"chose_seed":false,"campfire_upgraded":5,"win_rate":0.0,"timestamp":1555691677,"path_taken":["M","M","$","?","M","R","E","R","T","E","R","$","?","M","R","BOSS","M","$","?","?","M","R","E","M","T","?","?","M","R","?","R","BOSS","M","?","M","?","?","M","R","E","T","R","E","?","M","M","R","BOSS"],"build_version":"2019-01-23","purchased_purges":1,"victory":false,"max_hp_per_floor":[80,80,80,80,80,80,80,80,80,80,80,80,80,80,80,80,85,85,85,85,85,88,88,92,92,92,92,95,95,95,95,95,95,95,95,95,95,95,83,91,91,91,91,91,95,95,98,98,98,98],"card_choices":[{"not_picked":[],"picked":"Corruption","floor":1.0},{"not_picked":[],"picked":"Anger","floor":2.0},{"not_picked":[],"picked":"Shrug It Off","floor":5.0},{"not_picked":[],"picked":"Flame Barrier","floor":7.0},{"not_picked":[],"picked":"Offering","floor":10.0},{"not_picked":["True Grit"],"picked":"SKIP","floor":14.0},{"not_picked":[],"picked":"Feed","floor":16.0},{"not_picked":[],"picked":"Clothesline","floor":18.0},{"not_picked":[],"picked":"Rampage+1","floor":22.0},{"not_picked":["Feed"],"picked":"SKIP","floor":24.0},{"not_picked":["Clothesline"],"picked":"SKIP","floor":25.0},{"not_picked":[],"picked":"Searing Blow","floor":28.0},{"not_picked":[],"picked":"Pummel","floor":29.0},{"not_picked":[],"picked":"Bludgeon","floor":33.0},{"not_picked":[],"picked":"Pommel Strike","floor":35.0},{"not_picked":[],"picked":"Headbutt+1","floor":37.0},{"not_picked":[],"picked":"Dark Shackles","floor":38.0},{"not_picked":[],"picked":"Swift Strike","floor":38.0},{"not_picked":[],"picked":"Iron Wave","floor":40.0},{"not_picked":[],"picked":"Dual Wield+1","floor":42.0},{"not_picked":["Clothesline"],"picked":"SKIP","floor":45},{"not_picked":["Sever Soul+1"],"picked":"SKIP","floor":47},{"not_picked":["Seeing Red"],"picked":"SKIP","floor":48}],"player_experience":16800,"relics_obtained":[{"floor":7.0,"key":"Red Skull"},{"floor":9.0,"key":"Centennial Puzzle"},{"floor":10.0,"key":"Champion Belt"},{"floor":13.0,"key":"Lantern"},{"floor":24.0,"key":"Self Forming Clay"},{"floor":26.0,"key":"Bag of Marbles"},{"floor":36.0,"key":"Torii"},{"floor":42.0,"key":"Orichalcum"},{"floor":43.0,"key":"Kunai"},{"floor":45,"key":"War Paint"}],"event_choices":[{"damage_healed":3.0,"max_hp_gain":0.0,"max_hp_loss":0.0,"gold_gain":0.0,"event_name":"Wheel of Change","player_choice":"Full Heal","floor":4.0,"gold_loss":0.0,"damage_taken":0.0},{"damage_healed":0.0,"max_hp_gain":0.0,"max_hp_loss":0.0,"gold_gain":0.0,"event_name":"Beggar","player_choice":"Ignored","floor":20.0,"gold_loss":0.0,"damage_taken":0.0},{"damage_healed":0.0,"max_hp_gain":0.0,"max_hp_loss":0.0,"gold_gain":0.0,"event_name":"Ghosts","player_choice":"Ignored","floor":21.0,"gold_loss":0.0,"damage_taken":0.0},{"damage_healed":0.0,"max_hp_gain":0.0,"max_hp_loss":0.0,"gold_gain":0.0,"event_name":"Drug Dealer","player_choice":"Inject Mutagens","floor":27.0,"gold_loss":0.0,"damage_taken":0.0,"relics_obtained":["MutagenicStrength"]},{"damage_healed":0.0,"max_hp_gain":0.0,"max_hp_loss":0.0,"gold_gain":0.0,"event_name":"MindBloom","player_choice":"Fight","floor":36.0,"gold_loss":0.0,"damage_taken":0.0},{"damage_healed":0.0,"max_hp_gain":0.0,"max_hp_loss":0.0,"gold_gain":0.0,"event_name":"SensoryStone","player_choice":"Memory 3","floor":38.0,"gold_loss":0.0,"damage_taken":10.0},{"damage_healed":83.0,"max_hp_gain":0.0,"max_hp_loss":12.0,"gold_gain":0.0,"event_name":"The Moai Head","player_choice":"Heal","floor":39.0,"gold_loss":0.0,"damage_taken":0.0}],"is_beta":false,"boss_relics":[{"not_picked":["Sozu","White Beast Statue"],"picked":"Tiny House"},{"not_picked":["Mark of Pain","Fusion Hammer"],"picked":"Astrolabe"}],"items_purged_floors":[46],"is_endless":false,"potions_floor_spawned":[1,10,14,25,28,33,37,40,47],"killed_by":"Awakened One","ascension_level":0}