{"gold_per_floor":[115,115,134,59,74,74,88,88,170,205,205,218,59,78,78,154,154,170,70,70,86,120,136,136],"floor_reached":24,"playtime":1914,"items_purged":["Strike_B","Strike_B"],"score":327,"play_id":"4d5fff07-32b1-41b3-bc9c-daaa7adc51cc","local_time":"20181231151857","is_ascension_mode":true,"campfire_choices":[{"data":"Zap","floor":6,"key":"SMITH"},{"data":"Zap","floor":8,"key":"SMITH"},{"data":"Dualcast","floor":11,"key":"SMITH"},{"floor":15,"key":"REST"}],"neow_cost":"NONE","seed_source_timestamp":1011183154541074,"circlet_count":0,"master_deck":["AscendersBane","Strike_B","Strike_B+1","Defend_B","Defend_B","Defend_B","Defend_B","Zap+1","Dualcast+1","Ball Lightning+1","Zap+1","Consume","Cold Snap","Genetic Algorithm","Electrodynamics","Capacitor","Blind","Hologram","Echo Form","Steam+1","Coolheaded+1","Core Surge","Conserve Battery"],"relics":["FrozenCore","NeowsBlessing","Bottled Flame","Whetstone","Enchiridion","Red Mask"],"potions_floor_usage":[7,10,16,24,24],"damage_taken":[{"damage":0,"enemies":"Jaw Worm","floor":1,"turns":1},{"damage":0,"enemies":"Cultist","floor":3,"turns":1},{"damage":0,"enemies":"Small Slimes","floor":5,"turns":1},{"damage":2,"enemies":"2 Fungi Beasts","floor":7,"turns":2},{"damage":25,"enemies":"Lagavulin","floor":10,"turns":5},{"damage":3,"enemies":"Looter","floor":12,"turns":3},{"damage":15,"enemies":"Exordium Wildlife","floor":14,"turns":2},{"damage":14,"enemies":"Hexaghost","floor":16,"turns":7},{"damage":14,"enemies":"Shell Parasite","floor":18,"turns":6},{"damage":17,"enemies":"2 Thieves","floor":21,"turns":3},{"damage":16,"enemies":"Masked Bandits","floor":22,"turns":4},{"damage":0,"enemies":"Snecko","floor":23,"turns":7},{"damage":9,"enemies":"Centurion and Healer","floor":24,"turns":4}],"seed_played":"-4152514144321994301","potions_obtained":[{"floor":5,"key":"Fire Potion"},{"floor":7,"key":"FearPotion"},{"floor":12,"key":"FocusPotion"},{"floor":23,"key":"EntropicBrew"}],"is_trial":false,"path_per_floor":["M","?","M","$","M","R","M","R","T","E","R","M","$","M","R","B",null,"M","$","?","M","?","M","M"],"character_chosen":"DEFECT","items_purchased":["Capacitor","Blind"],"campfire_rested":1,"item_purchase_floors":[13,13],"current_hp_per_floor":[68,68,68,68,68,68,66,66,66,41,41,38,38,23,45,31,64,50,50,34,17,1,1,0],"gold":136,"neow_bonus":"THREE_ENEMY_KILL","is_prod":false,"is_daily":false,"chose_seed":false,"campfire_upgraded":3,"win_rate":0,"timestamp":1546291137,"path_taken":["M","?","?","$","M","R","M","R","T","E","R","M","?","M","R","BOSS","M","$","?","M","?","M","M"],"build_version":"2018-12-20","purchased_purges":2,"victory":false,"max_hp_per_floor":[75,75,75,75,75,75,75,75,75,75,75,75,75,75,75,75,75,75,75,75,75,75,75,75],"card_choices":[{"not_picked":["Rebound","Gash"],"picked":"Ball Lightning","floor":1},{"not_picked":["Go for the Eyes","Streamline"],"picked":"Consume","floor":3},{"not_picked":["Force Field","Self Repair"],"picked":"Cold Snap","floor":5},{"not_picked":["Stack","Barrage","Tempest"],"picked":"SKIP","floor":7},{"not_picked":["Streamline","Turbo"],"picked":"Genetic Algorithm","floor":10},{"not_picked":["Turbo","Scrape"],"picked":"Electrodynamics","floor":12},{"not_picked":["Rip and Tear","Go for the Eyes"],"picked":"Hologram","floor":14},{"not_picked":["Multi-Cast","Core Surge"],"picked":"Echo Form","floor":16},{"not_picked":["Compile Driver","Hello World"],"picked":"Steam+1","floor":18},{"not_picked":["Stack","Rebound"],"picked":"Coolheaded+1","floor":21},{"not_picked":["Steam","Scrape"],"picked":"Core Surge","floor":22},{"not_picked":["Rebound","Fusion"],"picked":"Conserve Battery","floor":23}],"player_experience":1046799,"relics_obtained":[{"floor":9,"key":"Bottled Flame"},{"floor":10,"key":"Whetstone"},{"floor":20,"key":"Enchiridion"},{"floor":22,"key":"Red Mask"}],"event_choices":[{"damage_healed":0,"gold_gain":0,"player_choice":"1 cards matched","damage_taken":0,"max_hp_gain":0,"max_hp_loss":0,"event_name":"Match and Keep!","floor":2,"gold_loss":0,"cards_obtained":["Zap"]},{"damage_healed":0,"gold_gain":0,"player_choice":"Obtained Book","damage_taken":16,"max_hp_gain":0,"max_hp_loss":0,"event_name":"Cursed Tome","floor":20,"gold_loss":0},{"damage_healed":0,"gold_gain":0,"player_choice":"Fought Bandits","damage_taken":0,"max_hp_gain":0,"max_hp_loss":0,"event_name":"Masked Bandits","floor":22,"gold_loss":0}],"is_beta":false,"boss_relics":[{"not_picked":["Snecko Eye","Calling Bell"],"picked":"FrozenCore"}],"items_purged_floors":[4,19],"is_endless":false,"potions_floor_spawned":[5,7,12,23],"killed_by":"Centurion and Healer","ascension_level":13}