{"gold_per_floor":[115,40,40,40,64,98,121,121,121,165,165,204,217,241,241,241],"floor_reached":16,"playtime":313,"items_purged":[],"score":340,"play_id":"6c70ae1a-4e9d-4d08-b46d-405be8ab1ea5","local_time":"20190907181333","is_ascension_mode":true,"campfire_choices":[{"data":"Shrug It Off","floor":11,"key":"SMITH"},{"data":"Shrug It Off","floor":15,"key":"SMITH"}],"neow_cost":"NONE","seed_source_timestamp":108607201057500,"circlet_count":0,"master_deck":["AscendersBane","Strike_R","Strike_R","Strike_R","Defend_R","Defend_R","Defend_R","Defend_R","Bash+1","Battle Trance","Shrug It Off+1","Shrug It Off+1"],"relics":["Burning Blood","NeowsBlessing","Golden Idol","FossilizedHelix","Pear","Strawberry","Ancient Tea Set"],"potions_floor_usage":[10],"damage_taken":[{"damage":0,"enemies":"2 Louse","floor":1,"turns":1},{"damage":0,"enemies":"Cultist","floor":5,"turns":1},{"damage":0,"enemies":"Lagavulin","floor":6,"turns":1},{"damage":0,"enemies":"Small Slimes","floor":7,"turns":3},{"damage":42,"enemies":"3 Sentries","floor":10,"turns":17},{"damage":0,"enemies":"Gremlin Nob","floor":12,"turns":4},{"damage":0,"enemies":"2 Fungi Beasts","floor":13,"turns":5},{"damage":0,"enemies":"Exordium Wildlife","floor":14,"turns":4},{"damage":0,"enemies":"Hexaghost","floor":16,"turns":1}],"seed_played":"6043085678803410370","potions_obtained":[{"floor":6,"key":"FearPotion"},{"floor":10,"key":"SpeedPotion"},{"floor":13,"key":"Block Potion"}],"is_trial":false,"path_per_floor":["M","?","?","?","M","E","M","?","T","E","R","E","M","M","R","B"],"character_chosen":"IRONCLAD","items_purchased":[],"campfire_rested":0,"item_purchase_floors":[],"current_hp_per_floor":[74,74,74,48,54,60,66,66,76,47,47,53,59,65,65,65],"gold":241,"neow_bonus":"THREE_ENEMY_KILL","is_prod":false,"is_daily":false,"chose_seed":false,"campfire_upgraded":2,"win_rate":0,"timestamp":1567854813,"path_taken":["M","?","?","?","M","E","M","?","T","E","R","E","?","M","R","BOSS"],"build_version":"2019-07-17","purchased_purges":0,"victory":false,"max_hp_per_floor":[75,75,75,75,75,75,75,75,85,92,92,92,92,92,92,92],"card_choices":[{"not_picked":["Armaments","Flame Barrier","Carnage"],"picked":"SKIP","floor":1},{"not_picked":["Thunderclap","Havoc","Cleave"],"picked":"SKIP","floor":5},{"not_picked":["Warcry","Sentinel"],"picked":"Battle Trance","floor":6},{"not_picked":["Searing Blow","Headbutt"],"picked":"Shrug It Off","floor":7},{"not_picked":["Heavy Blade","Dual Wield","Clash"],"picked":"SKIP","floor":10},{"not_picked":["Pummel","Havoc","Reaper"],"picked":"SKIP","floor":12},{"not_picked":["Bloodletting","Corruption"],"picked":"Shrug It Off","floor":13},{"not_picked":["Twin Strike","Pummel","Havoc"],"picked":"SKIP","floor":14}],"player_experience":1156824,"relics_obtained":[{"floor":6,"key":"FossilizedHelix"},{"floor":9,"key":"Pear"},{"floor":10,"key":"Strawberry"},{"floor":12,"key":"Ancient Tea Set"}],"event_choices":[{"cards_removed":["Strike_R"],"damage_healed":0,"gold_gain":0,"player_choice":"Card Removal","damage_taken":0,"max_hp_gain":0,"max_hp_loss":0,"event_name":"The Cleric","floor":2,"gold_loss":75},{"cards_removed":["Strike_R"],"damage_healed":0,"gold_gain":0,"player_choice":"Forget","damage_taken":0,"max_hp_gain":0,"max_hp_loss":0,"event_name":"Living Wall","floor":3,"gold_loss":0},{"damage_healed":0,"gold_gain":0,"player_choice":"Take Damage","damage_taken":26,"relics_obtained":["Golden Idol"],"max_hp_gain":0,"max_hp_loss":0,"event_name":"Golden Idol","floor":4,"gold_loss":0},{"damage_healed":0,"gold_gain":0,"player_choice":"Forge","damage_taken":0,"max_hp_gain":0,"max_hp_loss":0,"event_name":"Accursed Blacksmith","floor":8,"gold_loss":0,"cards_upgraded":["Bash"]}],"is_beta":false,"boss_relics":[],"items_purged_floors":[],"is_endless":false,"potions_floor_spawned":[6,10,13],"killed_by":"Hexaghost","ascension_level":20}