{"gold_per_floor":[109,124,74,74,90,105,105,123,148,148,13,48,48,48],"floor_reached":14,"playtime":525,"items_purged":[],"score":104,"play_id":"e870e3c3-6ee5-403f-8d45-36593cfa7c72","local_time":"20190714141146","is_ascension_mode":true,"campfire_choices":[{"floor":7,"key":"RECALL"},{"floor":10,"key":"REST"}],"neow_cost":"NONE","seed_source_timestamp":181189182303518,"circlet_count":0,"master_deck":["Strike_B","Strike_B","Strike_B","Defend_B","Defend_B","Defend_B","Zap","Dualcast","Gash","Hologram","Multi-Cast","Turbo","Gash","Creative AI","Capacitor","Cold Snap","Conserve Battery","Redo"],"relics":["Fusion Hammer","Ancient Tea Set","Lantern","Kunai"],"potions_floor_usage":[14,14],"damage_taken":[{"damage":4,"enemies":"Small Slimes","floor":1,"turns":3},{"damage":4,"enemies":"Jaw Worm","floor":2,"turns":3},{"damage":0,"enemies":"Cultist","floor":5,"turns":3},{"damage":15,"enemies":"Red Slaver","floor":6,"turns":3},{"damage":18,"enemies":"Exordium Thugs","floor":8,"turns":5},{"damage":20,"enemies":"Lagavulin","floor":12,"turns":8},{"damage":55,"enemies":"Gremlin Nob","floor":14,"turns":6}],"seed_played":"2260410097405608329","potions_obtained":[{"floor":1,"key":"Regen Potion"},{"floor":5,"key":"Dexterity Potion"},{"floor":6,"key":"Strength Potion"}],"is_trial":false,"path_per_floor":["M","M","?","?","M","M","R","M","T","R","$","E","T","E"],"character_chosen":"DEFECT","items_purchased":["Capacitor","Cold Snap","Conserve Battery"],"campfire_rested":1,"item_purchase_floors":[11,11,11],"current_hp_per_floor":[71,67,67,67,67,52,52,34,34,56,56,36,36,0],"gold":48,"neow_bonus":"BOSS_RELIC","is_prod":false,"is_daily":false,"chose_seed":false,"campfire_upgraded":0,"win_rate":0,"timestamp":1563106306,"path_taken":["M","M","?","?","?","M","R","M","T","R","?","E","?","E"],"build_version":"2019-07-05","purchased_purges":0,"victory":false,"max_hp_per_floor":[75,75,75,75,75,75,75,75,75,75,75,75,75,75],"card_choices":[{"not_picked":["Rip and Tear","Redo"],"picked":"Gash","floor":1},{"not_picked":["Go for the Eyes","Stack"],"picked":"Hologram","floor":2},{"not_picked":["Steam","Force Field"],"picked":"Turbo","floor":5},{"not_picked":["Recycle","Leap"],"picked":"Gash","floor":6},{"not_picked":["Hologram","Turbo"],"picked":"Creative AI","floor":8},{"not_picked":["Sweeping Beam","Rebound"],"picked":"Redo","floor":12}],"player_experience":264283,"relics_obtained":[{"floor":9,"key":"Ancient Tea Set"},{"floor":12,"key":"Lantern"},{"floor":13,"key":"Kunai"}],"event_choices":[{"cards_removed":["Strike_B"],"damage_healed":0,"gold_gain":0,"player_choice":"Card Removal","damage_taken":0,"max_hp_gain":0,"max_hp_loss":0,"event_name":"The Cleric","floor":3,"gold_loss":50},{"damage_healed":0,"gold_gain":0,"cards_transformed":["Defend_B"],"player_choice":"Transformed","damage_taken":0,"max_hp_gain":0,"max_hp_loss":0,"event_name":"Transmorgrifier","floor":4,"gold_loss":0,"cards_obtained":["Multi-Cast"]}],"is_beta":false,"boss_relics":[],"items_purged_floors":[],"is_endless":false,"potions_floor_spawned":[1,5,6],"killed_by":"Gremlin Nob","ascension_level":3}