{"gold_per_floor":[15,15,15,33,47,47,47,47,102,102,131,144,144,195,195],"floor_reached":15,"playtime":277,"items_purged":[],"score":186,"play_id":"9fdb1b34-8bba-41c8-88ac-9ee3a06ddf9e","local_time":"20190925134046","is_ascension_mode":true,"campfire_choices":[{"data":"Sentinel","floor":6,"key":"SMITH"},{"data":"Burning Pact","floor":8,"key":"SMITH"},{"data":"Headbutt","floor":10,"key":"SMITH"}],"neow_cost":"NO_GOLD","seed_source_timestamp":739768389576500,"circlet_count":0,"master_deck":["AscendersBane","Strike_R","Strike_R","Defend_R","Defend_R","Defend_R","Defend_R","Bash","True Grit","Headbutt+1","Burning Pact+1","Sentinel+1","Dual Wield"],"relics":["Burning Blood","Tiny Chest","Juzu Bracelet","Mummified Hand","InkBottle"],"potions_floor_usage":[],"damage_taken":[{"damage":1,"enemies":"2 Louse","floor":1,"turns":3},{"damage":38,"enemies":"Jaw Worm","floor":4,"turns":11},{"damage":7,"enemies":"Cultist","floor":5,"turns":4},{"damage":32,"enemies":"Gremlin Nob","floor":11,"turns":4},{"damage":17,"enemies":"Red Slaver","floor":12,"turns":7}],"seed_played":"6326729161635792024","potions_obtained":[{"floor":3,"key":"EssenceOfSteel"},{"floor":3,"key":"FairyPotion"},{"floor":11,"key":"FairyPotion"},{"floor":12,"key":"EssenceOfSteel"}],"is_trial":false,"path_per_floor":["M","?","?","M","M","R","$","R","T","R","E","M","T","T","R"],"character_chosen":"IRONCLAD","items_purchased":[],"campfire_rested":0,"item_purchase_floors":[],"current_hp_per_floor":[73,73,73,41,40,40,40,40,40,40,14,28,28,28,28],"gold":195,"neow_bonus":"REMOVE_TWO","is_prod":false,"is_daily":false,"chose_seed":false,"campfire_upgraded":3,"win_rate":0,"timestamp":1569444046,"path_taken":["M","?","?","?","M","R","?","R","T","R","E","M","?","?","R"],"build_version":"2019-09-24","purchased_purges":0,"victory":false,"max_hp_per_floor":[75,75,75,75,75,75,75,75,75,75,75,75,75,75,75],"card_choices":[{"not_picked":["Body Slam","Seeing Red"],"picked":"True Grit","floor":1},{"not_picked":["Anger","Rampage"],"picked":"Burning Pact","floor":4},{"not_picked":["Ghostly Armor","Feel No Pain"],"picked":"Sentinel","floor":5},{"not_picked":["Headbutt","Twin Strike"],"picked":"Dual Wield","floor":11},{"not_picked":["Wild Strike","Pommel Strike","Fire Breathing"],"picked":"SKIP","floor":12}],"player_experience":1034461,"relics_obtained":[{"floor":9,"key":"Tiny Chest"},{"floor":11,"key":"Juzu Bracelet"},{"floor":13,"key":"Mummified Hand"},{"floor":14,"key":"InkBottle"}],"event_choices":[{"damage_healed":0,"gold_gain":0,"cards_transformed":["Strike_R"],"player_choice":"Change","damage_taken":0,"max_hp_gain":0,"max_hp_loss":0,"event_name":"Living Wall","floor":2,"gold_loss":0,"cards_obtained":["Headbutt"]},{"damage_healed":0,"gold_gain":0,"player_choice":"Got Potions","damage_taken":0,"max_hp_gain":0,"max_hp_loss":0,"event_name":"Lab","floor":3,"gold_loss":0}],"is_beta":true,"boss_relics":[],"items_purged_floors":[],"is_endless":false,"potions_floor_spawned":[4,11,12],"ascension_level":20}