{"gold_per_floor":[118,118,136,86,98,98,114,114,114,126,146,146,160,171,171,171],"floor_reached":16,"playtime":461,"items_purged":[],"score":115,"play_id":"e3837329-5ae2-4257-b82d-5eb7aea49669","local_time":"20190606163037","is_ascension_mode":true,"campfire_choices":[{"floor":6,"key":"REST"},{"floor":8,"key":"REST"},{"floor":15,"key":"REST"}],"neow_cost":"PERCENT_DAMAGE","seed_source_timestamp":284205908108156,"circlet_count":0,"master_deck":["Strike_R","Strike_R","Defend_R","Defend_R","Bash"],"relics":["Burning Blood","Smiling Mask"],"potions_floor_usage":[10,14],"damage_taken":[{"damage":5,"enemies":"Small Slimes","floor":1,"turns":4},{"damage":20,"enemies":"Cultist","floor":3,"turns":5},{"damage":3,"enemies":"Jaw Worm","floor":5,"turns":4},{"damage":22,"enemies":"Blue Slaver","floor":7,"turns":5},{"damage":20,"enemies":"Lots of Slimes","floor":10,"turns":3},{"damage":17,"enemies":"Looter","floor":11,"turns":3},{"damage":10,"enemies":"Large Slime","floor":13,"turns":6},{"damage":17,"enemies":"Blue Slaver","floor":14,"turns":5},{"damage":71,"enemies":"Hexaghost","floor":16,"turns":9}],"seed_played":"5050795671479938970","potions_obtained":[{"floor":3,"key":"SkillPotion"},{"floor":5,"key":"Explosive Potion"},{"floor":11,"key":"GamblersBrew"},{"floor":13,"key":"BloodPotion"}],"is_trial":false,"path_per_floor":["M","?","M","?","M","R","M","R","T","M","M","?","M","M","R","B"],"character_chosen":"IRONCLAD","items_purchased":[],"campfire_rested":3,"item_purchase_floors":[],"current_hp_per_floor":[57,57,43,43,46,70,54,78,78,64,53,53,49,46,70,0],"gold":171,"neow_bonus":"REMOVE_TWO","is_prod":false,"is_daily":false,"chose_seed":false,"campfire_upgraded":0,"win_rate":0,"timestamp":1559831437,"path_taken":["M","?","?","?","M","R","M","R","T","M","M","?","?","M","R","BOSS"],"build_version":"2019-01-23","purchased_purges":0,"victory":false,"max_hp_per_floor":[80,80,80,80,80,80,80,80,80,80,80,80,80,80,80,80],"card_choices":[{"not_picked":["Clothesline","Evolve","Pommel Strike"],"picked":"SKIP","floor":1},{"not_picked":["Clash","Armaments","Juggernaut"],"picked":"SKIP","floor":3},{"not_picked":["Cleave","Bloodletting","Shrug It Off"],"picked":"SKIP","floor":5},{"not_picked":["Wild Strike","Iron Wave","Cleave"],"picked":"SKIP","floor":7},{"not_picked":["Pummel","Battle Trance","Reckless Charge"],"picked":"SKIP","floor":10},{"not_picked":["Armaments","Clash","Dual Wield"],"picked":"SKIP","floor":11},{"not_picked":["Anger","Sword Boomerang","Heavy Blade"],"picked":"SKIP","floor":13},{"not_picked":["Inflame","Flex","Armaments"],"picked":"SKIP","floor":14}],"player_experience":193086,"relics_obtained":[{"floor":9,"key":"Smiling Mask"}],"event_choices":[{"cards_removed":["Strike_R"],"damage_healed":0,"gold_gain":0,"player_choice":"Purged","damage_taken":0,"max_hp_gain":0,"max_hp_loss":0,"event_name":"Purifier","floor":2,"gold_loss":0},{"cards_removed":["Defend_R"],"damage_healed":0,"gold_gain":0,"player_choice":"Card Removal","damage_taken":0,"max_hp_gain":0,"max_hp_loss":0,"event_name":"The Cleric","floor":4,"gold_loss":50},{"cards_removed":["Defend_R"],"damage_healed":0,"gold_gain":0,"player_choice":"Offered Basic","damage_taken":0,"max_hp_gain":0,"max_hp_loss":0,"event_name":"Bonfire Elementals","floor":12,"gold_loss":0}],"is_beta":false,"boss_relics":[],"items_purged_floors":[],"is_endless":false,"potions_floor_spawned":[3,5,11,13],"killed_by":"Hexaghost","ascension_level":4}