{"gold_per_floor":[119,119,138,188,208,241,241,241,241,241,260,280,280,294,294,294],"floor_reached":16,"playtime":397,"items_purged":[],"score":204,"play_id":"50b77cbb-6636-4f34-80c0-1452fb84b59a","local_time":"20190421130553","is_ascension_mode":true,"campfire_choices":[{"data":"Searing Blow","floor":7,"key":"SMITH"},{"data":"Searing Blow+1","floor":10,"key":"SMITH"},{"data":"Searing Blow+2","floor":13,"key":"SMITH"},{"data":"Searing Blow+3","floor":15,"key":"SMITH"}],"neow_cost":"NONE","seed_source_timestamp":326959858870002,"circlet_count":0,"master_deck":["AscendersBane","Strike_R","Strike_R","Strike_R","Strike_R","Defend_R","Defend_R","Defend_R","Defend_R","Bash","Inflame","Searing Blow+4","Pommel Strike","Reaper","True Grit"],"relics":["Burning Blood","NeowsBlessing","Smiling Mask","Art of War","Frozen Egg 2"],"potions_floor_usage":[6,16,16],"damage_taken":[{"damage":0,"enemies":"Jaw Worm","floor":1,"turns":1},{"damage":0,"enemies":"Cultist","floor":3,"turns":1},{"damage":0,"enemies":"Small Slimes","floor":5,"turns":1},{"damage":35,"enemies":"3 Sentries","floor":6,"turns":8},{"damage":13,"enemies":"Red Slaver","floor":11,"turns":4},{"damage":24,"enemies":"Blue Slaver","floor":12,"turns":6},{"damage":11,"enemies":"Looter","floor":14,"turns":3},{"damage":16,"enemies":"The Guardian","floor":16,"turns":7}],"seed_played":"1047053830504745090","potions_obtained":[{"floor":5,"key":"Fire Potion"},{"floor":6,"key":"FearPotion"},{"floor":11,"key":"GamblersBrew"}],"is_trial":false,"path_per_floor":["M","?","M","?","M","E","R","?","T","R","M","M","R","M","R","B"],"character_chosen":"IRONCLAD","items_purchased":[],"campfire_rested":0,"item_purchase_floors":[],"current_hp_per_floor":[74,56,62,62,68,39,39,39,39,39,32,18,18,13,13,0],"gold":294,"neow_bonus":"THREE_ENEMY_KILL","is_prod":false,"is_daily":false,"chose_seed":false,"campfire_upgraded":4,"win_rate":0,"timestamp":1555866353,"path_taken":["M","?","M","?","?","E","R","?","T","R","M","?","R","M","R","BOSS"],"build_version":"2019-01-23","purchased_purges":0,"victory":false,"max_hp_per_floor":[75,75,75,75,75,75,75,75,75,75,75,75,75,75,75,75],"card_choices":[{"not_picked":["True Grit","Sword Boomerang"],"picked":"Inflame","floor":1},{"not_picked":["Flex","Cleave"],"picked":"Searing Blow","floor":3},{"not_picked":["Ghostly Armor","Rupture"],"picked":"Pommel Strike","floor":5},{"not_picked":["Warcry","Pommel Strike","Sword Boomerang"],"picked":"SKIP","floor":6},{"not_picked":["Rage","Carnage"],"picked":"Reaper","floor":11},{"not_picked":["Seeing Red","Havoc"],"picked":"True Grit","floor":12},{"not_picked":["Hemokinesis","Sword Boomerang","Body Slam"],"picked":"SKIP","floor":14}],"player_experience":751401,"relics_obtained":[{"floor":6,"key":"Art of War"},{"floor":9,"key":"Frozen Egg 2"}],"event_choices":[{"damage_healed":0,"gold_gain":0,"player_choice":"Success","damage_taken":18,"relics_obtained":["Smiling Mask"],"max_hp_gain":0,"max_hp_loss":0,"event_name":"Scrap Ooze","floor":2,"gold_loss":0},{"damage_healed":0,"gold_gain":50,"player_choice":"Pray","damage_taken":0,"max_hp_gain":0,"max_hp_loss":0,"event_name":"Golden Shrine","floor":4,"gold_loss":0},{"cards_removed":["Strike_R"],"damage_healed":0,"gold_gain":0,"player_choice":"Card Removal","damage_taken":0,"max_hp_gain":0,"max_hp_loss":0,"event_name":"Wheel of Change","floor":8,"gold_loss":0}],"is_beta":false,"boss_relics":[],"items_purged_floors":[],"is_endless":false,"potions_floor_spawned":[5,6,11],"killed_by":"The Guardian","ascension_level":20}