{"gold_per_floor":[113,173,173,187,14,14,34,34,34,44,68,68,84,84],"floor_reached":14,"playtime":231,"items_purged":[],"score":333,"play_id":"20175ead-9b0e-4ba0-8698-3dca774db05f","local_time":"20190926201144","is_ascension_mode":true,"campfire_choices":[{"data":"Eruption","floor":6,"key":"SMITH"},{"data":"Sanctity","floor":8,"key":"SMITH"}],"neow_cost":"NONE","seed_source_timestamp":317909547115100,"circlet_count":0,"master_deck":["Strike_P","Strike_P","Strike_P","Strike_P","Defend_P","Defend_P","Defend_P","Eruption+1","Vigilance","AscMod:ascendersbane","Sanctity+1","FlurryOfBlows","FlurryOfBlows"],"relics":["PureWater","NeowsBlessing","Sundial","TheAbacus","Shuriken","Nunchaku","Bottled Lightning"],"potions_floor_usage":[11,14],"damage_taken":[{"damage":0,"enemies":"Cultist","floor":1,"turns":1},{"damage":0,"enemies":"2 Louse","floor":4,"turns":1},{"damage":0,"enemies":"3 Sentries","floor":7,"turns":2},{"damage":11,"enemies":"Jaw Worm","floor":10,"turns":5},{"damage":0,"enemies":"Gremlin Nob","floor":11,"turns":2},{"damage":6,"enemies":"3 Louse","floor":13,"turns":4},{"damage":0,"enemies":"Lots of Slimes","floor":14,"turns":2}],"seed_played":"-1174297909045928363","potions_obtained":[{"floor":10,"key":"FearPotion"},{"floor":13,"key":"Energy Potion"}],"is_trial":false,"path_per_floor":["M","?","?","M","$","R","E","R","T","M","E","?","M","M"],"character_chosen":"WATCHER","items_purchased":["TheAbacus"],"campfire_rested":0,"item_purchase_floors":[5],"current_hp_per_floor":[55,44,26,26,26,26,26,26,26,15,15,8,2,2],"gold":84,"neow_bonus":"THREE_ENEMY_KILL","is_prod":false,"is_daily":false,"chose_seed":false,"campfire_upgraded":2,"win_rate":0,"timestamp":1569503504,"path_taken":["M","?","?","M","$","R","E","R","T","M","E","?","?","M"],"build_version":"2019-09-25","purchased_purges":0,"victory":false,"max_hp_per_floor":[61,61,61,61,61,61,61,61,61,61,61,61,61,61],"card_choices":[{"not_picked":["CutThroughFate","CrushJoints","SashWhip"],"picked":"SKIP","floor":1},{"not_picked":["ThirdEye","Consecrate","FollowUp"],"picked":"SKIP","floor":4},{"not_picked":["EmptyBody","Halt"],"picked":"Sanctity","floor":7},{"not_picked":["Sanctity","BowlingBash"],"picked":"FlurryOfBlows","floor":10},{"not_picked":["SashWhip","Adaptation"],"picked":"FlurryOfBlows","floor":11},{"not_picked":["FlyingSleeves","BowlingBash","Weave"],"picked":"SKIP","floor":13}],"player_experience":1159795,"relics_obtained":[{"floor":7,"key":"Shuriken"},{"floor":9,"key":"Nunchaku"},{"floor":11,"key":"Bottled Lightning"}],"event_choices":[{"damage_healed":0,"gold_gain":75,"player_choice":"Gather Gold","damage_taken":11,"max_hp_gain":0,"max_hp_loss":0,"event_name":"World of Goop","floor":2,"gold_loss":0},{"damage_healed":0,"gold_gain":0,"player_choice":"Success","damage_taken":18,"relics_obtained":["Sundial"],"max_hp_gain":0,"max_hp_loss":0,"event_name":"Scrap Ooze","floor":3,"gold_loss":0},{"cards_removed":["Defend_P"],"damage_healed":0,"gold_gain":0,"player_choice":"Card Removal","damage_taken":7,"max_hp_gain":0,"max_hp_loss":0,"event_name":"Golden Wing","floor":12,"gold_loss":0}],"is_beta":true,"boss_relics":[],"items_purged_floors":[],"is_endless":false,"potions_floor_spawned":[10,13],"killed_by":"Lots of Slimes","ascension_level":25}