{"gold_per_floor":[109,125,125,142,67,67,94,94,94,94,124,137,157,20,20,99,99,110,110,124,124,140,140,175,175,175,195,41,52,69,69,69,148,148,159,4,15,15,15,15,15,40,40,66,79,96,96,116,116,116,116,116,116,14,40,40],"floor_reached":57,"playtime":4570,"items_purged":["Eviscerate+1"],"score":2984,"play_id":"0fc3d6bd-4ab9-445b-b188-8b1e369041eb","local_time":"20190403201056","is_ascension_mode":true,"campfire_choices":[{"data":"Glass Knife","floor":6,"key":"SMITH"},{"data":"After Image","floor":8,"key":"SMITH"},{"floor":10,"key":"REST"},{"data":"Deadly Poison","floor":15,"key":"SMITH"},{"floor":23,"key":"REST"},{"data":"Catalyst","floor":25,"key":"SMITH"},{"data":"Burst","floor":32,"key":"SMITH"},{"data":"Neutralize","floor":40,"key":"SMITH"},{"floor":47,"key":"RECALL"},{"data":"Leg Sweep","floor":49,"key":"SMITH"},{"data":"Dodge and Roll","floor":53,"key":"SMITH"}],"neow_cost":"TEN_PERCENT_HP_LOSS","seed_source_timestamp":510246028622008,"circlet_count":0,"master_deck":["AscendersBane","Defend_G","Defend_G","Defend_G","Defend_G","Survivor","Neutralize+1","Backflip","After Image+1","Dodge and Roll+1","Predator","Glass Knife+1","Leg Sweep+1","Caltrops+1","Deflect","Skewer","Footwork+1","Deadly Poison+1","Burst+1","Die Die Die+1","Flying Knee+1","Infinite Blades+1","Dodge and Roll","Footwork+1","Catalyst+1","Deadly Poison+1","Dodge and Roll+1","Noxious Fumes+1","Dodge and Roll+1","Cloak And Dagger+1","Ghostly+1","Ghostly+1","Ghostly+1","Night Terror+1","Prepared+1","Backflip+1","Prepared+1","Infinite Blades+1","Catalyst+1","Forethought+1"],"relics":["Ring of the Snake","Dream Catcher","Frozen Egg 2","Happy Flower","Astrolabe","Enchiridion","Gambling Chip","Toxic Egg 2","Runic Pyramid","Anchor","Shuriken","Mummified Hand","Boot"],"potions_floor_usage":[16,29,33,56,56],"damage_taken":[{"damage":3,"enemies":"Cultist","floor":1,"turns":7},{"damage":0,"enemies":"2 Louse","floor":2,"turns":3},{"damage":0,"enemies":"Small Slimes","floor":4,"turns":5},{"damage":27,"enemies":"Gremlin Nob","floor":7,"turns":4},{"damage":16,"enemies":"Lagavulin","floor":11,"turns":7},{"damage":1,"enemies":"Blue Slaver","floor":12,"turns":4},{"damage":0,"enemies":"Exordium Thugs","floor":13,"turns":4},{"damage":14,"enemies":"Hexaghost","floor":16,"turns":11},{"damage":14,"enemies":"2 Thieves","floor":18,"turns":5},{"damage":3,"enemies":"Shell Parasite","floor":20,"turns":5},{"damage":0,"enemies":"Chosen and Byrds","floor":22,"turns":8},{"damage":10,"enemies":"Gremlin Leader","floor":24,"turns":6},{"damage":9,"enemies":"Centurion and Healer","floor":27,"turns":5},{"damage":8,"enemies":"Sentry and Sphere","floor":29,"turns":6},{"damage":0,"enemies":"Cultist and Chosen","floor":30,"turns":5},{"damage":0,"enemies":"Champ","floor":33,"turns":12},{"damage":14,"enemies":"3 Darklings","floor":35,"turns":6},{"damage":0,"enemies":"Orb Walker","floor":37,"turns":4},{"damage":0,"enemies":"Giant Head","floor":42,"turns":11},{"damage":0,"enemies":"Reptomancer","floor":44,"turns":5},{"damage":0,"enemies":"Spire Growth","floor":45,"turns":6},{"damage":0,"enemies":"Sphere and 2 Shapes","floor":46,"turns":4},{"damage":0,"enemies":"Transient","floor":48,"turns":5},{"damage":7,"enemies":"Awakened One","floor":50,"turns":18},{"damage":0,"enemies":"Time Eater","floor":51,"turns":4},{"damage":9,"enemies":"Shield and Spear","floor":55,"turns":8},{"damage":8,"enemies":"The Heart","floor":56,"turns":10}],"seed_played":"5434618997905824544","potions_obtained":[{"floor":7,"key":"Fire Potion"},{"floor":11,"key":"Regen Potion"},{"floor":16,"key":"LiquidBronze"},{"floor":22,"key":"AttackPotion"},{"floor":29,"key":"Poison Potion"},{"floor":30,"key":"EssenceOfSteel"},{"floor":35,"key":"FearPotion"},{"floor":46,"key":"Weak Potion"}],"is_trial":false,"path_per_floor":["M","M","?","M","?","R","E","R","T","R","E","M","M","$","R","B",null,"M","?","M","?","M","R","E","R","T","M","$","M","M","?","R","B",null,"M","$","M","?","T","R","$","E","T","E","M","M","R","M","R","B","B",null,"R","$","E","B",null],"character_chosen":"THE_SILENT","items_purchased":["Footwork+1","Deadly Poison","GhostInAJar","Noxious Fumes+1","GhostInAJar","Forethought+1"],"campfire_rested":2,"item_purchase_floors":[14,14,28,28,36,54],"current_hp_per_floor":[56,56,56,56,56,56,29,29,29,47,31,30,30,30,30,31,53,39,18,15,15,15,33,23,23,23,14,14,6,6,6,6,6,24,10,10,10,25,25,25,25,25,25,25,25,25,25,25,25,18,18,23,23,23,14,6],"gold":40,"neow_bonus":"TRANSFORM_TWO_CARDS","is_prod":false,"is_daily":false,"chose_seed":false,"campfire_upgraded":8,"win_rate":0,"timestamp":1554336656,"path_taken":["M","M","?","M","?","R","E","R","T","R","E","M","M","$","R","BOSS","M","?","M","?","M","R","E","R","T","?","$","M","M","?","R","BOSS","M","$","M","?","?","R","?","E","T","E","M","M","R","M","R","BOSS","BOSS","R","$","E","BOSS"],"build_version":"2019-01-23","purchased_purges":1,"victory":true,"max_hp_per_floor":[60,60,60,60,60,60,60,60,60,60,60,60,60,60,60,60,60,60,60,60,60,60,60,60,60,60,60,60,60,60,30,30,30,30,30,30,30,25,25,25,25,25,25,25,25,25,25,25,25,25,25,25,25,25,25,25],"card_choices":[{"not_picked":["Sucker Punch","Blade Dance"],"picked":"Dodge and Roll","floor":1},{"not_picked":["Underhanded Strike","Dagger Throw"],"picked":"Predator","floor":2},{"not_picked":["Cloak And Dagger","Endless Agony"],"picked":"Glass Knife","floor":4},{"not_picked":["PiercingWail","Cloak And Dagger"],"picked":"Leg Sweep","floor":7},{"not_picked":["Choke","Bane"],"picked":"Caltrops+1","floor":10},{"not_picked":["Blur","Tactician"],"picked":"Deflect","floor":11},{"not_picked":["Setup","Flying Knee"],"picked":"Skewer","floor":12},{"not_picked":["Poisoned Stab","All Out Attack","Sucker Punch"],"picked":"SKIP","floor":13},{"not_picked":["Bullet Time","Die Die Die"],"picked":"Burst","floor":16},{"not_picked":["Outmaneuver","Choke"],"picked":"Infinite Blades+1","floor":18},{"not_picked":["Predator","Outmaneuver+1"],"picked":"Dodge and Roll","floor":20},{"not_picked":["Deflect","Slice"],"picked":"Catalyst","floor":22},{"not_picked":["Leg Sweep","Distraction"],"picked":"Deadly Poison+1","floor":24},{"not_picked":["Deadly Poison+1","Glass Knife"],"picked":"Dodge and Roll+1","floor":27},{"not_picked":["Bane","Underhanded Strike"],"picked":"Dodge and Roll+1","floor":29},{"not_picked":["Terror+1","Caltrops+1"],"picked":"Cloak And Dagger+1","floor":30},{"not_picked":["Tools of the Trade+1","Glass Knife"],"picked":"Night Terror+1","floor":33},{"not_picked":["Sucker Punch+1","Endless Agony"],"picked":"Prepared+1","floor":35},{"not_picked":["Eviscerate","Flying Knee+1"],"picked":"Backflip+1","floor":37},{"not_picked":["Dagger Spray","Heel Hook+1"],"picked":"Prepared+1","floor":42},{"not_picked":["Underhanded Strike","Backflip+1","Finisher"],"picked":"SKIP","floor":44},{"not_picked":["Predator","Backflip+1"],"picked":"Infinite Blades+1","floor":45},{"not_picked":["Finisher","Phantasmal Killer+1","Bane+1"],"picked":"SKIP","floor":46},{"not_picked":["Deflect+1","Accuracy+1"],"picked":"Catalyst+1","floor":48},{"not_picked":["Bane","Expertise+1","Quick Slash"],"picked":"SKIP","floor":55}],"player_experience":645130,"relics_obtained":[{"floor":7,"key":"Dream Catcher"},{"floor":9,"key":"Frozen Egg 2"},{"floor":11,"key":"Happy Flower"},{"floor":19,"key":"Enchiridion"},{"floor":24,"key":"Gambling Chip"},{"floor":26,"key":"Toxic Egg 2"},{"floor":42,"key":"Anchor"},{"floor":43,"key":"Shuriken"},{"floor":44,"key":"Mummified Hand"},{"floor":55,"key":"Boot"}],"event_choices":[{"damage_healed":0,"gold_gain":0,"player_choice":"Ignored","damage_taken":0,"max_hp_gain":0,"max_hp_loss":0,"event_name":"Liars Game","floor":3,"gold_loss":0},{"cards_removed":["Strike_G"],"damage_healed":0,"gold_gain":0,"player_choice":"Card Removal","damage_taken":0,"max_hp_gain":0,"max_hp_loss":0,"event_name":"The Cleric","floor":5,"gold_loss":75},{"damage_healed":0,"gold_gain":0,"player_choice":"Obtained Book","damage_taken":21,"max_hp_gain":0,"max_hp_loss":0,"event_name":"Cursed Tome","floor":19,"gold_loss":0},{"damage_healed":0,"gold_gain":0,"player_choice":"Copied","damage_taken":0,"max_hp_gain":0,"max_hp_loss":0,"event_name":"Duplicator","floor":21,"gold_loss":0,"cards_obtained":["Footwork"]},{"damage_healed":0,"gold_gain":0,"player_choice":"Became a Ghost","damage_taken":0,"max_hp_gain":0,"max_hp_loss":30,"event_name":"Ghosts","floor":31,"gold_loss":0,"cards_obtained":["Ghostly","Ghostly","Ghostly"]},{"damage_healed":25,"gold_gain":0,"player_choice":"Heal","damage_taken":0,"max_hp_gain":0,"max_hp_loss":5,"event_name":"The Moai Head","floor":38,"gold_loss":0}],"is_beta":false,"boss_relics":[{"not_picked":["Velvet Choker","Sozu"],"picked":"Astrolabe"},{"not_picked":["Empty Cage","Philosopher\u0027s Stone"],"picked":"Runic Pyramid"}],"items_purged_floors":[36],"is_endless":false,"potions_floor_spawned":[7,11,13,16,22,29,30,35,42,45,46],"ascension_level":20}