{"gold_per_floor":[109,34,46,46,62,62,72,97,97,114,39,39,72,87,87,192,192,212,224,224,239,94,94,125,137,137,137,156,174,174,89,89,193,193,207,217,117,127,145,178,189,189,242,192,203,203,55,84,84,84],"floor_reached":51,"playtime":8839,"items_purged":["Strike_R","Strike_R","Strike_R","Strike_R"],"score":1052,"play_id":"6e260ab8-7f57-4efc-b4e0-ae5619e95ced","local_time":"20180915230125","is_ascension_mode":true,"campfire_choices":[{"data":"Whirlwind","floor":6,"key":"SMITH"},{"floor":15,"key":"REST"},{"data":"Uppercut","floor":23,"key":"SMITH"},{"data":"Battle Trance","floor":27,"key":"SMITH"},{"data":"Heavy Blade","floor":30,"key":"SMITH"},{"data":"Bash","floor":32,"key":"SMITH"},{"data":"Double Tap","floor":42,"key":"SMITH"},{"data":"Heavy Blade","floor":49,"key":"SMITH"}],"neow_cost":"NONE","seed_source_timestamp":213725706019354,"circlet_count":0,"master_deck":["Defend_R+1","Defend_R","Defend_R","Bash+1","Shrug It Off+1","Whirlwind+1","Spot Weakness","Spot Weakness","Battle Trance+1","Offering","Shrug It Off","Uppercut+1","Shrug It Off","Reaper","Metallicize","Heavy Blade+1","Double Tap+1","Headbutt+1","Shrug It Off","Metallicize+1","Heavy Blade+1","Shrug It Off+1"],"relics":["Burning Blood","Self Forming Clay","Sundial","Singing Bowl","Incense Burner","Coffee Dripper","Orichalcum","Ornamental Fan","War Paint","Busted Crown","Bag of Marbles","Smiling Mask","Omamori"],"potions_floor_usage":[8,14,18,21,25,33,33,45,50,50,50],"damage_taken":[{"damage":5,"enemies":"2 Louse","floor":1,"turns":3},{"damage":1,"enemies":"Jaw Worm","floor":3,"turns":5},{"damage":0,"enemies":"Small Slimes","floor":5,"turns":4},{"damage":10,"enemies":"2 Fungi Beasts","floor":7,"turns":3},{"damage":41,"enemies":"Lagavulin","floor":8,"turns":9},{"damage":0,"enemies":"Lots of Slimes","floor":10,"turns":1},{"damage":7,"enemies":"3 Sentries","floor":13,"turns":4},{"damage":11,"enemies":"Large Slime","floor":14,"turns":7},{"damage":58,"enemies":"Slime Boss","floor":16,"turns":12},{"damage":2,"enemies":"Shell Parasite","floor":18,"turns":4},{"damage":20,"enemies":"Chosen","floor":19,"turns":6},{"damage":14,"enemies":"Centurion and Healer","floor":21,"turns":7},{"damage":25,"enemies":"Slavers","floor":24,"turns":4},{"damage":1,"enemies":"Snecko","floor":25,"turns":4},{"damage":16,"enemies":"Sentry and Sphere","floor":28,"turns":4},{"damage":10,"enemies":"Centurion and Healer","floor":29,"turns":3},{"damage":10,"enemies":"Collector","floor":33,"turns":8},{"damage":0,"enemies":"Orb Walker","floor":35,"turns":4},{"damage":0,"enemies":"3 Shapes","floor":36,"turns":1},{"damage":9,"enemies":"Spire Growth","floor":38,"turns":3},{"damage":5,"enemies":"Reptomancer","floor":39,"turns":5},{"damage":24,"enemies":"2 Orb Walkers","floor":40,"turns":5},{"damage":0,"enemies":"3 Darklings","floor":41,"turns":3},{"damage":0,"enemies":"Sphere and 2 Shapes","floor":45,"turns":3},{"damage":12,"enemies":"Nemesis","floor":48,"turns":9},{"damage":49,"enemies":"Time Eater","floor":50,"turns":9}],"seed_played":"5933570115713455960","potions_obtained":[{"floor":5,"key":"Strength Potion"},{"floor":13,"key":"Regen Potion"},{"floor":16,"key":"Weak Potion"},{"floor":18,"key":"Swift Potion"},{"floor":19,"key":"LiquidBronze"},{"floor":21,"key":"Strength Potion"},{"floor":28,"key":"BloodPotion"},{"floor":29,"key":"EssenceOfSteel"},{"floor":35,"key":"GamblersBrew"},{"floor":38,"key":"Fire Potion"}],"is_trial":false,"path_per_floor":["M","$","M","?","M","R","M","E","T","M","$","?","E","M","R","B",null,"M","M","?","M","$","R","E","M","T","R","M","M","R","?","R","B",null,"M","M","$","M","M","E","M","R","T","$","M","?","$","E","R","B"],"character_chosen":"IRONCLAD","items_purchased":["Whirlwind","Reaper","Strength Potion","Heavy Blade"],"campfire_rested":1,"item_purchase_floors":[2,22,47,47],"current_hp_per_floor":[73,73,78,83,85,85,81,46,46,52,52,34,33,43,68,16,68,74,60,60,52,52,52,43,56,56,56,48,44,44,44,44,52,81,89,93,93,92,95,79,99,99,99,99,99,99,99,99,99,99],"gold":84,"neow_bonus":"REMOVE_CARD","is_prod":false,"is_daily":false,"chose_seed":false,"campfire_upgraded":7,"win_rate":0,"timestamp":1537070485,"path_taken":["M","$","M","?","M","R","M","E","T","M","$","?","E","M","R","BOSS","M","M","?","?","$","R","E","M","T","R","M","M","R","?","R","BOSS","M","M","$","M","M","E","M","R","T","$","M","?","$","E","R","BOSS"],"build_version":"2018-09-06","purchased_purges":4,"victory":true,"max_hp_per_floor":[80,80,80,85,85,85,85,85,85,85,85,85,85,85,85,85,85,87,87,87,87,87,87,87,89,89,89,91,91,91,91,91,91,91,93,93,93,95,95,97,99,99,99,99,99,99,99,99,99,99],"card_choices":[{"not_picked":["Sword Boomerang","Rupture"],"picked":"Shrug It Off","floor":1},{"not_picked":["Body Slam","Power Through","Warcry"],"picked":"SKIP","floor":3},{"not_picked":["Evolve","Heavy Blade","Infernal Blade"],"picked":"SKIP","floor":5},{"not_picked":["Pummel","Twin Strike","Infernal Blade"],"picked":"SKIP","floor":7},{"not_picked":["True Grit","Ghostly Armor"],"picked":"Spot Weakness","floor":8},{"not_picked":["Pummel","Clash","Warcry"],"picked":"SKIP","floor":10},{"not_picked":["Clothesline","Power Through"],"picked":"Spot Weakness","floor":13},{"not_picked":["Twin Strike","Headbutt"],"picked":"Battle Trance","floor":14},{"not_picked":["Exhume","Fiend Fire"],"picked":"Offering","floor":16},{"not_picked":["Infernal Blade","Sword Boomerang","Sever Soul"],"picked":"Singing Bowl","floor":18},{"not_picked":["Evolve","Dual Wield"],"picked":"Shrug It Off","floor":19},{"not_picked":["Warcry","Thunderclap+1"],"picked":"Shrug It Off","floor":21},{"not_picked":["Clash","Perfected Strike"],"picked":"Metallicize","floor":24},{"not_picked":["Armaments","Thunderclap","Reckless Charge"],"picked":"Singing Bowl","floor":25},{"not_picked":["Perfected Strike","Warcry","Twin Strike"],"picked":"Singing Bowl","floor":28},{"not_picked":["Reckless Charge","Feel No Pain"],"picked":"Heavy Blade","floor":29},{"not_picked":["Impervious","Juggernaut"],"picked":"Double Tap","floor":33},{"not_picked":["Clash"],"picked":"Singing Bowl","floor":35},{"not_picked":[],"picked":"Headbutt+1","floor":36},{"not_picked":["Corruption"],"picked":"Singing Bowl","floor":38},{"not_picked":[],"picked":"Shrug It Off","floor":39},{"not_picked":["Warcry"],"picked":"Singing Bowl","floor":40},{"not_picked":["Sever Soul"],"picked":"Singing Bowl","floor":41},{"not_picked":[],"picked":"Metallicize+1","floor":45},{"not_picked":[],"picked":"Shrug It Off+1","floor":48}],"player_experience":528114,"relics_obtained":[{"floor":8,"key":"Self Forming Clay"},{"floor":9,"key":"Sundial"},{"floor":13,"key":"Incense Burner"},{"floor":24,"key":"Orichalcum"},{"floor":26,"key":"Ornamental Fan"},{"floor":40,"key":"Bag of Marbles"},{"floor":43,"key":"Smiling Mask"},{"floor":48,"key":"Omamori"}],"event_choices":[{"event_name":"Big Fish","player_choice":"Donut","floor":4,"damage_taken":0},{"event_name":"Scrap Ooze","player_choice":"success","floor":12,"damage_taken":18},{"event_name":"The Library","player_choice":"Read","floor":20,"damage_taken":0},{"event_name":"Addict","player_choice":"Obtained Relic","floor":31,"damage_taken":0},{"event_name":"Falling","player_choice":"Removed Skill","floor":46,"damage_taken":0}],"is_beta":false,"boss_relics":[{"not_picked":["Runic Cube","Pandora\u0027s Box"],"picked":"Coffee Dripper"},{"not_picked":["Tiny House","Lizard Tail"],"picked":"Busted Crown"}],"items_purged_floors":[11,37,44,47],"is_endless":false,"potions_floor_spawned":[5,13,16,18,19,21,28,29,35,38,40,48],"ascension_level":8}