{"gold_per_floor":[119,119,44,64,14,39,39,373,373,384,402,127,127,195,195,271,271,286,286,303,260,47,79,93,110,110,122,169,181,204,245,257,269],"floor_reached":33,"playtime":3997,"items_purged":["Pain","Strike_G","Strike_G"],"score":625,"play_id":"e37067f7-88aa-4f03-9a5e-d34b962ff8f5","local_time":"20190725172446","is_ascension_mode":true,"campfire_choices":[{"data":"Unload","floor":7.0,"key":"SMITH"},{"data":"After Image","floor":13.0,"key":"SMITH"},{"floor":15.0,"key":"REST"},{"floor":27,"key":"REST"},{"data":"Footwork","floor":29,"key":"SMITH"},{"floor":32,"key":"REST"}],"neow_cost":"NONE","seed_source_timestamp":0,"circlet_count":0,"master_deck":["AscendersBane","Strike_G","Strike_G","Strike_G","Defend_G","Defend_G","Defend_G","Defend_G","Defend_G","Survivor","Neutralize","Dagger Spray","Bane","Backflip","Unload+1","Infinite Blades","Noxious Fumes","Footwork+1","After Image+1","Unload","Cloak And Dagger","Well Laid Plans","Footwork","Noxious Fumes","Night Terror","Deflect","Leg Sweep","PiercingWail","Poisoned Stab","Poisoned Stab+1"],"special_seed":0,"relics":["Ring of the Snake","NeowsBlessing","WarpedTongs","Ornamental Fan","Old Coin","Vajra","Mercury Hourglass","Runic Dome","Boot","MawBank","Mango","Smiling Mask"],"potions_floor_usage":[23,23,33],"damage_taken":[{"damage":0.0,"enemies":"2 Louse","floor":1.0,"turns":1.0},{"damage":0.0,"enemies":"Cultist","floor":4.0,"turns":1.0},{"damage":0.0,"enemies":"3 Sentries","floor":6.0,"turns":1.0},{"damage":22.0,"enemies":"Gremlin Nob","floor":8.0,"turns":5.0},{"damage":0.0,"enemies":"Jaw Worm","floor":10.0,"turns":3.0},{"damage":1.0,"enemies":"Blue Slaver","floor":11.0,"turns":4.0},{"damage":14.0,"enemies":"Hexaghost","floor":16.0,"turns":9.0},{"damage":11,"enemies":"Shell Parasite","floor":18,"turns":4},{"damage":0,"enemies":"Chosen","floor":20,"turns":4},{"damage":9,"enemies":"Slavers","floor":23,"turns":6},{"damage":6,"enemies":"Centurion and Healer","floor":24,"turns":7},{"damage":14,"enemies":"3 Cultists","floor":25,"turns":5},{"damage":4,"enemies":"Book of Stabbing","floor":28,"turns":7},{"damage":7,"enemies":"Snake Plant","floor":30,"turns":5},{"damage":29,"enemies":"Gremlin Leader","floor":31,"turns":6},{"damage":37,"enemies":"Collector","floor":33,"turns":6}],"seed_played":"8185355176392854889","potions_obtained":[{"floor":4.0,"key":"Fire Potion"},{"floor":6.0,"key":"Weak Potion"},{"floor":8.0,"key":"GamblersBrew"},{"floor":16.0,"key":"GamblersBrew"},{"floor":18,"key":"GhostInAJar"},{"floor":24,"key":"Energy Potion"},{"floor":31,"key":"AttackPotion"}],"is_trial":false,"path_per_floor":["M","?","$","M","$","E","R","E","T","M","M","$","R","T","R","B",null,"M","?","M","$","$","E","M","M","T","R","E","R","M","E","R","B"],"character_chosen":"THE_SILENT","items_purchased":["Backflip","After Image","Footwork","Noxious Fumes"],"campfire_rested":3,"item_purchase_floors":[5,12,21,22],"current_hp_per_floor":[59,59,59,59,59,59,59,37,37,37,36,36,36,36,55,41,60,49,49,49,49,49,40,34,20,20,39,49,49,42,13,37,0],"gold":269,"neow_bonus":"THREE_ENEMY_KILL","is_prod":false,"is_daily":false,"chose_seed":false,"campfire_upgraded":3,"win_rate":0,"timestamp":1564093486,"path_taken":["M","?","?","M","$","E","R","E","T","M","M","$","R","?","R","BOSS","M","?","M","?","$","E","?","M","T","R","E","R","M","E","R","BOSS"],"build_version":"2019-07-17","purchased_purges":3,"victory":false,"max_hp_per_floor":[66,66,66,66,66,66,66,66,66,66,66,66,66,66,66,66,66,66,66,66,66,66,66,66,66,66,66,80,80,80,80,80,80],"card_choices":[{"not_picked":["Prepared","Blade Dance"],"picked":"Dagger Spray","floor":1.0},{"not_picked":["Choke","Endless Agony"],"picked":"Bane","floor":4.0},{"not_picked":["Blade Dance","Eviscerate"],"picked":"Unload","floor":6.0},{"not_picked":["Poisoned Stab","Blade Dance"],"picked":"Infinite Blades","floor":8.0},{"not_picked":["Leg Sweep","Blade Dance"],"picked":"Noxious Fumes","floor":10.0},{"not_picked":["Tactician","Heel Hook"],"picked":"Footwork","floor":11.0},{"not_picked":["Phantasmal Killer","Wraith Form v2"],"picked":"Unload","floor":16.0},{"not_picked":["Underhanded Strike","Slice"],"picked":"Cloak And Dagger","floor":18},{"not_picked":["Deflect","Outmaneuver+1"],"picked":"Well Laid Plans","floor":20},{"not_picked":["Acrobatics","Poisoned Stab"],"picked":"Night Terror","floor":23},{"not_picked":["Dash","Heel Hook"],"picked":"Deflect","floor":24},{"not_picked":["Quick Slash","Dash"],"picked":"Leg Sweep","floor":25},{"not_picked":["Wraith Form v2","Poisoned Stab"],"picked":"PiercingWail","floor":28},{"not_picked":["Flying Knee","Dagger Spray"],"picked":"Poisoned Stab","floor":30},{"not_picked":["Dagger Throw","Caltrops"],"picked":"Poisoned Stab+1","floor":31}],"player_experience":1635934,"relics_obtained":[{"floor":6.0,"key":"Ornamental Fan"},{"floor":8.0,"key":"Old Coin"},{"floor":9.0,"key":"Vajra"},{"floor":14.0,"key":"Mercury Hourglass"},{"floor":23,"key":"Boot"},{"floor":26,"key":"MawBank"},{"floor":28,"key":"Mango"},{"floor":31,"key":"Smiling Mask"}],"event_choices":[{"damage_healed":0.0,"max_hp_gain":0.0,"max_hp_loss":0.0,"gold_gain":0.0,"event_name":"Accursed Blacksmith","player_choice":"Rummage","floor":2.0,"gold_loss":0.0,"damage_taken":0.0,"relics_obtained":["WarpedTongs"],"cards_obtained":["Pain"]},{"damage_healed":0,"gold_gain":0,"player_choice":"Ignored","damage_taken":0,"max_hp_gain":0,"max_hp_loss":0,"event_name":"Ghosts","floor":19,"gold_loss":0}],"is_beta":false,"boss_relics":[{"not_picked":["Busted Crown","Astrolabe"],"picked":"Runic Dome"}],"items_purged_floors":[3,12,22],"is_endless":false,"potions_floor_spawned":[4,6,8,16,18,24,31],"killed_by":"Collector","ascension_level":17}