{"gold_per_floor":[12,12,23,23,35,35,61,61,61,77,77,77,93,108,108,207,207,221,320,163,163,163,192,211,241,241,269,269,269,281,281,281,383,383,400,420,420,420,439,439,450,450,450,466,478,478,134,145,145,145],"floor_reached":50,"playtime":1763,"items_purged":[],"score":746,"play_id":"c7b6c943-5339-4688-b780-965699bda71e","local_time":"20190609140309","is_ascension_mode":true,"campfire_choices":[{"data":"Perfected Strike","floor":6.0,"key":"SMITH"},{"data":"Dual Wield","floor":8.0,"key":"SMITH"},{"data":"Bash","floor":15.0,"key":"SMITH"},{"floor":29.0,"key":"REST"},{"floor":32.0,"key":"REST"},{"floor":40,"key":"REST"},{"floor":46,"key":"REST"},{"floor":49,"key":"REST"}],"neow_cost":"NO_GOLD","seed_source_timestamp":0,"circlet_count":0,"master_deck":["Strike_R+1","Strike_R+1","Strike_R+1","Strike_R+1","Strike_R+1","Defend_R+1","Defend_R+1","Defend_R+1","Defend_R+1","Bash+1","Perfected Strike+1","Dual Wield+1","Twin Strike+1","Pommel Strike","Pommel Strike+1","Demon Form+1","Shrug It Off","Barricade+1","Twin Strike+1","Madness","Madness","Twin Strike","Pommel Strike"],"special_seed":0,"relics":["Burning Blood","Peace Pipe","Mercury Hourglass","Singing Bowl","Letter Opener","Fusion Hammer","Whetstone","Frozen Egg 2","Blue Candle","Mummified Hand","Lantern","MutagenicStrength","Mark of Pain","Pantograph","Ginger"],"potions_floor_usage":[50,50,50],"damage_taken":[{"damage":6.0,"enemies":"Cultist","floor":1.0,"turns":3.0},{"damage":0.0,"enemies":"Small Slimes","floor":3.0,"turns":4.0},{"damage":12.0,"enemies":"2 Louse","floor":5.0,"turns":3.0},{"damage":24.0,"enemies":"Gremlin Nob","floor":7.0,"turns":4.0},{"damage":11.0,"enemies":"Blue Slaver","floor":10.0,"turns":3.0},{"damage":1.0,"enemies":"Exordium Wildlife","floor":13.0,"turns":2.0},{"damage":14.0,"enemies":"Red Slaver","floor":14.0,"turns":2.0},{"damage":0.0,"enemies":"Slime Boss","floor":16.0,"turns":5.0},{"damage":12.0,"enemies":"2 Thieves","floor":18.0,"turns":3.0},{"damage":46.0,"enemies":"Slavers","floor":23.0,"turns":7.0},{"damage":11.0,"enemies":"Spheric Guardian","floor":24.0,"turns":3.0},{"damage":0.0,"enemies":"Gremlin Leader","floor":25.0,"turns":5.0},{"damage":45.0,"enemies":"Slavers","floor":27.0,"turns":5.0},{"damage":10.0,"enemies":"Snecko","floor":30.0,"turns":3.0},{"damage":58.0,"enemies":"Automaton","floor":33.0,"turns":8.0},{"damage":8.0,"enemies":"3 Shapes","floor":35.0,"turns":5.0},{"damage":39.0,"enemies":"3 Darklings","floor":36.0,"turns":6.0},{"damage":9,"enemies":"4 Shapes","floor":39,"turns":7},{"damage":20,"enemies":"Spire Growth","floor":41,"turns":3},{"damage":18,"enemies":"Maw","floor":44,"turns":6},{"damage":10,"enemies":"Sphere and 2 Shapes","floor":45,"turns":5},{"damage":54,"enemies":"Transient","floor":48,"turns":5},{"damage":103,"enemies":"Awakened One","floor":50,"turns":7}],"seed_played":"-5923088865827006370","potions_obtained":[{"floor":1.0,"key":"SpeedPotion"},{"floor":10.0,"key":"Swift Potion"},{"floor":13.0,"key":"Regen Potion"},{"floor":24.0,"key":"GamblersBrew"},{"floor":25.0,"key":"Fruit Juice"},{"floor":30.0,"key":"Energy Potion"},{"floor":33.0,"key":"Weak Potion"}],"is_trial":false,"path_per_floor":["M","$","M","?","M","R","E","R","T","M","?","T","M","M","R","B",null,"M","?","$","?","$","E","M","E","T","E","?","R","M","?","R","B",null,"M","M","?","?","M","R","M","?","T","M","M","R","$","M","R","B"],"character_chosen":"IRONCLAD","items_purchased":["Whetstone","Pommel Strike","Ginger"],"campfire_rested":5,"item_purchase_floors":[20,47,47],"current_hp_per_floor":[80,80,80,80,74,74,56,56,56,51,51,51,56,50,50,58,78,72,72,72,72,72,46,43,56,56,19,19,47,43,43,71,19,76,74,43,31,22,21,50,38,88,88,78,74,90,90,44,71,0],"gold":145,"neow_bonus":"ONE_RARE_RELIC","is_prod":false,"is_daily":false,"chose_seed":false,"campfire_upgraded":3,"win_rate":0,"timestamp":1560081789,"path_taken":["M","?","M","?","M","R","E","R","T","M","?","?","?","M","R","BOSS","M","?","$","?","?","E","?","E","T","E","?","R","M","?","R","BOSS","M","M","?","?","M","R","?","?","T","M","M","R","$","M","R","BOSS"],"build_version":"2019-01-23","purchased_purges":0,"victory":false,"max_hp_per_floor":[80,80,80,80,80,80,80,80,80,80,80,80,80,82,82,84,84,84,84,84,84,84,84,86,93,93,95,95,95,95,95,95,95,95,95,97,97,97,99,99,101,88,88,90,90,90,90,92,92,92],"card_choices":[{"not_picked":["Burning Pact","Disarm","Wild Strike"],"picked":"SKIP","floor":1.0},{"not_picked":["Cleave","Clash","Power Through"],"picked":"SKIP","floor":3.0},{"not_picked":["Warcry","Sentinel"],"picked":"Perfected Strike","floor":5.0},{"not_picked":["Spot Weakness","Warcry"],"picked":"Dual Wield","floor":7.0},{"not_picked":["Rupture","Clothesline"],"picked":"Twin Strike","floor":10.0},{"not_picked":["Shrug It Off","Flex"],"picked":"Pommel Strike","floor":13.0},{"not_picked":["Havoc","Blood for Blood","Shockwave"],"picked":"Singing Bowl","floor":14.0},{"not_picked":["Juggernaut","Brutality","Exhume"],"picked":"Singing Bowl","floor":16.0},{"not_picked":["Carnage","Flame Barrier"],"picked":"Pommel Strike+1","floor":18.0},{"not_picked":["Havoc","Armaments"],"picked":"Demon Form","floor":23.0},{"not_picked":["Heavy Blade","Hemokinesis+1","Feel No Pain+1"],"picked":"Singing Bowl","floor":24.0},{"not_picked":["Flex","Immolate","Infernal Blade"],"picked":"Singing Bowl","floor":25.0},{"not_picked":["Rupture+1","Combust+1","Searing Blow"],"picked":"Singing Bowl","floor":27.0},{"not_picked":["Sword Boomerang","Armaments"],"picked":"Shrug It Off","floor":30.0},{"not_picked":["Juggernaut+1","Demon Form+1"],"picked":"Barricade+1","floor":33.0},{"not_picked":["Havoc","Corruption+1"],"picked":"Twin Strike+1","floor":35.0},{"not_picked":["Anger+1","Heavy Blade","Reckless Charge"],"picked":"Singing Bowl","floor":36.0},{"not_picked":["Burning Pact","Bloodletting+1","Inflame+1"],"picked":"Singing Bowl","floor":39},{"not_picked":["Wild Strike+1","Evolve+1","Ghostly Armor+1"],"picked":"Singing Bowl","floor":41},{"not_picked":["Cleave+1","Havoc","Burning Pact"],"picked":"Singing Bowl","floor":44},{"not_picked":["Thunderclap+1","True Grit+1"],"picked":"Twin Strike","floor":45},{"not_picked":["Headbutt","True Grit+1","Cleave"],"picked":"Singing Bowl","floor":48}],"player_experience":239159,"relics_obtained":[{"floor":7.0,"key":"Mercury Hourglass"},{"floor":9.0,"key":"Singing Bowl"},{"floor":12.0,"key":"Letter Opener"},{"floor":23.0,"key":"Frozen Egg 2"},{"floor":25.0,"key":"Blue Candle"},{"floor":26.0,"key":"Mummified Hand"},{"floor":27.0,"key":"Lantern"},{"floor":43,"key":"Pantograph"}],"event_choices":[{"damage_healed":0.0,"max_hp_gain":0.0,"max_hp_loss":0.0,"gold_gain":0.0,"event_name":"The Cleric","player_choice":"Leave","floor":4.0,"gold_loss":0.0,"damage_taken":0.0},{"damage_healed":0.0,"max_hp_gain":0.0,"max_hp_loss":0.0,"gold_gain":0.0,"event_name":"Liars Game","player_choice":"Ignored","floor":11.0,"gold_loss":0.0,"damage_taken":0.0},{"damage_healed":0.0,"max_hp_gain":0.0,"max_hp_loss":0.0,"gold_gain":99.0,"event_name":"Nest","player_choice":"Stole From Cult","floor":19.0,"gold_loss":0.0,"damage_taken":0.0},{"damage_healed":0.0,"max_hp_gain":0.0,"max_hp_loss":0.0,"gold_gain":0.0,"event_name":"Back to Basics","player_choice":"Simplicity","floor":21.0,"gold_loss":0.0,"damage_taken":0.0,"cards_upgraded":["Strike_R","Strike_R","Strike_R","Strike_R","Defend_R","Defend_R","Defend_R","Defend_R"]},{"damage_healed":0.0,"max_hp_gain":0.0,"max_hp_loss":0.0,"gold_gain":0.0,"event_name":"Drug Dealer","player_choice":"Inject Mutagens","floor":28.0,"gold_loss":0.0,"damage_taken":0.0,"relics_obtained":["MutagenicStrength"]},{"damage_healed":0.0,"max_hp_gain":0.0,"max_hp_loss":0.0,"gold_gain":0.0,"event_name":"Beggar","player_choice":"Ignored","floor":31.0,"gold_loss":0.0,"damage_taken":0.0},{"damage_healed":0.0,"max_hp_gain":0.0,"max_hp_loss":0.0,"gold_gain":0.0,"event_name":"Winding Halls","player_choice":"Embrace Madness","floor":37.0,"gold_loss":0.0,"damage_taken":12.0,"cards_obtained":["Madness","Madness"]},{"damage_healed":0,"gold_gain":0,"player_choice":"Damaged","damage_taken":9,"max_hp_gain":0,"max_hp_loss":0,"event_name":"Wheel of Change","floor":38,"gold_loss":0},{"damage_healed":88,"gold_gain":0,"player_choice":"Heal","damage_taken":0,"max_hp_gain":0,"max_hp_loss":13,"event_name":"The Moai Head","floor":42,"gold_loss":0}],"is_beta":false,"boss_relics":[{"not_picked":["Runic Dome","Empty Cage"],"picked":"Fusion Hammer"},{"not_picked":["Busted Crown","Coffee Dripper"],"picked":"Mark of Pain"}],"items_purged_floors":[],"is_endless":false,"potions_floor_spawned":[1,10,13,24,25,30,33,39,41,44],"killed_by":"Awakened One","ascension_level":5}