{"gold_per_floor":[115,115,115,115,115,149,149,180,203,222,222,240,266,283,283,383,383,398,415,330,330,349,62,62,90,113,63,80,179,193,219,219,219],"floor_reached":33,"playtime":2567,"items_purged":["Strike_G","Strike_G"],"score":350,"play_id":"62775e49-1db6-43ba-8834-00349e78ceda","local_time":"20190602151954","is_ascension_mode":true,"campfire_choices":[{"floor":7,"key":"REST"},{"floor":15,"key":"REST"},{"data":"Noxious Fumes","floor":24,"key":"SMITH"},{"floor":32,"key":"REST"}],"neow_cost":"NONE","seed_source_timestamp":17670568204891,"circlet_count":0,"master_deck":["Defend_G","Defend_G","Defend_G","Defend_G","Strike_G+1","Strike_G+1","Survivor","Neutralize+1","Backflip","Blur","Bouncing Flask","Die Die Die","PiercingWail","Noxious Fumes+1","Backflip","Burst","Poisoned Stab+1","Choke","Poisoned Stab","Noxious Fumes","Magnetism","Backstab","Prepared","Deadly Poison"],"relics":["Ring of the Snake","Orichalcum","Strawberry","Blood Vial","Centennial Puzzle","Smiling Mask","Snecko Eye","Regal Pillow","Happy Flower","Bag of Marbles"],"potions_floor_usage":[13,16,25,25,25,25,25,25],"damage_taken":[{"damage":1,"enemies":"Jaw Worm","floor":1,"turns":7},{"damage":23,"enemies":"Gremlin Nob","floor":6,"turns":6},{"damage":7,"enemies":"3 Sentries","floor":8,"turns":9},{"damage":0,"enemies":"2 Louse","floor":10,"turns":2},{"damage":3,"enemies":"Cultist","floor":12,"turns":4},{"damage":14,"enemies":"Lagavulin","floor":13,"turns":6},{"damage":0,"enemies":"Lots of Slimes","floor":14,"turns":3},{"damage":0,"enemies":"The Guardian","floor":16,"turns":10},{"damage":1,"enemies":"Chosen","floor":18,"turns":4},{"damage":4,"enemies":"Shell Parasite","floor":19,"turns":5},{"damage":7,"enemies":"Centurion and Healer","floor":22,"turns":5},{"damage":32,"enemies":"Gremlin Leader","floor":25,"turns":7},{"damage":11,"enemies":"Snake Plant","floor":28,"turns":4},{"damage":30,"enemies":"Sentry and Sphere","floor":30,"turns":6},{"damage":51,"enemies":"Collector","floor":33,"turns":7}],"seed_played":"-8893226985366698799","potions_obtained":[{"floor":1,"key":"SkillPotion"},{"floor":6,"key":"LiquidBronze"},{"floor":8,"key":"GhostInAJar"},{"floor":12,"key":"Block Potion"},{"floor":16,"key":"Dexterity Potion"},{"floor":22,"key":"EntropicBrew"}],"is_trial":false,"path_per_floor":["M","?","?","T","?","E","R","E","T","M","?","M","E","M","R","B",null,"M","M","?","?","M","$","R","E","T","$","M","?","M","T","R","B"],"character_chosen":"THE_SILENT","items_purchased":["Noxious Fumes","Magnetism"],"campfire_rested":3,"item_purchase_floors":[23,23],"current_hp_per_floor":[69,69,55,55,48,32,55,48,48,50,50,49,37,39,62,64,77,76,73,73,73,68,68,68,38,38,38,29,29,1,1,39,0],"gold":219,"neow_bonus":"THREE_CARDS","is_prod":false,"is_daily":false,"chose_seed":false,"campfire_upgraded":1,"win_rate":0,"timestamp":1559481594,"path_taken":["M","?","?","?","?","E","R","E","T","?","?","?","E","M","R","BOSS","M","?","?","?","M","$","R","E","T","?","M","?","M","?","R","BOSS"],"build_version":"2019-01-23","purchased_purges":2,"victory":false,"max_hp_per_floor":[70,70,70,70,70,77,77,77,77,77,77,77,77,77,77,77,77,77,77,77,77,77,77,77,77,77,77,77,77,77,77,77,77],"card_choices":[{"not_picked":["Blade Dance","Backstab"],"picked":"Backflip","floor":0},{"not_picked":["Cloak And Dagger","Acrobatics"],"picked":"Blur","floor":1},{"not_picked":["Quick Slash","Choke"],"picked":"Bouncing Flask","floor":6},{"not_picked":["Backstab","Eviscerate"],"picked":"Die Die Die","floor":8},{"not_picked":["Blade Dance","Calculated Gamble"],"picked":"PiercingWail","floor":10},{"not_picked":["Escape Plan","Caltrops"],"picked":"Noxious Fumes","floor":12},{"not_picked":["Underhanded Strike","Flechettes"],"picked":"Backflip","floor":13},{"not_picked":["Acrobatics","Flying Knee","Flechettes"],"picked":"SKIP","floor":14},{"not_picked":["A Thousand Cuts","Die Die Die"],"picked":"Burst","floor":16},{"not_picked":["Outmaneuver","Sucker Punch"],"picked":"Poisoned Stab+1","floor":18},{"not_picked":["Quick Slash","Underhanded Strike"],"picked":"Choke","floor":19},{"not_picked":["Flying Knee","Calculated Gamble"],"picked":"Poisoned Stab","floor":22},{"not_picked":["Underhanded Strike+1","Predator"],"picked":"Backstab","floor":25},{"not_picked":["Quick Slash+1","Deflect"],"picked":"Prepared","floor":28},{"not_picked":["Slice+1","Flechettes+1"],"picked":"Deadly Poison","floor":30}],"player_experience":169773,"relics_obtained":[{"floor":4,"key":"Orichalcum"},{"floor":6,"key":"Strawberry"},{"floor":8,"key":"Blood Vial"},{"floor":9,"key":"Centennial Puzzle"},{"floor":13,"key":"Smiling Mask"},{"floor":25,"key":"Happy Flower"},{"floor":31,"key":"Bag of Marbles"}],"event_choices":[{"damage_healed":0,"gold_gain":0,"player_choice":"Ignored","damage_taken":0,"max_hp_gain":0,"max_hp_loss":0,"event_name":"Liars Game","floor":2,"gold_loss":0},{"damage_healed":0,"gold_gain":0,"player_choice":"Entered Light","damage_taken":14,"max_hp_gain":0,"max_hp_loss":0,"event_name":"Shining Light","floor":3,"gold_loss":0,"cards_upgraded":["Strike_G","Strike_G"]},{"cards_removed":["Defend_G"],"damage_healed":0,"gold_gain":0,"player_choice":"Card Removal","damage_taken":7,"max_hp_gain":0,"max_hp_loss":0,"event_name":"Golden Wing","floor":5,"gold_loss":0},{"damage_healed":0,"gold_gain":0,"player_choice":"Upgraded","damage_taken":0,"max_hp_gain":0,"max_hp_loss":0,"event_name":"Upgrade Shrine","floor":11,"gold_loss":0,"cards_upgraded":["Neutralize"]},{"damage_healed":0,"gold_gain":0,"player_choice":"Obtained Relic","damage_taken":0,"relics_obtained":["Regal Pillow"],"max_hp_gain":0,"max_hp_loss":0,"event_name":"Addict","floor":20,"gold_loss":85},{"cards_removed":["Strike_G"],"damage_healed":0,"gold_gain":0,"player_choice":"Elegance","damage_taken":0,"max_hp_gain":0,"max_hp_loss":0,"event_name":"Back to Basics","floor":21,"gold_loss":0},{"damage_healed":0,"gold_gain":99,"player_choice":"Stole From Cult","damage_taken":0,"max_hp_gain":0,"max_hp_loss":0,"event_name":"Nest","floor":29,"gold_loss":0}],"is_beta":false,"boss_relics":[{"not_picked":["Lizard Tail","Orrery"],"picked":"Snecko Eye"}],"items_purged_floors":[23,27],"is_endless":false,"potions_floor_spawned":[1,6,8,12,16,22],"killed_by":"Collector","ascension_level":1}