{"gold_per_floor":[115,133,152,152,152,177,27,27,77,77,96,116,66,83,83,187,187,174,174,174,184,196,221,221,256,256,256,30,30,42,61,61,165,165,177,77,0,0,16,46,66,66,89,89,108,123,123,137,137,137],"floor_reached":51,"playtime":10469,"items_purged":["Strike_R","Doubt"],"score":769,"play_id":"c882aeee-ae73-4b67-8a8a-e57cf02b24bd","local_time":"20180819151346","is_ascension_mode":false,"campfire_choices":[{"floor":8,"key":"REST"},{"data":"Clothesline","floor":10,"key":"SMITH"},{"data":"Bash","floor":15,"key":"SMITH"},{"data":"1","floor":24,"key":"LIFT"},{"data":"2","floor":27,"key":"LIFT"},{"data":"3","floor":29,"key":"LIFT"},{"data":"Body Slam","floor":32,"key":"SMITH"},{"floor":44,"key":"REST"},{"data":"Demon Form","floor":47,"key":"SMITH"},{"floor":49,"key":"REST"}],"neow_cost":"PERCENT_DAMAGE","seed_source_timestamp":396265179415966,"circlet_count":0,"master_deck":["Strike_R","Defend_R","Defend_R","Defend_R","Defend_R","Bash+1","Iron Wave","Rage+1","Iron Wave","Iron Wave","Clothesline+1","Shrug It Off","Rage","Impervious","Bludgeon","Battle Trance","Impervious","Body Slam+1","Pommel Strike+1","Fiend Fire","Demon Form+1","Warcry","Rupture","Shrug It Off+1","Feed","Madness","Madness","Pain","Iron Wave+1"],"relics":["Burning Blood","Anchor","Strawberry","Happy Flower","Centennial Puzzle","Cursed Key","Girya","Red Skull","Pear","Pen Nib","Mark of Pain","Red Mask","Vajra","Blood Vial"],"potions_floor_usage":[6,16,16,16,25,33,33,50],"damage_taken":[{"damage":3,"enemies":"Jaw Worm","floor":1,"turns":6},{"damage":2,"enemies":"Small Slimes","floor":2,"turns":5},{"damage":0,"enemies":"2 Louse","floor":3,"turns":2},{"damage":54,"enemies":"Lagavulin","floor":6,"turns":10},{"damage":2,"enemies":"Red Slaver","floor":11,"turns":3},{"damage":0,"enemies":"Looter","floor":12,"turns":3},{"damage":0,"enemies":"Large Slime","floor":14,"turns":10},{"damage":58,"enemies":"Slime Boss","floor":16,"turns":19},{"damage":0,"enemies":"2 Thieves","floor":18,"turns":4},{"damage":0,"enemies":"Spheric Guardian","floor":21,"turns":4},{"damage":0,"enemies":"Cultist and Chosen","floor":22,"turns":8},{"damage":0,"enemies":"Book of Stabbing","floor":23,"turns":5},{"damage":2,"enemies":"Gremlin Leader","floor":25,"turns":4},{"damage":0,"enemies":"Snake Plant","floor":30,"turns":3},{"damage":0,"enemies":"Snecko","floor":31,"turns":3},{"damage":45,"enemies":"Collector","floor":33,"turns":11},{"damage":26,"enemies":"Flame Bruiser 1 Orb","floor":35,"turns":4},{"damage":20,"enemies":"3 Shapes","floor":39,"turns":4},{"damage":8,"enemies":"Giant Head","floor":40,"turns":7},{"damage":21,"enemies":"Maw","floor":41,"turns":7},{"damage":7,"enemies":"Transient","floor":45,"turns":5},{"damage":17,"enemies":"4 Shapes","floor":46,"turns":5},{"damage":8,"enemies":"Flame Bruiser 2 Orb","floor":48,"turns":3},{"damage":69,"enemies":"Donu and Deca","floor":50,"turns":8}],"seed_played":"4921713488781102552","potions_obtained":[{"floor":1,"key":"Energy Potion"},{"floor":6,"key":"AttackPotion"},{"floor":12,"key":"GamblersBrew"},{"floor":14,"key":"Energy Potion"},{"floor":18,"key":"LiquidBronze"},{"floor":21,"key":"SteroidPotion"},{"floor":25,"key":"PowerPotion"},{"floor":45,"key":"Poison Potion"},{"floor":46,"key":"SkillPotion"},{"floor":48,"key":"LiquidBronze"}],"is_trial":false,"path_per_floor":["M","M","M","?","?","E","$","R","T","R","M","M","?","M","R","B",null,"M","?","?","M","M","E","R","E","T","R","$","R","M","M","R","B",null,"M","$","?","?","M","E","M","?","T","R","M","M","R","M","R","B"],"character_chosen":"IRONCLAD","items_purchased":["Happy Flower","Pen Nib"],"campfire_rested":3,"item_purchase_floors":[7,28],"current_hp_per_floor":[59,63,69,69,69,28,28,54,54,54,58,64,64,70,70,18,87,87,87,87,87,87,87,87,87,97,97,97,97,97,97,97,58,97,77,77,77,77,63,61,46,34,34,63,64,58,58,58,88,27],"gold":137,"neow_bonus":"TRANSFORM_TWO_CARDS","is_prod":false,"is_daily":false,"chose_seed":false,"campfire_upgraded":4,"win_rate":0.0,"timestamp":1534709626,"path_taken":["M","M","M","?","?","E","$","R","T","R","M","M","?","M","R","BOSS","M","?","?","M","M","E","R","E","T","R","$","R","M","M","R","BOSS","M","$","?","?","M","E","M","?","T","R","?","M","R","M","R","BOSS"],"build_version":"2018-08-16","purchased_purges":2,"victory":true,"max_hp_per_floor":[80,80,80,80,80,87,87,87,87,87,87,87,87,87,87,87,87,87,87,87,87,87,87,87,87,97,97,97,97,97,97,97,97,97,97,97,97,97,97,97,97,97,97,97,97,100,100,100,100,100],"card_choices":[{"not_picked":["Battle Trance","Armaments"],"picked":"Iron Wave","floor":1},{"not_picked":["Inflame","Twin Strike"],"picked":"Iron Wave","floor":2},{"not_picked":["Power Through","Carnage","Twin Strike"],"picked":"SKIP","floor":3},{"not_picked":["Perfected Strike","Flex"],"picked":"Clothesline","floor":6},{"not_picked":["Perfected Strike","Flex"],"picked":"Shrug It Off","floor":11},{"not_picked":["Perfected Strike","Power Through"],"picked":"Rage","floor":12},{"not_picked":["Perfected Strike","Iron Wave"],"picked":"Impervious","floor":14},{"not_picked":["Brutality","Double Tap"],"picked":"Bludgeon","floor":16},{"not_picked":["Clash+1","Twin Strike+1","Sword Boomerang"],"picked":"SKIP","floor":18},{"not_picked":["Corruption","Carnage"],"picked":"Body Slam","floor":21},{"not_picked":["Sword Boomerang","Cleave"],"picked":"Pommel Strike+1","floor":22},{"not_picked":["Rupture","Iron Wave"],"picked":"Fiend Fire","floor":23},{"not_picked":["Uppercut","Heavy Blade","Shrug It Off"],"picked":"SKIP","floor":25},{"not_picked":["Thunderclap","Flex","Bludgeon"],"picked":"SKIP","floor":30},{"not_picked":["True Grit","Shrug It Off","Iron Wave+1"],"picked":"SKIP","floor":31},{"not_picked":["Dark Embrace","Limit Break"],"picked":"Demon Form","floor":33},{"not_picked":["Searing Blow+1","Uppercut"],"picked":"Warcry","floor":35},{"not_picked":["Clash","Sword Boomerang"],"picked":"Shrug It Off+1","floor":39},{"not_picked":["Thunderclap","Blood for Blood","Pommel Strike"],"picked":"SKIP","floor":40},{"not_picked":["Shockwave","Headbutt+1"],"picked":"Feed","floor":41},{"not_picked":["Blood for Blood","Searing Blow","Heavy Blade"],"picked":"SKIP","floor":45},{"not_picked":["Thunderclap+1","Clothesline"],"picked":"Iron Wave+1","floor":46},{"not_picked":["Cleave","Shrug It Off","Heavy Blade"],"picked":"SKIP","floor":48}],"player_experience":42080,"relics_obtained":[{"floor":6,"key":"Strawberry"},{"floor":9,"key":"Centennial Puzzle"},{"floor":23,"key":"Girya"},{"floor":25,"key":"Red Skull"},{"floor":26,"key":"Pear"},{"floor":40,"key":"Vajra"},{"floor":43,"key":"Blood Vial"}],"event_choices":[{"event_name":"Big Fish","player_choice":"Box","floor":4,"damage_taken":0},{"event_name":"Upgrade Shrine","player_choice":"Upgraded","floor":5,"damage_taken":0},{"event_name":"The Cleric","player_choice":"Card Removal","floor":13,"damage_taken":0},{"event_name":"The Library","player_choice":"Read","floor":19,"damage_taken":0},{"event_name":"Duplicator","player_choice":"One dupe","floor":20,"damage_taken":0},{"event_name":"Tomb of Lord Red Mask","player_choice":"Paid","floor":37,"damage_taken":0},{"event_name":"Transmorgrifier","player_choice":"Transform","floor":38,"damage_taken":0},{"event_name":"Winding Halls","player_choice":"Embrace Madness","floor":42,"damage_taken":0}],"is_beta":false,"boss_relics":[{"not_picked":["Black Blood","Empty Cage"],"picked":"Cursed Key"},{"not_picked":["Philosopher\u0027s Stone","Eternal Feather"],"picked":"Mark of Pain"}],"items_purged_floors":[28,36],"is_endless":false,"potions_floor_spawned":[1,6,12,14,18,21,25,45,46,48],"ascension_level":0}