{"gold_per_floor":[117,69,69,87,104,104,115,131,131,131,151,168,168,168,168,264,264,282,207,217,65,65,94,16,16,16,16,34,59,59,69,69,172,172,182,205,216,516,526,526,544,544,595,624,81,101,101,117,117,117],"floor_reached":51,"playtime":7095,"items_purged":["Strike_R"],"score":709,"play_id":"dd6762cf-8a69-4338-9cac-fa255908c22b","local_time":"20190526114217","is_ascension_mode":false,"campfire_choices":[{"data":"Flame Barrier","floor":6,"key":"SMITH"},{"data":"Metallicize","floor":10,"key":"SMITH"},{"data":"Armaments","floor":13,"key":"SMITH"},{"data":"Twin Strike","floor":15,"key":"SMITH"},{"data":"Body Slam","floor":25,"key":"SMITH"},{"data":"1","floor":27,"key":"LIFT"},{"floor":32,"key":"REST"},{"data":"Barricade","floor":40,"key":"SMITH"},{"data":"Body Slam","floor":42,"key":"SMITH"},{"data":"Barricade","floor":47,"key":"SMITH"},{"floor":49,"key":"REST"}],"neow_cost":"","seed_source_timestamp":1323152465440,"circlet_count":0,"master_deck":["Strike_R","Strike_R","Strike_R","Defend_R","Defend_R","Defend_R","Defend_R","Bash","Flame Barrier+1","Shrug It Off","Twin Strike+1","Rage","Shrug It Off","Metallicize+1","Armaments+1","Body Slam+1","Juggernaut","Shrug It Off","Impervious","Metallicize","Ghostly Armor+1","Metallicize+1","Barricade+1","Warcry+1","Entrench+1","Seeing Red+1","Body Slam+1","Warcry","Barricade+1","Body Slam+1"],"relics":["Black Blood","Ornamental Fan","Pocketwatch","Centennial Puzzle","Girya","Bottled Flame","Peace Pipe","Black Star","Bronze Scales","Lantern","Vajra","Mercury Hourglass","Pear"],"potions_floor_usage":[37,39,39],"damage_taken":[{"damage":6,"enemies":"Jaw Worm","floor":1,"turns":3},{"damage":5,"enemies":"Cultist","floor":4,"turns":4},{"damage":3,"enemies":"Small Slimes","floor":5,"turns":2},{"damage":4,"enemies":"Blue Slaver","floor":7,"turns":4},{"damage":4,"enemies":"Red Slaver","floor":8,"turns":4},{"damage":4,"enemies":"Large Slime","floor":11,"turns":6},{"damage":7,"enemies":"Blue Slaver","floor":12,"turns":4},{"damage":19,"enemies":"The Guardian","floor":16,"turns":13},{"damage":18,"enemies":"3 Byrds","floor":18,"turns":4},{"damage":0,"enemies":"Shell Parasite","floor":20,"turns":8},{"damage":33,"enemies":"Book of Stabbing","floor":23,"turns":8},{"damage":6,"enemies":"Sentry and Sphere","floor":28,"turns":6},{"damage":22,"enemies":"Slavers","floor":29,"turns":7},{"damage":3,"enemies":"Shelled Parasite and Fungi","floor":31,"turns":6},{"damage":46,"enemies":"Champ","floor":33,"turns":19},{"damage":73,"enemies":"3 Shapes","floor":35,"turns":5},{"damage":6,"enemies":"Orb Walker","floor":37,"turns":7},{"damage":0,"enemies":"Transient","floor":39,"turns":5},{"damage":10,"enemies":"Jaw Worm Horde","floor":41,"turns":8},{"damage":14,"enemies":"Nemesis","floor":44,"turns":7},{"damage":12,"enemies":"3 Darklings","floor":46,"turns":6},{"damage":15,"enemies":"Sphere and 2 Shapes","floor":48,"turns":7},{"damage":13,"enemies":"Awakened One","floor":50,"turns":15}],"seed_played":"-1558115674931501212","potions_obtained":[{"floor":1,"key":"BloodPotion"},{"floor":5,"key":"Block Potion"},{"floor":12,"key":"FearPotion"},{"floor":16,"key":"AttackPotion"},{"floor":30,"key":"BloodPotion"},{"floor":39,"key":"Explosive Potion"},{"floor":44,"key":"SkillPotion"}],"is_trial":false,"path_per_floor":["M","$","?","M","M","R","M","M","T","R","M","M","R","?","R","B",null,"M","?","M","$","?","E","$","R","T","R","M","E","?","M","R","B",null,"M","T","M","?","M","R","M","R","T","E","$","M","R","M","R","B",null],"character_chosen":"IRONCLAD","items_purchased":["Shrug It Off","Centennial Puzzle","Metallicize","Pear","FairyPotion","Energy Potion","Warcry"],"campfire_rested":2,"item_purchase_floors":[2,21,24,45,45,45,45],"current_hp_per_floor":[80,80,80,80,80,80,80,80,80,80,80,79,79,79,79,66,80,72,72,80,80,65,42,42,42,42,42,46,34,34,41,66,30,85,22,22,34,34,44,44,44,44,44,40,50,48,48,43,71,68],"gold":117,"neow_bonus":"","is_prod":false,"is_daily":false,"chose_seed":false,"campfire_upgraded":8,"win_rate":0.0,"timestamp":1558863737,"path_taken":["M","$","?","M","?","R","?","M","T","R","M","M","R","?","R","BOSS","M","?","M","$","?","E","$","R","T","R","M","E","?","M","R","BOSS","M","?","M","?","M","R","M","R","T","E","$","M","R","?","R","BOSS"],"build_version":"2019-01-23","purchased_purges":1,"victory":true,"max_hp_per_floor":[80,80,80,80,80,80,80,80,80,80,80,80,80,80,80,80,80,80,80,80,80,85,85,85,85,85,85,85,85,85,85,85,85,85,85,85,85,85,85,85,85,85,85,85,95,95,95,95,95,95],"card_choices":[{"not_picked":["Flex","Anger"],"picked":"Flame Barrier","floor":1},{"not_picked":["Burning Pact","Disarm"],"picked":"Twin Strike","floor":4},{"not_picked":["Clothesline","Perfected Strike"],"picked":"Rage","floor":5},{"not_picked":["Anger","Rupture"],"picked":"Shrug It Off","floor":7},{"not_picked":["Infernal Blade","Clash"],"picked":"Metallicize","floor":8},{"not_picked":["Reckless Charge","Cleave"],"picked":"Armaments","floor":11},{"not_picked":["Clothesline","Whirlwind"],"picked":"Body Slam","floor":12},{"not_picked":["Demon Form","Brutality"],"picked":"Juggernaut","floor":16},{"not_picked":["Carnage","Clash","Rampage"],"picked":"SKIP","floor":18},{"not_picked":["Whirlwind","Clash+1"],"picked":"Shrug It Off","floor":20},{"not_picked":["Battle Trance","Twin Strike"],"picked":"Impervious","floor":23},{"not_picked":["Feel No Pain+1","Armaments+1","Cleave"],"picked":"SKIP","floor":28},{"not_picked":["Clothesline","Feed"],"picked":"Ghostly Armor+1","floor":29},{"not_picked":["Flex","Flame Barrier"],"picked":"Metallicize+1","floor":31},{"not_picked":["Juggernaut","Feed"],"picked":"Barricade","floor":33},{"not_picked":["Corruption+1","Flex"],"picked":"Warcry+1","floor":35},{"not_picked":["Feel No Pain","Shrug It Off+1"],"picked":"Entrench+1","floor":37},{"not_picked":["Armaments+1","Pummel+1"],"picked":"Seeing Red+1","floor":39},{"not_picked":["Shrug It Off","Clothesline"],"picked":"Body Slam","floor":41},{"not_picked":["Anger","Iron Wave+1","Armaments+1"],"picked":"SKIP","floor":44},{"not_picked":["Perfected Strike","Reckless Charge+1"],"picked":"Barricade","floor":46},{"not_picked":["Sword Boomerang","Sever Soul+1"],"picked":"Body Slam+1","floor":48}],"player_experience":0,"relics_obtained":[{"floor":9,"key":"Pocketwatch"},{"floor":23,"key":"Girya"},{"floor":26,"key":"Bottled Flame"},{"floor":29,"key":"Peace Pipe"},{"floor":36,"key":"Bronze Scales"},{"floor":43,"key":"Lantern"},{"floor":44,"key":"Vajra"},{"floor":44,"key":"Mercury Hourglass"}],"event_choices":[{"damage_healed":0,"gold_gain":0,"player_choice":"Gave Potion","damage_taken":0,"relics_obtained":["Ornamental Fan"],"max_hp_gain":0,"max_hp_loss":0,"event_name":"WeMeetAgain","floor":3,"gold_loss":0},{"damage_healed":0,"gold_gain":0,"player_choice":"Ignored","damage_taken":0,"max_hp_gain":0,"max_hp_loss":0,"event_name":"Liars Game","floor":14,"gold_loss":0},{"cards_removed":["Strike_R"],"damage_healed":0,"gold_gain":0,"player_choice":"Gave Gold","damage_taken":0,"max_hp_gain":0,"max_hp_loss":0,"event_name":"Beggar","floor":19,"gold_loss":75},{"damage_healed":0,"gold_gain":0,"player_choice":"Shed Blood","damage_taken":20,"max_hp_gain":5,"max_hp_loss":0,"event_name":"Forgotten Altar","floor":22,"gold_loss":0},{"damage_healed":0,"gold_gain":0,"player_choice":"Got Potions","damage_taken":0,"max_hp_gain":0,"max_hp_loss":0,"event_name":"Lab","floor":30,"gold_loss":0},{"damage_healed":0,"gold_gain":300,"player_choice":"Gold","damage_taken":0,"max_hp_gain":0,"max_hp_loss":0,"event_name":"Wheel of Change","floor":38,"gold_loss":0}],"is_beta":false,"boss_relics":[{"not_picked":["Lizard Tail","Tiny House"],"picked":"Black Blood"},{"not_picked":["Astrolabe","Calling Bell"],"picked":"Black Star"}],"items_purged_floors":[45],"is_endless":false,"potions_floor_spawned":[1,5,12,16,28,33,39,44,48],"ascension_level":0}