{"gold_per_floor":[214,233,233,253,80,80,107,107,131,142,142,153,171,196,196,295,295,315,325,240,251,262,262,293,308,356,455,455],"floor_reached":28,"playtime":5557,"items_purged":["Strike_G"],"score":378,"play_id":"1780494f-c454-404d-932e-d7a3b7643e78","local_time":"20181010150153","is_ascension_mode":true,"campfire_choices":[{"floor":6,"key":"REST"},{"floor":11,"key":"REST"},{"floor":15,"key":"REST"},{"floor":23,"key":"REST"}],"neow_cost":"NONE","seed_source_timestamp":420935631463013,"circlet_count":0,"master_deck":["Defend_G","Defend_G","Defend_G","Defend_G","Defend_G","Strike_G","Strike_G","Strike_G","Strike_G","Survivor","Neutralize","AscendersBane","Crippling Poison","Dash","Infinite Blades","Footwork","Cloak And Dagger","Well Laid Plans","Bouncing Flask","Caltrops","All Out Attack","Envenom","Backflip","Deflect+1","Dodge and Roll+1","Escape Plan","Dodge and Roll+1","Catalyst+1","Backstab"],"relics":["Ring of the Snake","Vajra","Dream Catcher","Shovel","Sozu","Blood Vial","Thread and Needle","Anchor"],"potions_floor_usage":[7,14,16,18],"damage_taken":[{"damage":2,"enemies":"Cultist","floor":1,"turns":4},{"damage":10,"enemies":"Jaw Worm","floor":2,"turns":7},{"damage":3,"enemies":"Small Slimes","floor":4,"turns":4},{"damage":40,"enemies":"Gremlin Nob","floor":7,"turns":7},{"damage":0,"enemies":"Looter","floor":10,"turns":4},{"damage":6,"enemies":"Red Slaver","floor":12,"turns":4},{"damage":0,"enemies":"Exordium Wildlife","floor":13,"turns":3},{"damage":13,"enemies":"Lagavulin","floor":14,"turns":6},{"damage":28,"enemies":"Hexaghost","floor":16,"turns":10},{"damage":18,"enemies":"Chosen","floor":18,"turns":6},{"damage":14,"enemies":"3 Byrds","floor":19,"turns":3},{"damage":10,"enemies":"Shelled Parasite and Fungi","floor":21,"turns":7},{"damage":9,"enemies":"Centurion and Healer","floor":22,"turns":9},{"damage":12,"enemies":"Book of Stabbing","floor":24,"turns":7},{"damage":9,"enemies":"Snake Plant","floor":25,"turns":6},{"damage":32,"enemies":"Chosen and Byrds","floor":28,"turns":6}],"seed_played":"-4164639550835928949","potions_obtained":[{"floor":4,"key":"Block Potion"},{"floor":7,"key":"FearPotion"},{"floor":12,"key":"Regen Potion"},{"floor":16,"key":"EssenceOfSteel"}],"is_trial":false,"path_per_floor":["M","M","?","M","$","R","E","?","T","M","R","M","M","E","R","B",null,"M","M","?","M","M","R","E","M","T","?"],"character_chosen":"THE_SILENT","items_purchased":["Footwork","Cloak And Dagger"],"campfire_rested":4,"item_purchase_floors":[5,5],"current_hp_per_floor":[61,51,51,48,48,69,29,29,29,29,50,44,44,31,52,39,62,44,30,30,22,15,36,26,19,19,19,0],"gold":455,"neow_bonus":"HUNDRED_GOLD","is_prod":false,"is_daily":false,"chose_seed":false,"campfire_upgraded":0,"win_rate":0,"timestamp":1539201713,"path_taken":["M","M","?","M","$","R","E","?","T","?","R","M","M","E","R","BOSS","M","?","?","M","M","R","E","M","T","?","?"],"build_version":"2018-10-04v2","purchased_purges":1,"victory":false,"max_hp_per_floor":[70,70,70,70,70,70,70,70,70,70,70,70,70,70,70,70,70,70,70,70,70,70,70,70,70,70,70,70],"card_choices":[{"not_picked":["Flying Knee","Catalyst"],"picked":"Crippling Poison","floor":1},{"not_picked":["Poisoned Stab","Calculated Gamble"],"picked":"Dash","floor":2},{"not_picked":["Terror","All Out Attack"],"picked":"Infinite Blades","floor":4},{"not_picked":["Phantasmal Killer","Cloak And Dagger"],"picked":"Well Laid Plans","floor":7},{"not_picked":["Flying Knee","Dagger Throw","Dagger Spray"],"picked":"SKIP","floor":10},{"not_picked":["Escape Plan","Outmaneuver"],"picked":"Bouncing Flask","floor":12},{"not_picked":["Sucker Punch","PiercingWail","Riddle With Holes"],"picked":"SKIP","floor":13},{"not_picked":["Distraction","Prepared"],"picked":"Caltrops","floor":14},{"not_picked":["Heel Hook","Acrobatics"],"picked":"All Out Attack","floor":15},{"not_picked":["Tools of the Trade","Doppelganger"],"picked":"Envenom","floor":16},{"not_picked":["Deflect","Acrobatics"],"picked":"Backflip","floor":18},{"not_picked":["Underhanded Strike","Masterful Stab"],"picked":"Deflect+1","floor":19},{"not_picked":["Concentrate+1","Blade Dance+1"],"picked":"Dodge and Roll+1","floor":21},{"not_picked":["PiercingWail","Dagger Throw"],"picked":"Escape Plan","floor":22},{"not_picked":["Poisoned Stab+1","PiercingWail"],"picked":"Dodge and Roll+1","floor":23},{"not_picked":["Setup","Masterful Stab"],"picked":"Catalyst+1","floor":24},{"not_picked":["PiercingWail","Expertise"],"picked":"Backstab","floor":25}],"player_experience":743173,"relics_obtained":[{"floor":7,"key":"Vajra"},{"floor":9,"key":"Dream Catcher"},{"floor":14,"key":"Shovel"},{"floor":24,"key":"Thread and Needle"},{"floor":26,"key":"Anchor"}],"event_choices":[{"event_name":"Liars Game","player_choice":"disagreed","floor":3,"damage_taken":0},{"event_name":"Shining Light","player_choice":"Ignored","floor":8,"damage_taken":0},{"event_name":"Addict","player_choice":"Obtained Relic","floor":20,"damage_taken":0},{"event_name":"Nest","player_choice":"Stole From Cult","floor":27,"damage_taken":0}],"is_beta":false,"boss_relics":[{"not_picked":["WristBlade","Ectoplasm"],"picked":"Sozu"}],"items_purged_floors":[5],"is_endless":false,"potions_floor_spawned":[4,7,12,16,19,22,25],"killed_by":"Chosen and Byrds","ascension_level":10}