{"gold_per_floor":[113,113,113,131,191,224,244,244],"floor_reached":8,"playtime":142,"items_purged":[],"score":182,"play_id":"0f49a500-24fa-4530-9c9c-d054ce6d47a7","local_time":"20190927014253","is_ascension_mode":true,"campfire_choices":[],"neow_cost":"NONE","seed_source_timestamp":337867446398900,"circlet_count":0,"master_deck":["Strike_P","Strike_P","Strike_P","Strike_P","Defend_P","Defend_P","Defend_P","Defend_P","Eruption","Vigilance","AscMod:ascendersbane","Sanctity","Protect"],"relics":["PureWater","NeowsBlessing","Golden Idol","Pantograph"],"potions_floor_usage":[8],"damage_taken":[{"damage":0,"enemies":"Cultist","floor":1,"turns":1},{"damage":0,"enemies":"2 Louse","floor":4,"turns":1},{"damage":0,"enemies":"Gremlin Nob","floor":6,"turns":1},{"damage":0,"enemies":"Small Slimes","floor":7,"turns":2},{"damage":29,"enemies":"The Mushroom Lair","floor":8,"turns":5}],"seed_played":"4613711136116465067","potions_obtained":[{"floor":7,"key":"Swift Potion"}],"is_trial":false,"path_per_floor":["M","?","?","M","?","E","M","?"],"character_chosen":"WATCHER","items_purchased":[],"campfire_rested":0,"item_purchase_floors":[],"current_hp_per_floor":[55,59,59,59,48,48,48,19],"gold":244,"neow_bonus":"THREE_ENEMY_KILL","is_prod":false,"is_daily":false,"chose_seed":false,"campfire_upgraded":0,"win_rate":0,"timestamp":1569523373,"path_taken":["M","?","?","M","?","E","M","?"],"build_version":"2019-09-25","purchased_purges":0,"victory":false,"max_hp_per_floor":[61,66,60,60,60,60,60,60],"card_choices":[{"not_picked":["FlyingSleeves","WindmillStrike"],"picked":"Sanctity","floor":1},{"not_picked":["PathToVictory","ClearTheMind","Weave"],"picked":"SKIP","floor":4},{"not_picked":["Swivel","Halt","ThirdEye"],"picked":"SKIP","floor":6},{"not_picked":["FollowUp","JustLucky"],"picked":"Protect","floor":7}],"player_experience":1162976,"relics_obtained":[{"floor":6,"key":"Pantograph"}],"event_choices":[{"damage_healed":0,"gold_gain":0,"player_choice":"Donut","damage_taken":0,"max_hp_gain":5,"max_hp_loss":0,"event_name":"Big Fish","floor":2,"gold_loss":0},{"damage_healed":0,"gold_gain":0,"player_choice":"Lose Max HP","damage_taken":0,"relics_obtained":["Golden Idol"],"max_hp_gain":0,"max_hp_loss":6,"event_name":"Golden Idol","floor":3,"gold_loss":0},{"damage_healed":0,"gold_gain":75,"player_choice":"Gather Gold","damage_taken":11,"max_hp_gain":0,"max_hp_loss":0,"event_name":"World of Goop","floor":5,"gold_loss":0},{"damage_healed":0,"gold_gain":0,"player_choice":"Fought Mushrooms","damage_taken":0,"max_hp_gain":0,"max_hp_loss":0,"event_name":"Mushrooms","floor":8,"gold_loss":0}],"is_beta":true,"boss_relics":[],"items_purged_floors":[],"is_endless":false,"potions_floor_spawned":[7],"killed_by":"The Mushroom Lair","ascension_level":25}