{"gold_per_floor":[109,109,119,133,43,43,63,91,144,163,188,188,188,209,209,302,302,316,241,156,175,191,191,232,232,232,232,232,232,242,292,292,366,366,381,427,15,25,45,45,45,45,123,123,135,169,9,26,26,26,26],"floor_reached":51,"playtime":21469,"items_purged":["Strike_R"],"score":1310,"play_id":"cc0ca108-ecab-4900-9db2-e81fdf4e0316","local_time":"20190521010542","is_ascension_mode":true,"campfire_choices":[{"data":"Whirlwind","floor":6.0,"key":"SMITH"},{"data":"Spot Weakness","floor":12.0,"key":"SMITH"},{"data":"Anger","floor":15.0,"key":"SMITH"},{"data":"Disarm","floor":23,"key":"SMITH"},{"data":"Uppercut","floor":25,"key":"SMITH"},{"data":"Metallicize","floor":27,"key":"SMITH"},{"data":"Fiend Fire","floor":32,"key":"SMITH"},{"data":"Double Tap","floor":40,"key":"SMITH"},{"data":"Sword Boomerang","floor":42,"key":"SMITH"},{"floor":49,"key":"RECALL"}],"neow_cost":"NONE","seed_source_timestamp":0,"circlet_count":0,"master_deck":["AscendersBane","Strike_R","Strike_R","Strike_R","Strike_R","Defend_R","Defend_R","Defend_R","Defend_R","Bash","Spot Weakness+1","Sword Boomerang+1","Whirlwind+1","Anger+1","Headbutt","Uppercut+1","Reaper","Shrug It Off","Disarm+1","Fiend Fire+1","Double Tap+1","Demon Form+1","Warcry+1","Inflame+1"],"special_seed":0,"relics":["Burning Blood","Ancient Tea Set","Tiny Chest","Lantern","Bloody Idol","Runic Pyramid","Mummified Hand","Blood Vial","Frozen Egg 2","Busted Crown","Regal Pillow","Chemical X","Ornamental Fan","Bronze Scales"],"potions_floor_usage":[21,33,48,51,51],"damage_taken":[{"damage":10.0,"enemies":"Small Slimes","floor":1.0,"turns":4.0},{"damage":7.0,"enemies":"Cultist","floor":3.0,"turns":4.0},{"damage":3.0,"enemies":"2 Louse","floor":4.0,"turns":3.0},{"damage":0.0,"enemies":"Exordium Wildlife","floor":7.0,"turns":3.0},{"damage":34.0,"enemies":"Lagavulin","floor":8.0,"turns":5.0},{"damage":0.0,"enemies":"2 Fungi Beasts","floor":10.0,"turns":2.0},{"damage":35.0,"enemies":"Gremlin Nob","floor":11.0,"turns":5.0},{"damage":0.0,"enemies":"3 Louse","floor":14.0,"turns":2.0},{"damage":22.0,"enemies":"Hexaghost","floor":16.0,"turns":7.0},{"damage":30,"enemies":"Spheric Guardian","floor":18,"turns":5},{"damage":0,"enemies":"3 Byrds","floor":21,"turns":4},{"damage":26,"enemies":"3 Cultists","floor":22,"turns":5},{"damage":13,"enemies":"Gremlin Leader","floor":24,"turns":5},{"damage":30,"enemies":"Centurion and Healer","floor":30,"turns":6},{"damage":113,"enemies":"Collector","floor":33,"turns":8},{"damage":82,"enemies":"3 Darklings","floor":35,"turns":4},{"damage":0,"enemies":"3 Shapes","floor":38,"turns":1},{"damage":27,"enemies":"Spire Growth","floor":39,"turns":3},{"damage":6,"enemies":"Jaw Worm Horde","floor":45,"turns":2},{"damage":33,"enemies":"Reptomancer","floor":46,"turns":5},{"damage":54,"enemies":"Transient","floor":48,"turns":6},{"damage":106,"enemies":"Awakened One","floor":50,"turns":7},{"damage":39,"enemies":"Time Eater","floor":51,"turns":2}],"seed_played":"-5088447444467770628","potions_obtained":[{"floor":1.0,"key":"BloodPotion"},{"floor":2.0,"key":"Swift Potion"},{"floor":8.0,"key":"Energy Potion"},{"floor":10.0,"key":"Block Potion"},{"floor":14.0,"key":"FairyPotion"},{"floor":21,"key":"Explosive Potion"},{"floor":30,"key":"AttackPotion"},{"floor":45,"key":"Block Potion"},{"floor":48,"key":"Fire Potion"}],"is_trial":false,"path_per_floor":["M","?","M","M","$","R","M","E","T","M","E","R","?","M","R","B",null,"M","$","?","M","M","R","E","R","T","R","?","?","M","?","R","B",null,"M","T","$","M","M","R","$","R","T","?","M","E","$","M","R","B","B"],"character_chosen":"IRONCLAD","items_purchased":["Metallicize","Inflame+1","Chemical X","Weak Potion","SkillPotion","Bronze Scales"],"campfire_rested":0,"item_purchase_floors":[5,37,37,37,37,47],"current_hp_per_floor":[71,71,70,73,73,73,79,51,51,57,28,28,28,34,34,18,60,44,44,44,57,45,45,62,62,62,62,62,62,57,62,62,18,60,15,20,20,54,40,40,40,40,45,45,52,74,74,74,74,30,0],"gold":26,"neow_bonus":"TEN_PERCENT_HP_BONUS","is_prod":false,"is_daily":false,"chose_seed":false,"campfire_upgraded":9,"win_rate":0,"timestamp":1558415142,"path_taken":["M","?","M","M","$","R","M","E","T","?","E","R","?","M","R","BOSS","M","$","?","M","M","R","E","R","T","R","?","?","M","?","R","BOSS","M","?","$","M","?","R","$","R","T","?","M","E","$","M","R","BOSS","BOSS"],"build_version":"2019-01-23","purchased_purges":1,"victory":false,"max_hp_per_floor":[82,82,82,82,82,82,82,82,82,82,82,82,74,74,74,74,74,74,74,74,74,74,74,74,74,74,74,74,74,74,74,74,74,74,74,74,74,74,74,74,74,74,74,74,74,74,74,74,74,74,74],"card_choices":[{"not_picked":["Infernal Blade","Hemokinesis"],"picked":"Spot Weakness","floor":1.0},{"not_picked":["True Grit","Clash"],"picked":"Sword Boomerang","floor":3.0},{"not_picked":["Power Through","Twin Strike"],"picked":"Whirlwind","floor":4.0},{"not_picked":["Heavy Blade","Wild Strike","Rage"],"picked":"SKIP","floor":7.0},{"not_picked":["Berserk","Blood for Blood"],"picked":"Anger","floor":8.0},{"not_picked":["Blood for Blood","Iron Wave"],"picked":"Headbutt","floor":10.0},{"not_picked":["Infernal Blade","Sentinel"],"picked":"Uppercut","floor":11.0},{"not_picked":["Iron Wave","Whirlwind","Heavy Blade"],"picked":"SKIP","floor":14.0},{"not_picked":["Double Tap","Impervious"],"picked":"Reaper","floor":16.0},{"not_picked":["Shockwave","Cleave","Body Slam"],"picked":"SKIP","floor":18},{"not_picked":["Anger","Dual Wield"],"picked":"Shrug It Off","floor":21},{"not_picked":["Headbutt+1","Anger"],"picked":"Disarm","floor":22},{"not_picked":["Thunderclap","Pommel Strike","Body Slam"],"picked":"SKIP","floor":24},{"not_picked":["Dual Wield","Thunderclap"],"picked":"Double Tap","floor":30},{"not_picked":["Juggernaut+1","Immolate"],"picked":"Demon Form+1","floor":33},{"not_picked":[],"picked":"Warcry+1","floor":35},{"not_picked":["Uppercut"],"picked":"SKIP","floor":38},{"not_picked":["Sever Soul"],"picked":"SKIP","floor":39},{"not_picked":["Anger"],"picked":"SKIP","floor":45},{"not_picked":["Carnage+1"],"picked":"SKIP","floor":46},{"not_picked":["Combust+1"],"picked":"SKIP","floor":48}],"player_experience":856933,"relics_obtained":[{"floor":8.0,"key":"Ancient Tea Set"},{"floor":9.0,"key":"Tiny Chest"},{"floor":11.0,"key":"Lantern"},{"floor":24,"key":"Blood Vial"},{"floor":26,"key":"Frozen Egg 2"},{"floor":36,"key":"Regal Pillow"},{"floor":46,"key":"Ornamental Fan"}],"event_choices":[{"damage_healed":0.0,"max_hp_gain":0.0,"max_hp_loss":0.0,"gold_gain":0.0,"event_name":"Lab","player_choice":"Got Potions","floor":2.0,"gold_loss":0.0,"damage_taken":0.0},{"damage_healed":0.0,"max_hp_gain":0.0,"max_hp_loss":8.0,"gold_gain":0.0,"event_name":"Golden Idol","player_choice":"Lose Max HP","floor":13.0,"gold_loss":0.0,"damage_taken":0.0,"relics_obtained":["Golden Idol"]},{"damage_healed":0,"gold_gain":0,"player_choice":"Obtained Relic","damage_taken":0,"relics_obtained":["Mummified Hand"],"max_hp_gain":0,"max_hp_loss":0,"event_name":"Addict","floor":20,"gold_loss":85},{"damage_healed":0,"gold_gain":0,"player_choice":"Read","damage_taken":0,"max_hp_gain":0,"max_hp_loss":0,"event_name":"The Library","floor":28,"gold_loss":0,"cards_obtained":["Fiend Fire"]},{"damage_healed":0,"gold_gain":0,"player_choice":"Gave Idol","damage_taken":0,"relics_obtained":["Bloody Idol"],"max_hp_gain":0,"max_hp_loss":0,"event_name":"Forgotten Altar","floor":29,"relics_lost":["Golden Idol"],"gold_loss":0},{"damage_healed":0,"gold_gain":50,"player_choice":"Pray","damage_taken":0,"max_hp_gain":0,"max_hp_loss":0,"event_name":"Golden Shrine","floor":31,"gold_loss":0},{"cards_removed":["Metallicize"],"damage_healed":0,"gold_gain":0,"player_choice":"Removed Power","damage_taken":0,"max_hp_gain":0,"max_hp_loss":0,"event_name":"Falling","floor":44,"gold_loss":0}],"is_beta":false,"boss_relics":[{"not_picked":["Cursed Key","Runic Cube"],"picked":"Runic Pyramid"},{"not_picked":["Mark of Pain","Eternal Feather"],"picked":"Busted Crown"}],"items_purged_floors":[19],"is_endless":false,"potions_floor_spawned":[1,8,10,14,21,24,30,45,46,48],"killed_by":"Time Eater","ascension_level":20}