{"gold_per_floor":[116,134,148,12,23,49,49,75,75,109,109,165,165,340,340,435,435],"floor_reached":17,"playtime":899,"items_purged":[],"score":216,"play_id":"6b58d9c0-926d-4348-acfd-167ff413cec1","local_time":"20190828222237","is_ascension_mode":true,"campfire_choices":[{"floor":7,"key":"REST"},{"floor":11,"key":"REST"},{"data":"Deadly Poison","floor":15,"key":"SMITH"}],"neow_cost":"NONE","seed_source_timestamp":47628904751000,"circlet_count":0,"master_deck":["Strike_G","Strike_G","Strike_G","Strike_G","Defend_G","Defend_G","Defend_G","Defend_G","Survivor+1","Neutralize","Backstab","Backflip","Flash of Steel+1","Deadly Poison+1","Crippling Poison","Deflect","Pain","Storm of Steel+1","Well Laid Plans+1"],"relics":["Cursed Key","Dead Branch","Molten Egg 2","Blood Vial","Astrolabe"],"potions_floor_usage":[16],"damage_taken":[{"damage":2,"enemies":"Small Slimes","floor":1,"turns":3},{"damage":0,"enemies":"2 Louse","floor":2,"turns":1},{"damage":2,"enemies":"Jaw Worm","floor":3,"turns":4},{"damage":4,"enemies":"Exordium Thugs","floor":5,"turns":5},{"damage":40,"enemies":"Gremlin Nob","floor":6,"turns":5},{"damage":11,"enemies":"3 Sentries","floor":8,"turns":8},{"damage":7,"enemies":"Lagavulin","floor":10,"turns":9},{"damage":21,"enemies":"Slime Boss","floor":16,"turns":11}],"seed_played":"7720628679765831424","potions_obtained":[{"floor":2,"key":"Weak Potion"},{"floor":3,"key":"LiquidBronze"},{"floor":5,"key":"GamblersBrew"}],"is_trial":false,"path_per_floor":["M","M","M","$","M","E","R","E","T","E","R","?","?","?","R","B",null],"character_chosen":"THE_SILENT","items_purchased":["Flash of Steel","Deadly Poison"],"campfire_rested":2,"item_purchase_floors":[4,4],"current_hp_per_floor":[68,68,66,66,62,22,43,32,32,25,46,46,32,32,32,13,56],"gold":435,"neow_bonus":"BOSS_RELIC","is_prod":false,"is_daily":false,"chose_seed":false,"campfire_upgraded":1,"win_rate":0,"timestamp":1567023757,"path_taken":["M","M","M","$","M","E","R","E","T","E","R","?","?","?","R","BOSS"],"build_version":"2019-07-17","purchased_purges":0,"victory":false,"max_hp_per_floor":[70,70,70,70,70,70,70,70,70,70,70,70,70,70,70,70,70],"card_choices":[{"not_picked":["Dagger Spray","Expertise"],"picked":"Backstab","floor":1},{"not_picked":["Poisoned Stab","Cloak And Dagger"],"picked":"Backflip","floor":2},{"not_picked":["Concentrate","Eviscerate","Prepared"],"picked":"SKIP","floor":3},{"not_picked":["All Out Attack","Bane"],"picked":"Crippling Poison","floor":5},{"not_picked":["Caltrops","Outmaneuver","Tactician"],"picked":"SKIP","floor":6},{"not_picked":["Setup","Deadly Poison"],"picked":"Deflect","floor":8},{"not_picked":["Poisoned Stab+1","Bane+1","Tactician"],"picked":"SKIP","floor":10}],"player_experience":352670,"relics_obtained":[{"floor":6,"key":"Dead Branch"},{"floor":8,"key":"Molten Egg 2"},{"floor":10,"key":"Blood Vial"}],"event_choices":[{"damage_healed":0,"gold_gain":56,"player_choice":"Gained Gold","damage_taken":0,"max_hp_gain":0,"max_hp_loss":0,"event_name":"Golden Wing","floor":12,"gold_loss":0},{"damage_healed":0,"gold_gain":0,"player_choice":"Entered Light","damage_taken":14,"max_hp_gain":0,"max_hp_loss":0,"event_name":"Shining Light","floor":13,"gold_loss":0,"cards_upgraded":["Survivor","Flash of Steel"]},{"damage_healed":0,"gold_gain":175,"player_choice":"AGREE","damage_taken":0,"max_hp_gain":0,"max_hp_loss":0,"event_name":"Liars Game","floor":14,"gold_loss":0,"cards_obtained":["Doubt"]}],"is_beta":false,"boss_relics":[{"not_picked":["WristBlade","Snecko Eye"],"picked":"Astrolabe"}],"items_purged_floors":[],"is_endless":false,"potions_floor_spawned":[2,3,5],"ascension_level":5}