{"gold_per_floor":[17,17,28,28,47,47,47,65,116,139,64,64,84,84,84,212,212,237,39,59,82,82,111,111,125,125,139,139,139,139,21,21,122,122,136,154,0,0,23,35,59,96,131,143,172,184,596,624,636,648,660,672,47,47],"floor_reached":54,"playtime":3170,"items_purged":["Strike_B","Injury","Defend_B"],"score":790,"play_id":"830e4e6e-b227-4c3b-8df1-2592c3a5555f","local_time":"20190602190404","is_ascension_mode":true,"campfire_choices":[{"data":"Conserve Battery","floor":6,"key":"SMITH"},{"data":"Gash","floor":15,"key":"SMITH"},{"floor":24,"key":"REST"},{"floor":30,"key":"REST"},{"data":"Electrodynamics","floor":32,"key":"SMITH"},{"floor":40,"key":"RECALL"},{"data":"Defragment","floor":49,"key":"SMITH"},{"data":"Capacitor","floor":52,"key":"SMITH"}],"neow_cost":"NO_GOLD","seed_source_timestamp":30514125406917,"circlet_count":0,"master_deck":["Defend_B+1","Zap+1","Dualcast","Conserve Battery+1","Conserve Battery","Defragment+1","Gash+1","Gash","Capacitor+1","Electrodynamics+1","Cold Snap+1","Loop+1","Seek","Blizzard+1","Cold Snap","Deep Breath","Loop","Redo+1","Madness","Madness","Hologram","Coolheaded+1","Gash+1","Loop"],"relics":["War Paint","FaceOfCleric","Odd Mushroom","Bloody Idol","The Courier","Empty Cage","Dream Catcher","Blood Vial","Oddly Smooth Stone","MutagenicStrength","Nloth\u0027s Gift","PreservedInsect","Sozu","Red Mask","MawBank","Smiling Mask","Orichalcum","Old Coin","Mummified Hand","Happy Flower","Whetstone","Bag of Marbles"],"potions_floor_usage":[16,23,23,50,50],"damage_taken":[{"damage":4,"enemies":"Jaw Worm","floor":1,"turns":3},{"damage":0,"enemies":"2 Louse","floor":3,"turns":2},{"damage":0,"enemies":"Small Slimes","floor":5,"turns":3},{"damage":4,"enemies":"Exordium Thugs","floor":8,"turns":5},{"damage":5,"enemies":"The Mushroom Lair","floor":10,"turns":4},{"damage":3,"enemies":"Blue Slaver","floor":13,"turns":4},{"damage":15,"enemies":"Hexaghost","floor":16,"turns":11},{"damage":7,"enemies":"Chosen","floor":18,"turns":5},{"damage":18,"enemies":"Shell Parasite","floor":20,"turns":6},{"damage":14,"enemies":"Centurion and Healer","floor":21,"turns":5},{"damage":20,"enemies":"Gremlin Leader","floor":23,"turns":8},{"damage":11,"enemies":"Snecko","floor":25,"turns":7},{"damage":30,"enemies":"Snake Plant","floor":27,"turns":4},{"damage":31,"enemies":"Automaton","floor":33,"turns":10},{"damage":10,"enemies":"Orb Walker","floor":35,"turns":4},{"damage":20,"enemies":"3 Darklings","floor":36,"turns":3},{"damage":14,"enemies":"Writhing Mass","floor":41,"turns":8},{"damage":47,"enemies":"Nemesis","floor":42,"turns":7},{"damage":0,"enemies":"4 Shapes","floor":45,"turns":4},{"damage":0,"enemies":"Mind Bloom Boss Battle","floor":47,"turns":6},{"damage":32,"enemies":"Maw","floor":48,"turns":10},{"damage":56,"enemies":"Time Eater","floor":50,"turns":13},{"damage":103,"enemies":"Shield and Spear","floor":54,"turns":5}],"seed_played":"-4622395404793980485","potions_obtained":[{"floor":1,"key":"FocusPotion"},{"floor":3,"key":"Fire Potion"},{"floor":18,"key":"SkillPotion"},{"floor":23,"key":"Dexterity Potion"},{"floor":33,"key":"Explosive Potion"}],"is_trial":false,"path_per_floor":["M","?","M","?","M","R","?","M","T","?","$","?","M","T","R","B",null,"M","$","M","M","?","E","R","M","T","M","?","?","R","$","R","B",null,"M","M","?","?","T","R","M","E","T","?","M","?","?","M","R","B",null,"R","$","E"],"character_chosen":"DEFECT","items_purchased":["Dream Catcher","PreservedInsect","Mummified Hand","Happy Flower","Whetstone","Loop","Bag of Marbles"],"campfire_rested":2,"item_purchase_floors":[19,31,53,53,53,53,53],"current_hp_per_floor":[71,53,53,53,53,53,53,50,50,46,46,46,44,44,44,30,79,73,73,56,43,43,29,53,50,50,28,28,28,53,53,53,30,86,82,70,70,70,75,80,79,45,55,49,62,67,85,66,71,23,94,94,94,0],"gold":47,"neow_bonus":"REMOVE_TWO","is_prod":false,"is_daily":false,"chose_seed":false,"campfire_upgraded":5,"win_rate":0,"timestamp":1559495044,"path_taken":["M","?","M","?","M","R","?","?","T","?","$","?","M","?","R","BOSS","M","$","M","M","?","E","R","M","T","M","?","?","R","$","R","BOSS","M","?","?","?","?","R","M","E","T","?","?","?","?","M","R","BOSS","R","$","E"],"build_version":"2019-01-23","purchased_purges":3,"victory":false,"max_hp_per_floor":[75,75,75,75,75,75,75,76,76,77,77,77,78,78,78,79,79,80,80,81,82,82,83,83,84,84,85,85,85,85,85,85,86,86,87,88,88,88,88,88,89,90,90,90,91,91,92,93,93,94,94,94,94,94],"card_choices":[{"not_picked":["Chaos","Streamline"],"picked":"Conserve Battery","floor":1},{"not_picked":["Barrage","Gash"],"picked":"Conserve Battery","floor":3},{"not_picked":["Auto Shields","FTL"],"picked":"Defragment","floor":5},{"not_picked":["Streamline","Ball Lightning"],"picked":"Gash","floor":8},{"not_picked":["Go for the Eyes","Hello World"],"picked":"Gash","floor":10},{"not_picked":["Scrape","Static Discharge"],"picked":"Capacitor","floor":13},{"not_picked":["Seek","Hyperbeam"],"picked":"Electrodynamics","floor":16},{"not_picked":["Sweeping Beam","Chaos","Melter"],"picked":"SKIP","floor":18},{"not_picked":["Go for the Eyes+1","Steam"],"picked":"Cold Snap","floor":20},{"not_picked":["FTL","Storm","Barrage+1"],"picked":"SKIP","floor":21},{"not_picked":["Darkness","Reprogram","Compile Driver"],"picked":"SKIP","floor":23},{"not_picked":["Force Field","Turbo"],"picked":"Loop+1","floor":25},{"not_picked":["Rebound+1","Leap+1","Sweeping Beam"],"picked":"SKIP","floor":27},{"not_picked":["Fusion","Barrage"],"picked":"Redo","floor":30},{"not_picked":["Machine Learning","Thunder Strike"],"picked":"Seek","floor":33},{"not_picked":["Steam+1","Double Energy+1"],"picked":"Blizzard","floor":35},{"not_picked":["BootSequence+1","Darkness"],"picked":"Cold Snap","floor":36},{"not_picked":["Chrysalis","Swift Strike"],"picked":"Deep Breath","floor":38},{"not_picked":["Aggregate+1","Cold Snap"],"picked":"Loop","floor":41},{"not_picked":["Stack+1","Sweeping Beam+1"],"picked":"Redo+1","floor":42},{"not_picked":["Electrodynamics","Sweeping Beam+1"],"picked":"Hologram","floor":45},{"not_picked":["Hello World","Doom and Gloom"],"picked":"Coolheaded+1","floor":47},{"not_picked":["Leap+1","Darkness+1"],"picked":"Gash+1","floor":48}],"player_experience":177707,"relics_obtained":[{"floor":10,"key":"Odd Mushroom"},{"floor":14,"key":"The Courier"},{"floor":23,"key":"Blood Vial"},{"floor":26,"key":"Oddly Smooth Stone"},{"floor":39,"key":"MawBank"},{"floor":42,"key":"Smiling Mask"},{"floor":43,"key":"Orichalcum"},{"floor":47,"key":"Old Coin"}],"event_choices":[{"damage_healed":0,"gold_gain":0,"player_choice":"Success","damage_taken":18,"relics_obtained":["War Paint"],"max_hp_gain":0,"max_hp_loss":0,"event_name":"Scrap Ooze","floor":2,"gold_loss":0},{"cards_removed":["Defend_B"],"damage_healed":0,"gold_gain":0,"player_choice":"Forget","damage_taken":0,"max_hp_gain":0,"max_hp_loss":0,"event_name":"Living Wall","floor":4,"gold_loss":0},{"damage_healed":0,"gold_gain":0,"player_choice":"Trade","damage_taken":0,"relics_obtained":["FaceOfCleric"],"max_hp_gain":0,"max_hp_loss":0,"event_name":"FaceTrader","floor":7,"gold_loss":0},{"damage_healed":0,"gold_gain":0,"player_choice":"Fought Mushrooms","damage_taken":0,"max_hp_gain":0,"max_hp_loss":0,"event_name":"Mushrooms","floor":10,"gold_loss":0},{"damage_healed":0,"gold_gain":0,"player_choice":"Take Wound","damage_taken":0,"relics_obtained":["Golden Idol"],"max_hp_gain":0,"max_hp_loss":0,"event_name":"Golden Idol","floor":12,"gold_loss":0,"cards_obtained":["Injury"]},{"damage_healed":0,"gold_gain":0,"player_choice":"Gave Idol","damage_taken":0,"relics_obtained":["Bloody Idol"],"max_hp_gain":0,"max_hp_loss":0,"event_name":"Forgotten Altar","floor":22,"relics_lost":["Golden Idol"],"gold_loss":0},{"damage_healed":0,"gold_gain":0,"player_choice":"Inject Mutagens","damage_taken":0,"relics_obtained":["MutagenicStrength"],"max_hp_gain":0,"max_hp_loss":0,"event_name":"Drug Dealer","floor":28,"gold_loss":0},{"damage_healed":0,"gold_gain":0,"player_choice":"Traded Relic","damage_taken":0,"relics_obtained":["Nloth\u0027s Gift"],"max_hp_gain":0,"max_hp_loss":0,"event_name":"N\u0027loth","floor":29,"relics_lost":["Cracked Core"],"gold_loss":0},{"damage_healed":0,"gold_gain":0,"player_choice":"Paid","damage_taken":0,"relics_obtained":["Red Mask"],"max_hp_gain":0,"max_hp_loss":0,"event_name":"Tomb of Lord Red Mask","floor":37,"gold_loss":154},{"damage_healed":0,"gold_gain":0,"player_choice":"Memory 1","damage_taken":0,"max_hp_gain":0,"max_hp_loss":0,"event_name":"SensoryStone","floor":38,"gold_loss":0},{"damage_healed":0,"gold_gain":0,"player_choice":"Embrace Madness","damage_taken":11,"max_hp_gain":0,"max_hp_loss":0,"event_name":"Winding Halls","floor":44,"gold_loss":0,"cards_obtained":["Madness","Madness"]},{"cards_removed":["Redo"],"damage_healed":0,"gold_gain":0,"player_choice":"Removed Skill","damage_taken":0,"max_hp_gain":0,"max_hp_loss":0,"event_name":"Falling","floor":46,"gold_loss":0},{"damage_healed":0,"gold_gain":0,"player_choice":"Fight","damage_taken":0,"max_hp_gain":0,"max_hp_loss":0,"event_name":"MindBloom","floor":47,"gold_loss":0}],"is_beta":false,"boss_relics":[{"not_picked":["Fusion Hammer","Lizard Tail"],"picked":"Empty Cage"},{"not_picked":["Nuclear Battery","Cursed Key"],"picked":"Sozu"}],"items_purged_floors":[11,19,53],"is_endless":false,"potions_floor_spawned":[1,3,18,23,33,41,45],"killed_by":"Shield and Spear","ascension_level":2}