{"gold_per_floor":[116,116,132,5,21,46,46,60,60,94,94,112,112,138,138,217,217,196,166,178,178,178,178,178],"floor_reached":24,"playtime":1203,"items_purged":["Strike_R"],"score":428,"play_id":"d4850fe9-7d4d-4fae-b8e1-3db47fa21e10","local_time":"20190406173908","is_ascension_mode":true,"campfire_choices":[{"data":"Disarm","floor":11,"key":"SMITH"},{"data":"Juggernaut","floor":13,"key":"SMITH"},{"data":"Heavy Blade","floor":15,"key":"SMITH"},{"floor":23,"key":"REST"}],"neow_cost":"NONE","seed_source_timestamp":763733674919859,"circlet_count":0,"master_deck":["AscendersBane","Strike_R","Defend_R","Defend_R","Defend_R","Defend_R","Bash+1","Disarm+1","Pummel","True Grit","Thunderclap","Spot Weakness+1","Juggernaut+1","Disarm+1","Entrench+1","Disarm+1","Heavy Blade+1","Exhume+1","Flex+1","Ghostly Armor+1","Shrug It Off+1","Inflame","True Grit+1","Seeing Red+1"],"relics":["Burning Blood","NeowsBlessing","Toxic Egg 2","Champion Belt","Gambling Chip","Centennial Puzzle","Astrolabe","MutagenicStrength"],"potions_floor_usage":[6,18],"damage_taken":[{"damage":0,"enemies":"Small Slimes","floor":1,"turns":1},{"damage":0,"enemies":"Cultist","floor":3,"turns":1},{"damage":0,"enemies":"Jaw Worm","floor":5,"turns":1},{"damage":8,"enemies":"Gremlin Nob","floor":6,"turns":3},{"damage":7,"enemies":"Gremlin Gang","floor":8,"turns":5},{"damage":38,"enemies":"3 Sentries","floor":10,"turns":10},{"damage":7,"enemies":"Large Slime","floor":12,"turns":8},{"damage":8,"enemies":"Lagavulin","floor":14,"turns":7},{"damage":4,"enemies":"Hexaghost","floor":16,"turns":10},{"damage":11,"enemies":"2 Thieves","floor":18,"turns":4},{"damage":38,"enemies":"Spheric Guardian","floor":20,"turns":6},{"damage":14,"enemies":"Colosseum Slavers","floor":22,"turns":6},{"damage":44,"enemies":"Gremlin Leader","floor":24,"turns":9}],"seed_played":"4652447729385944506","potions_obtained":[{"floor":1,"key":"AttackPotion"},{"floor":3,"key":"AttackPotion"}],"is_trial":false,"path_per_floor":["M","?","M","$","M","E","?","M","T","E","R","M","R","E","R","B",null,"M","$","M","?","?","R","E"],"character_chosen":"IRONCLAD","items_purchased":["True Grit","True Grit+1"],"campfire_rested":1,"item_purchase_floors":[4,19],"current_hp_per_floor":[74,74,75,75,75,73,73,72,72,40,40,39,39,37,37,39,66,61,61,29,29,21,43,0],"gold":178,"neow_bonus":"THREE_ENEMY_KILL","is_prod":false,"is_daily":false,"chose_seed":false,"campfire_upgraded":3,"win_rate":0,"timestamp":1554586748,"path_taken":["M","?","M","$","?","E","?","M","T","E","R","M","R","E","R","BOSS","M","$","?","?","?","R","E"],"build_version":"2019-01-23","purchased_purges":1,"victory":false,"max_hp_per_floor":[75,75,75,75,75,75,75,75,75,75,75,75,75,75,75,75,75,75,75,75,75,75,75,75],"card_choices":[{"not_picked":["Evolve","Wild Strike"],"picked":"Disarm","floor":1},{"not_picked":["Sever Soul","Perfected Strike"],"picked":"Pummel","floor":3},{"not_picked":["Body Slam","Iron Wave"],"picked":"Thunderclap","floor":5},{"not_picked":["Pommel Strike","Whirlwind"],"picked":"Spot Weakness","floor":6},{"not_picked":["Metallicize","Rampage"],"picked":"Entrench+1","floor":8},{"not_picked":["Perfected Strike","Cleave","Flex+1"],"picked":"SKIP","floor":10},{"not_picked":["Pommel Strike","Sentinel+1"],"picked":"Disarm+1","floor":12},{"not_picked":["Juggernaut","Burning Pact+1"],"picked":"Heavy Blade","floor":14},{"not_picked":["Immolate","Double Tap+1"],"picked":"Exhume+1","floor":16},{"not_picked":["Anger","Clash"],"picked":"Inflame","floor":18},{"not_picked":["Evolve","Sword Boomerang"],"picked":"Seeing Red+1","floor":20}],"player_experience":662314,"relics_obtained":[{"floor":6,"key":"Toxic Egg 2"},{"floor":9,"key":"Champion Belt"},{"floor":10,"key":"Gambling Chip"},{"floor":14,"key":"Centennial Puzzle"}],"event_choices":[{"damage_healed":0,"gold_gain":0,"player_choice":"Upgraded","damage_taken":0,"max_hp_gain":0,"max_hp_loss":0,"event_name":"Upgrade Shrine","floor":2,"gold_loss":0,"cards_upgraded":["Bash"]},{"damage_healed":0,"gold_gain":0,"player_choice":"2 cards matched","damage_taken":0,"max_hp_gain":0,"max_hp_loss":0,"event_name":"Match and Keep!","floor":7,"gold_loss":0,"cards_obtained":["Juggernaut","Disarm"]},{"damage_healed":0,"gold_gain":0,"player_choice":"Inject Mutagens","damage_taken":0,"relics_obtained":["MutagenicStrength"],"max_hp_gain":0,"max_hp_loss":0,"event_name":"Drug Dealer","floor":21,"gold_loss":0},{"damage_healed":0,"gold_gain":0,"player_choice":"Fight","damage_taken":0,"max_hp_gain":0,"max_hp_loss":0,"event_name":"Colosseum","floor":22,"gold_loss":0},{"damage_healed":0,"gold_gain":0,"player_choice":"Fled From Nobs","damage_taken":0,"max_hp_gain":0,"max_hp_loss":0,"event_name":"Colosseum","floor":22,"gold_loss":0}],"is_beta":false,"boss_relics":[{"not_picked":["Mark of Pain","Busted Crown"],"picked":"Astrolabe"}],"items_purged_floors":[4],"is_endless":false,"potions_floor_spawned":[1,3],"killed_by":"Gremlin Leader","ascension_level":20}