{"gold_per_floor":[112,130,130,142,112,112,142,67,67,67,67,67,100,111,111,215,215,235,235,245,264,40,73,73,73,73,102,102,113,113,73,73,175,175,191,191,39,56,66,97,117,146,146,21,52,52,65,0,0,0],"floor_reached":51,"playtime":6609,"items_purged":["Bash","Defend_R","Pain"],"score":854,"play_id":"a355816e-6bc4-4e15-af88-0f921823b59a","local_time":"20180827221503","is_ascension_mode":true,"campfire_choices":[{"data":"Demon Form","floor":6,"key":"SMITH"},{"data":"Defend_R","floor":10,"key":"PURGE"},{"data":"Shockwave","floor":15,"key":"SMITH"},{"data":"RitualDagger","floor":25,"key":"SMITH"},{"data":"Defend_R","floor":30,"key":"PURGE"},{"data":"Defend_R","floor":32,"key":"PURGE"},{"floor":46,"key":"DIG"},{"floor":49,"key":"DIG"}],"neow_cost":"CURSE","seed_source_timestamp":1112477290812596,"circlet_count":0,"master_deck":["Strike_R","Strike_R","Strike_R","Strike_R","Parasite","Demon Form+1","Iron Wave","Shrug It Off","Iron Wave","Uppercut","Uppercut","Shockwave+1","Spot Weakness","Impervious","Iron Wave+1","Disarm","Shrug It Off","Shrug It Off","Fiend Fire","Rampage","RitualDagger+1","Reaper","Entrench+1","Shockwave","Double Tap","Injury","Decay","Anger+1","Offering","Dropkick+1","Shrug It Off+1","Shrug It Off","Reaper","Anger+1"],"relics":["Burning Blood","Matryoshka","Peace Pipe","Meat on the Bone","Bottled Tornado","Orichalcum","Coffee Dripper","Oddly Smooth Stone","Self Forming Clay","Gremlin Horn","Juzu Bracelet","Darkstone Periapt","Calling Bell","Bag of Marbles","Mummified Hand","Shovel","Boot","Kunai","Red Skull","Molten Egg 2","Mercury Hourglass","Red Mask","Paper Frog"],"potions_floor_usage":[7,16,23,33,41,41,47,50],"damage_taken":[{"damage":9,"enemies":"Small Slimes","floor":1,"turns":5},{"damage":2,"enemies":"Jaw Worm","floor":2,"turns":4},{"damage":8,"enemies":"2 Louse","floor":4,"turns":3},{"damage":4,"enemies":"Looter","floor":5,"turns":4},{"damage":22,"enemies":"Gremlin Nob","floor":7,"turns":5},{"damage":8,"enemies":"Lagavulin","floor":13,"turns":7},{"damage":8,"enemies":"Blue Slaver","floor":14,"turns":4},{"damage":21,"enemies":"The Guardian","floor":16,"turns":7},{"damage":33,"enemies":"3 Byrds","floor":18,"turns":6},{"damage":18,"enemies":"Shell Parasite","floor":20,"turns":4},{"damage":13,"enemies":"Cultist and Chosen","floor":21,"turns":6},{"damage":12,"enemies":"Gremlin Leader","floor":23,"turns":6},{"damage":10,"enemies":"Book of Stabbing","floor":27,"turns":6},{"damage":5,"enemies":"Centurion and Healer","floor":29,"turns":5},{"damage":30,"enemies":"Collector","floor":33,"turns":10},{"damage":8,"enemies":"3 Shapes","floor":35,"turns":6},{"damage":4,"enemies":"Orb Walker","floor":38,"turns":3},{"damage":8,"enemies":"Maw","floor":39,"turns":8},{"damage":31,"enemies":"2 Orb Walkers","floor":40,"turns":5},{"damage":30,"enemies":"Spire Growth","floor":41,"turns":6},{"damage":48,"enemies":"Nemesis","floor":42,"turns":9},{"damage":40,"enemies":"2 Orb Walkers","floor":45,"turns":5},{"damage":8,"enemies":"Sphere and 2 Shapes","floor":47,"turns":4},{"damage":38,"enemies":"Time Eater","floor":50,"turns":9}],"seed_played":"-242290666462576882","potions_obtained":[{"floor":4,"key":"Weak Potion"},{"floor":7,"key":"Poison Potion"},{"floor":13,"key":"Swift Potion"},{"floor":18,"key":"Poison Potion"},{"floor":29,"key":"GamblersBrew"},{"floor":38,"key":"EssenceOfSteel"},{"floor":42,"key":"Energy Potion"},{"floor":47,"key":"GamblersBrew"}],"is_trial":false,"path_per_floor":["M","M","?","M","M","R","E","$","T","R","$","?","E","M","R","B",null,"M","?","M","M","$","E","?","R","T","E","T","M","R","$","R","B",null,"M","?","$","M","M","E","M","E","T","$","E","R","M","?","R","B"],"character_chosen":"IRONCLAD","items_purchased":["Shrug It Off","Fiend Fire","Shockwave","Offering"],"campfire_rested":0,"item_purchase_floors":[22,22,31,37],"current_hp_per_floor":[77,80,77,75,77,77,61,61,61,61,61,61,59,57,57,54,80,53,53,53,58,58,52,46,46,46,54,54,55,55,55,55,43,98,98,98,98,98,98,73,73,67,67,67,76,76,74,74,74,54],"gold":0,"neow_bonus":"THREE_RARE_CARDS","is_prod":false,"is_daily":false,"chose_seed":false,"campfire_upgraded":3,"win_rate":0,"timestamp":1535426103,"path_taken":["M","M","?","M","M","R","E","$","T","R","$","?","E","M","R","BOSS","M","?","M","M","$","E","?","R","T","E","?","M","R","$","R","BOSS","M","?","$","M","M","E","M","E","T","$","E","R","M","?","R","BOSS"],"build_version":"2018-08-23v2","purchased_purges":3,"victory":true,"max_hp_per_floor":[80,80,80,80,80,80,80,80,80,80,80,80,80,80,80,80,80,80,80,80,80,80,80,80,80,80,80,80,80,80,80,80,80,98,98,98,98,98,98,98,98,98,98,98,98,98,98,98,98,98],"card_choices":[{"not_picked":["Bludgeon","Reaper"],"picked":"Demon Form","floor":0},{"not_picked":["Rupture","Heavy Blade"],"picked":"Iron Wave","floor":1},{"not_picked":["Pommel Strike","Clash"],"picked":"Shrug It Off","floor":2},{"not_picked":["Entrench","Rage"],"picked":"Iron Wave","floor":4},{"not_picked":["Pummel","Sever Soul"],"picked":"Ghostly Armor","floor":5},{"not_picked":["Body Slam","Inflame"],"picked":"Uppercut","floor":7},{"not_picked":["Twin Strike","Evolve"],"picked":"Shockwave","floor":13},{"not_picked":["Heavy Blade","True Grit"],"picked":"Spot Weakness","floor":14},{"not_picked":["Juggernaut","Double Tap"],"picked":"Impervious","floor":16},{"not_picked":["Wild Strike","Twin Strike+1"],"picked":"Iron Wave+1","floor":18},{"not_picked":["Cleave","Fire Breathing+1"],"picked":"Disarm","floor":20},{"not_picked":["Headbutt","Warcry"],"picked":"Shrug It Off","floor":21},{"not_picked":["Dual Wield","Cleave"],"picked":"Rampage","floor":23},{"not_picked":["Impervious","Wild Strike+1"],"picked":"Reaper","floor":27},{"not_picked":["Perfected Strike+1","Rupture"],"picked":"Entrench+1","floor":29},{"not_picked":["Fiend Fire","Brutality"],"picked":"Double Tap","floor":33},{"not_picked":["Cleave+1","Thunderclap"],"picked":"Anger+1","floor":35},{"not_picked":["Bloodletting","Corruption+1"],"picked":"Dropkick+1","floor":38},{"not_picked":["Pommel Strike","Perfected Strike","Carnage"],"picked":"SKIP","floor":39},{"not_picked":["Dropkick+1","Corruption+1"],"picked":"Shrug It Off+1","floor":40},{"not_picked":["Iron Wave","Clothesline+1"],"picked":"Shrug It Off","floor":41},{"not_picked":["Intimidate","Corruption"],"picked":"Reaper","floor":42},{"not_picked":["Burning Pact","Clash"],"picked":"Anger+1","floor":45},{"not_picked":["Armaments","Headbutt+1","Reckless Charge+1"],"picked":"SKIP","floor":47}],"player_experience":322072,"relics_obtained":[{"floor":7,"key":"Peace Pipe"},{"floor":9,"key":"Meat on the Bone"},{"floor":9,"key":"Bottled Tornado"},{"floor":13,"key":"Orichalcum"},{"floor":23,"key":"Oddly Smooth Stone"},{"floor":26,"key":"Self Forming Clay"},{"floor":26,"key":"Gremlin Horn"},{"floor":27,"key":"Juzu Bracelet"},{"floor":28,"key":"Darkstone Periapt"},{"floor":34,"key":"Bag of Marbles"},{"floor":34,"key":"Mummified Hand"},{"floor":34,"key":"Shovel"},{"floor":40,"key":"Boot"},{"floor":42,"key":"Kunai"},{"floor":43,"key":"Red Skull"},{"floor":45,"key":"Molten Egg 2"},{"floor":46,"key":"Mercury Hourglass"},{"floor":49,"key":"Paper Frog"}],"event_choices":[{"event_name":"Scrap Ooze","player_choice":"success","floor":3,"damage_taken":3},{"event_name":"Living Wall","player_choice":"Change","floor":12,"damage_taken":0},{"event_name":"Ghosts","player_choice":"Ignored","floor":19,"damage_taken":0},{"event_name":"Nest","player_choice":"Joined the Cult","floor":24,"damage_taken":0},{"event_name":"Falling","player_choice":"Removed Skill","floor":36,"damage_taken":0},{"event_name":"Tomb of Lord Red Mask","player_choice":"Paid","floor":48,"damage_taken":0}],"is_beta":false,"boss_relics":[{"not_picked":["White Beast Statue","Philosopher\u0027s Stone"],"picked":"Coffee Dripper"},{"not_picked":["Tiny House","Eternal Feather"],"picked":"Calling Bell"}],"items_purged_floors":[8,22,44],"is_endless":false,"potions_floor_spawned":[4,7,13,18,29,38,42,47],"ascension_level":2}