{"gold_per_floor":[113,188,188,200,31,56,56,96,122,145,145,176,176,189,189,313,313,293,316,341,341,256,256,294,294,364,382,397,416,416,431,431,431],"floor_reached":33,"playtime":2029,"items_purged":[],"score":437,"play_id":"ddcb2a93-95b9-4acb-8810-f5562e7b3b1c","local_time":"20190928232940","is_ascension_mode":true,"campfire_choices":[{"floor":11,"key":"REST"},{"floor":13,"key":"REST"},{"floor":15,"key":"REST"},{"floor":23,"key":"REST"},{"floor":25,"key":"REST"},{"floor":30,"key":"REST"},{"floor":32,"key":"REST"}],"neow_cost":"NONE","seed_source_timestamp":1412085311313500,"circlet_count":0,"master_deck":["Strike_G+1","Strike_G+1","Strike_G+1","Defend_G","Defend_G","Defend_G","Defend_G","Defend_G","Survivor","Neutralize+1","Footwork","Well Laid Plans","Backflip","Caltrops","Blur","Predator","Acrobatics","Sucker Punch","Die Die Die","PiercingWail+1","Dagger Spray","Blur+1","Backstab+1","Terror+1","Backstab","Underhanded Strike","Dagger Throw+1"],"relics":["Ring of the Snake","NeowsBlessing","Snake Skull","InkBottle","Golden Idol","Gremlin Horn","Whetstone","Strawberry","Empty Cage","Lantern","Boot","Bottled Lightning"],"potions_floor_usage":[8,12,20,24,24,29],"damage_taken":[{"damage":0,"enemies":"Cultist","floor":1,"turns":1},{"damage":0,"enemies":"2 Louse","floor":4,"turns":1},{"damage":0,"enemies":"Lagavulin","floor":6,"turns":1},{"damage":18,"enemies":"3 Sentries","floor":8,"turns":10},{"damage":2,"enemies":"Small Slimes","floor":10,"turns":3},{"damage":24,"enemies":"Lagavulin","floor":12,"turns":7},{"damage":4,"enemies":"Blue Slaver","floor":14,"turns":3},{"damage":5,"enemies":"The Guardian","floor":16,"turns":18},{"damage":27,"enemies":"2 Thieves","floor":18,"turns":5},{"damage":0,"enemies":"Chosen","floor":19,"turns":6},{"damage":25,"enemies":"3 Cultists","floor":20,"turns":6},{"damage":18,"enemies":"Slavers","floor":24,"turns":7},{"damage":0,"enemies":"Shelled Parasite and Fungi","floor":27,"turns":9},{"damage":35,"enemies":"Centurion and Healer","floor":28,"turns":11},{"damage":0,"enemies":"Chosen and Byrds","floor":29,"turns":4},{"damage":0,"enemies":"3 Cultists","floor":31,"turns":6},{"damage":70,"enemies":"Automaton","floor":33,"turns":12}],"seed_played":"-8176394212458439056","potions_obtained":[{"floor":4,"key":"LiquidBronze"},{"floor":8,"key":"LiquidBronze"},{"floor":12,"key":"Dexterity Potion"},{"floor":19,"key":"Swift Potion"},{"floor":20,"key":"Poison Potion"},{"floor":28,"key":"SteroidPotion"},{"floor":29,"key":"Ancient Potion"}],"is_trial":false,"path_per_floor":["M","?","?","M","$","E","?","E","T","M","R","E","R","M","R","B",null,"M","M","M","?","?","R","E","R","T","M","M","M","R","M","R","B"],"character_chosen":"THE_SILENT","items_purchased":["Snake Skull","Backflip"],"campfire_rested":7,"item_purchase_floors":[5,5],"current_hp_per_floor":[63,52,38,38,38,38,38,20,20,18,37,20,41,37,58,53,67,40,40,15,15,15,36,18,39,39,39,4,4,25,25,46,0],"gold":431,"neow_bonus":"THREE_ENEMY_KILL","is_prod":false,"is_daily":false,"chose_seed":false,"campfire_upgraded":0,"win_rate":0,"timestamp":1569727780,"path_taken":["M","?","?","M","$","E","?","E","T","M","R","E","R","M","R","BOSS","M","M","M","?","?","R","E","R","T","M","M","M","R","M","R","BOSS"],"build_version":"2019-09-27","purchased_purges":0,"victory":false,"max_hp_per_floor":[70,70,70,70,70,70,65,65,65,65,65,72,72,72,72,72,72,72,72,72,72,72,72,72,72,72,72,72,72,72,72,72,72],"card_choices":[{"not_picked":["Sucker Punch","Outmaneuver"],"picked":"Footwork","floor":1},{"not_picked":["Poisoned Stab","Riddle With Holes"],"picked":"Well Laid Plans","floor":4},{"not_picked":["Endless Agony","Calculated Gamble"],"picked":"Caltrops","floor":6},{"not_picked":["Slice","Heel Hook"],"picked":"Blur","floor":8},{"not_picked":["Terror","Prepared"],"picked":"Predator","floor":10},{"not_picked":["Calculated Gamble","Riddle With Holes"],"picked":"Acrobatics","floor":12},{"not_picked":["Acrobatics","Slice"],"picked":"Sucker Punch","floor":14},{"not_picked":["Doppelganger","Wraith Form v2"],"picked":"Die Die Die","floor":16},{"not_picked":["Eviscerate","Quick Slash"],"picked":"PiercingWail+1","floor":18},{"not_picked":["Outmaneuver","Calculated Gamble"],"picked":"Dagger Spray","floor":19},{"not_picked":["Catalyst+1","Backflip"],"picked":"Blur+1","floor":20},{"not_picked":["Dodge and Roll","Footwork"],"picked":"Backstab+1","floor":24},{"not_picked":["Deflect","Caltrops+1"],"picked":"Terror+1","floor":27},{"not_picked":["Wraith Form v2","PiercingWail"],"picked":"Backstab","floor":28},{"not_picked":["Backflip+1","Bane"],"picked":"Underhanded Strike","floor":29},{"not_picked":["Slice","Sucker Punch"],"picked":"Dagger Throw+1","floor":31}],"player_experience":193066,"relics_obtained":[{"floor":6,"key":"InkBottle"},{"floor":8,"key":"Gremlin Horn"},{"floor":9,"key":"Whetstone"},{"floor":12,"key":"Strawberry"},{"floor":24,"key":"Boot"},{"floor":26,"key":"Bottled Lightning"}],"event_choices":[{"damage_healed":0,"gold_gain":75,"player_choice":"Gather Gold","damage_taken":11,"max_hp_gain":0,"max_hp_loss":0,"event_name":"World of Goop","floor":2,"gold_loss":0},{"damage_healed":0,"gold_gain":0,"player_choice":"Entered Light","damage_taken":14,"max_hp_gain":0,"max_hp_loss":0,"event_name":"Shining Light","floor":3,"gold_loss":0,"cards_upgraded":["Strike_G","Strike_G"]},{"damage_healed":0,"gold_gain":0,"player_choice":"Lose Max HP","damage_taken":0,"relics_obtained":["Golden Idol"],"max_hp_gain":0,"max_hp_loss":5,"event_name":"Golden Idol","floor":7,"gold_loss":0},{"damage_healed":0,"gold_gain":0,"player_choice":"Ignored","damage_taken":0,"max_hp_gain":0,"max_hp_loss":0,"event_name":"Vampires","floor":21,"gold_loss":0},{"damage_healed":0,"gold_gain":0,"player_choice":"Obtained Relic","damage_taken":0,"relics_obtained":["Lantern"],"max_hp_gain":0,"max_hp_loss":0,"event_name":"Addict","floor":22,"gold_loss":85}],"is_beta":true,"boss_relics":[{"not_picked":["Busted Crown","Calling Bell"],"picked":"Empty Cage"}],"items_purged_floors":[],"is_endless":false,"potions_floor_spawned":[4,8,12,19,20,28,29],"killed_by":"Automaton","ascension_level":8}