{"gold_per_floor":[118,118,43,56,76,76,109,109,109,137,137,171,31,52,52,157,157,172,47,57,68,79,79,108,23,46,56,121,132,87,112,112,112],"floor_reached":33,"playtime":3105,"items_purged":["Strike_R","Strike_R","Strike_R"],"score":557,"play_id":"1fce185b-f39c-4680-8bb8-523c4edd16e5","local_time":"20180915185617","is_ascension_mode":true,"campfire_choices":[{"data":"Immolate","floor":6,"key":"SMITH"},{"data":"Whirlwind","floor":8,"key":"SMITH"},{"data":"Flame Barrier","floor":15,"key":"SMITH"},{"data":"Double Tap","floor":23,"key":"SMITH"},{"data":"Iron Wave","floor":32,"key":"SMITH"}],"neow_cost":"NONE","seed_source_timestamp":204769449220707,"circlet_count":0,"master_deck":["Strike_R","Defend_R","Defend_R","Defend_R","Defend_R","Bash","Immolate+1","Whirlwind+1","Anger","Pummel+1","Reaper+1","Double Tap+1","Intimidate","Flame Barrier+1","Metallicize","Inflame","Offering","Uppercut+1","Iron Wave+1","Inflame","Reaper","True Grit+1","Shrug It Off","Impervious"],"relics":["Burning Blood","Paper Frog","Torii","Whetstone","Regal Pillow","Odd Mushroom","Eternal Feather","Sundial","Thread and Needle","Boot","Tiny Chest","Bottled Lightning"],"potions_floor_usage":[12,12,12,20,22,33,33],"damage_taken":[{"damage":16,"enemies":"Jaw Worm","floor":1,"turns":4},{"damage":5,"enemies":"Small Slimes","floor":4,"turns":2},{"damage":0,"enemies":"Cultist","floor":5,"turns":3},{"damage":23,"enemies":"Gremlin Nob","floor":7,"turns":4},{"damage":0,"enemies":"3 Sentries","floor":10,"turns":1},{"damage":0,"enemies":"Gremlin Nob","floor":12,"turns":2},{"damage":0,"enemies":"The Mushroom Lair","floor":14,"turns":1},{"damage":42,"enemies":"Hexaghost","floor":16,"turns":8},{"damage":8,"enemies":"Shell Parasite","floor":18,"turns":5},{"damage":13,"enemies":"2 Thieves","floor":20,"turns":4},{"damage":22,"enemies":"Shelled Parasite and Fungi","floor":21,"turns":7},{"damage":0,"enemies":"Snecko","floor":22,"turns":3},{"damage":6,"enemies":"Slavers","floor":24,"turns":1},{"damage":10,"enemies":"Centurion and Healer","floor":27,"turns":6},{"damage":37,"enemies":"Gremlin Leader","floor":28,"turns":4},{"damage":7,"enemies":"Cultist and Chosen","floor":29,"turns":3},{"damage":23,"enemies":"Book of Stabbing","floor":31,"turns":4},{"damage":107,"enemies":"Champ","floor":33,"turns":13}],"seed_played":"4378362099919564590","potions_obtained":[{"floor":1,"key":"FearPotion"},{"floor":5,"key":"Dexterity Potion"},{"floor":7,"key":"Energy Potion"},{"floor":16,"key":"BloodPotion"},{"floor":18,"key":"Energy Potion"},{"floor":20,"key":"SteroidPotion"},{"floor":27,"key":"SpeedPotion"},{"floor":28,"key":"SteroidPotion"}],"is_trial":false,"path_per_floor":["M","?","$","M","M","R","E","R","T","E","?","E","$","?","R","B",null,"M","$","M","M","M","R","E","?","T","M","E","M","$","E","R"],"character_chosen":"IRONCLAD","items_purchased":["Metallicize","Shrug It Off"],"campfire_rested":0,"item_purchase_floors":[13,30],"current_hp_per_floor":[62,62,62,63,69,69,56,56,56,62,62,68,68,74,74,52,73,71,71,74,58,72,80,80,80,80,80,55,73,73,56,68,0],"gold":112,"neow_bonus":"ONE_RANDOM_RARE_CARD","is_prod":false,"is_daily":false,"chose_seed":false,"campfire_upgraded":5,"win_rate":0,"timestamp":1537055777,"path_taken":["M","?","$","M","?","R","E","R","T","E","?","E","?","?","R","BOSS","M","$","M","M","M","R","E","?","T","M","E","?","$","E","R","BOSS"],"build_version":"2018-09-06","purchased_purges":3,"victory":false,"max_hp_per_floor":[80,80,80,80,80,80,80,80,80,80,80,80,80,80,80,80,80,80,80,80,80,80,80,80,80,80,80,80,80,80,80,80,80],"card_choices":[{"not_picked":["Reckless Charge","Wild Strike"],"picked":"Whirlwind","floor":1},{"not_picked":["Sever Soul","Clash"],"picked":"Pummel","floor":4},{"not_picked":["Clash","Heavy Blade"],"picked":"Reaper","floor":5},{"not_picked":["Fiend Fire","Second Wind"],"picked":"Double Tap","floor":7},{"not_picked":["Fire Breathing","Feel No Pain"],"picked":"Intimidate","floor":10},{"not_picked":["Twin Strike","Feel No Pain"],"picked":"Flame Barrier","floor":12},{"not_picked":["Fire Breathing","Heavy Blade"],"picked":"Inflame","floor":14},{"not_picked":["Bludgeon","Barricade"],"picked":"Offering","floor":16},{"not_picked":["Bloodletting","Armaments"],"picked":"Uppercut+1","floor":18},{"not_picked":["Whirlwind","Body Slam+1"],"picked":"Iron Wave","floor":20},{"not_picked":["Reckless Charge+1","Hemokinesis"],"picked":"Inflame","floor":21},{"not_picked":["Warcry","Clash","Wild Strike+1"],"picked":"SKIP","floor":22},{"not_picked":["Anger+1","Cleave+1"],"picked":"Reaper","floor":24},{"not_picked":["Warcry","Perfected Strike"],"picked":"True Grit+1","floor":27},{"not_picked":["Carnage","Twin Strike","Perfected Strike+1"],"picked":"SKIP","floor":28},{"not_picked":["Carnage","Body Slam","Combust+1"],"picked":"SKIP","floor":29},{"not_picked":["Clash","Twin Strike"],"picked":"Impervious","floor":31}],"player_experience":522257,"relics_obtained":[{"floor":7,"key":"Paper Frog"},{"floor":9,"key":"Torii"},{"floor":10,"key":"Whetstone"},{"floor":12,"key":"Regal Pillow"},{"floor":14,"key":"Odd Mushroom"},{"floor":24,"key":"Sundial"},{"floor":26,"key":"Boot"},{"floor":28,"key":"Tiny Chest"},{"floor":31,"key":"Bottled Lightning"}],"event_choices":[{"event_name":"Living Wall","player_choice":"Change","floor":2,"damage_taken":0},{"event_name":"Liars Game","player_choice":"disagreed","floor":11,"damage_taken":0},{"event_name":"Mushrooms","player_choice":"Fought Mushrooms","floor":14,"damage_taken":0},{"event_name":"Addict","player_choice":"Obtained Relic","floor":25,"damage_taken":0}],"is_beta":false,"boss_relics":[{"not_picked":["Pandora\u0027s Box","Tiny House"],"picked":"Eternal Feather"}],"items_purged_floors":[3,13,19],"is_endless":false,"potions_floor_spawned":[1,5,7,16,18,20,27,28],"killed_by":"Champ","ascension_level":8}