{"gold_per_floor":[110,127,127,147,147,147,175,192,192,210,210,270,49,76,76,154,154,173,173,184,184,204,204,204],"floor_reached":24,"playtime":1145,"items_purged":[],"score":437,"play_id":"aad1077f-3794-46cd-896e-19976e6833d5","local_time":"20190713164854","is_ascension_mode":true,"campfire_choices":[{"data":"Combust","floor":6.0,"key":"SMITH"},{"data":"Inflame","floor":11.0,"key":"SMITH"},{"data":"Fiend Fire","floor":15.0,"key":"SMITH"},{"floor":23,"key":"REST"}],"neow_cost":"NONE","seed_source_timestamp":23308522845930,"circlet_count":0,"master_deck":["AscendersBane","Defend_R","Defend_R","Defend_R","Defend_R","Bash","Combust+1","Evolve","Clothesline","Power Through","Hemokinesis","Inflame+1","Fiend Fire+1","Shrug It Off","Cleave","Immolate","Disarm","Anger","Corruption","Uppercut","Exhume","Bite","Bite","Bite","Bite","Bite","Shrug It Off"],"special_seed":0,"relics":["Burning Blood","Lantern","Gremlin Horn","Shovel","Bag of Marbles","Mummified Hand","Orrery"],"potions_floor_usage":[24,24],"damage_taken":[{"damage":1.0,"enemies":"Cultist","floor":1.0,"turns":3.0},{"damage":14.0,"enemies":"2 Louse","floor":2.0,"turns":4.0},{"damage":14.0,"enemies":"Jaw Worm","floor":4.0,"turns":6.0},{"damage":25.0,"enemies":"3 Sentries","floor":7.0,"turns":6.0},{"damage":13.0,"enemies":"Large Slime","floor":8.0,"turns":6.0},{"damage":19.0,"enemies":"Exordium Wildlife","floor":10.0,"turns":4.0},{"damage":17.0,"enemies":"Gremlin Nob","floor":12.0,"turns":4.0},{"damage":15.0,"enemies":"Gremlin Nob","floor":14.0,"turns":4.0},{"damage":18,"enemies":"Slime Boss","floor":16,"turns":6},{"damage":26,"enemies":"Shell Parasite","floor":18,"turns":4},{"damage":11,"enemies":"Spheric Guardian","floor":20,"turns":5},{"damage":44,"enemies":"Snecko","floor":22,"turns":6},{"damage":46,"enemies":"Gremlin Leader","floor":24,"turns":4}],"seed_played":"7890304156580078251","potions_obtained":[{"floor":1.0,"key":"SpeedPotion"},{"floor":2.0,"key":"SmokeBomb"},{"floor":4.0,"key":"Dexterity Potion"},{"floor":18,"key":"Energy Potion"},{"floor":22,"key":"Strength Potion"}],"is_trial":false,"path_per_floor":["M","M","?","M","?","R","E","M","T","M","R","?","$","E","R","B",null,"M","?","M","$","M","R","E"],"character_chosen":"IRONCLAD","items_purchased":["Bag of Marbles","Shrug It Off"],"campfire_rested":1,"item_purchase_floors":[13,13],"current_hp_per_floor":[80,72,65,57,82,82,63,56,56,43,43,32,32,23,23,11,64,44,44,47,47,15,32,0],"gold":204,"neow_bonus":"TEN_PERCENT_HP_BONUS","is_prod":false,"is_daily":false,"chose_seed":false,"campfire_upgraded":3,"win_rate":0,"timestamp":1563050934,"path_taken":["M","M","?","M","?","R","E","M","T","?","R","?","?","E","R","BOSS","M","?","M","$","M","R","E"],"build_version":"2019-07-05","purchased_purges":0,"victory":false,"max_hp_per_floor":[82,82,82,82,82,82,82,82,82,82,82,82,82,82,82,82,82,82,57,57,57,57,57,57],"card_choices":[{"not_picked":["Warcry","Heavy Blade"],"picked":"Combust","floor":1.0},{"not_picked":["Searing Blow","Clash"],"picked":"Evolve","floor":2.0},{"not_picked":["Pommel Strike","Corruption"],"picked":"Clothesline","floor":4.0},{"not_picked":["Anger","Warcry"],"picked":"Power Through","floor":7.0},{"not_picked":["Clash","Sever Soul"],"picked":"Hemokinesis","floor":8.0},{"not_picked":["Dual Wield","Pummel"],"picked":"Inflame","floor":10.0},{"not_picked":["Sentinel","Body Slam"],"picked":"Fiend Fire","floor":12.0},{"not_picked":["Armaments","Iron Wave"],"picked":"Cleave","floor":14.0},{"not_picked":["Feed","Exhume"],"picked":"Immolate","floor":16},{"not_picked":["Warcry","Burning Pact"],"picked":"Disarm","floor":17},{"not_picked":["Wild Strike","Infernal Blade"],"picked":"Anger","floor":17},{"not_picked":["Havoc","Wild Strike"],"picked":"Corruption","floor":17},{"not_picked":["Perfected Strike","Pommel Strike"],"picked":"Uppercut","floor":17},{"not_picked":["Perfected Strike","Shockwave"],"picked":"Exhume","floor":18},{"not_picked":["Clothesline","Cleave","Fire Breathing"],"picked":"SKIP","floor":20},{"not_picked":["Havoc+1","Iron Wave"],"picked":"Shrug It Off","floor":22}],"player_experience":959432,"relics_obtained":[{"floor":7.0,"key":"Lantern"},{"floor":9.0,"key":"Gremlin Horn"},{"floor":12.0,"key":"Shovel"},{"floor":14.0,"key":"Mummified Hand"}],"event_choices":[{"cards_removed":["Strike_R"],"damage_healed":0.0,"max_hp_gain":0.0,"max_hp_loss":0.0,"gold_gain":0.0,"event_name":"Golden Wing","player_choice":"Card Removal","floor":3.0,"gold_loss":0.0,"damage_taken":7.0},{"damage_healed":25.0,"max_hp_gain":0.0,"max_hp_loss":0.0,"gold_gain":0.0,"event_name":"Wheel of Change","player_choice":"Full Heal","floor":5.0,"gold_loss":0.0,"damage_taken":0.0},{"damage_healed":0.0,"max_hp_gain":0.0,"max_hp_loss":0.0,"gold_gain":0.0,"event_name":"Dead Adventurer","player_choice":"Searched \u00271\u0027 times","floor":12.0,"gold_loss":0.0,"damage_taken":0.0},{"damage_healed":0,"gold_gain":0,"player_choice":"Became a vampire","damage_taken":0,"max_hp_gain":0,"max_hp_loss":25,"event_name":"Vampires","floor":19,"gold_loss":0,"cards_obtained":["Bite","Bite","Bite","Bite","Bite"]}],"is_beta":false,"boss_relics":[{"not_picked":["White Beast Statue","Ectoplasm"],"picked":"Orrery"}],"items_purged_floors":[],"is_endless":false,"potions_floor_spawned":[1,2,4,16,18,22],"killed_by":"Gremlin Leader","ascension_level":20}