{"gold_per_floor":[116,127,127,6,6,6,6,17,89,50,50,81,93,105,105,204,204,215,228,328,328,346,346,346,346,414,447,463,479,479,499,499,595,595,612,612,660,463,94,94,107,123,123,148,164,0,32,32,32,32],"floor_reached":50,"playtime":8690,"items_purged":["Strike_G","Strike_G"],"score":620,"play_id":"f791a502-e2cd-444e-9481-b47b5867fd75","local_time":"20190526142126","is_ascension_mode":false,"campfire_choices":[{"data":"Noxious Fumes","floor":6,"key":"SMITH"},{"floor":15,"key":"REST"},{"floor":23,"key":"REST"},{"floor":25,"key":"REST"},{"floor":32,"key":"REST"},{"floor":40,"key":"REST"},{"floor":49,"key":"REST"}],"neow_cost":"NONE","seed_source_timestamp":9297557561405,"circlet_count":0,"master_deck":["Defend_G","Defend_G","Defend_G","Defend_G","Strike_G","Strike_G","Survivor","Neutralize","Dagger Throw","Deadly Poison","Noxious Fumes+1","Backflip","Dagger Spray","Poisoned Stab","Dash","Endless Agony","Quick Slash","Crippling Poison","Wraith Form v2","Deadly Poison","Terror","Dash","Well Laid Plans","Well Laid Plans+1","Dagger Spray","Footwork","RitualDagger","Backflip","Phantasmal Killer","Leg Sweep+1","Madness","Madness","Backflip+1","Footwork","Noxious Fumes","Backstab","Backflip","Eviscerate","Burst","Poisoned Stab+1"],"relics":["Ring of the Snake","Ancient Tea Set","Letter Opener","Lantern","WristBlade","Gambling Chip","Kunai","WingedGreaves","Ninja Scroll","Vajra","Philosopher\u0027s Stone","The Specimen","Sling","Question Card","Ginger","Red Mask","Happy Flower"],"potions_floor_usage":[12,12,20,29,31,33,33,33,37,42,44,47,47],"damage_taken":[{"damage":0,"enemies":"Small Slimes","floor":1,"turns":4},{"damage":2,"enemies":"Jaw Worm","floor":2,"turns":6},{"damage":0,"enemies":"2 Louse","floor":8,"turns":3},{"damage":8,"enemies":"Lagavulin","floor":12,"turns":5},{"damage":8,"enemies":"Red Slaver","floor":13,"turns":3},{"damage":8,"enemies":"Exordium Wildlife","floor":14,"turns":5},{"damage":36,"enemies":"Hexaghost","floor":16,"turns":9},{"damage":14,"enemies":"Shell Parasite","floor":18,"turns":6},{"damage":17,"enemies":"3 Byrds","floor":19,"turns":5},{"damage":13,"enemies":"Colosseum Slavers","floor":20,"turns":5},{"damage":16,"enemies":"Colosseum Nobs","floor":20,"turns":6},{"damage":19,"enemies":"Cultist and Chosen","floor":22,"turns":6},{"damage":0,"enemies":"Slavers","floor":27,"turns":6},{"damage":4,"enemies":"Snake Plant","floor":28,"turns":2},{"damage":3,"enemies":"Centurion and Healer","floor":29,"turns":5},{"damage":18,"enemies":"Shelled Parasite and Fungi","floor":31,"turns":5},{"damage":12,"enemies":"Automaton","floor":33,"turns":8},{"damage":21,"enemies":"3 Darklings","floor":35,"turns":5},{"damage":21,"enemies":"2 Orb Walkers","floor":37,"turns":5},{"damage":0,"enemies":"Orb Walker","floor":41,"turns":1},{"damage":4,"enemies":"Writhing Mass","floor":42,"turns":6},{"damage":13,"enemies":"Giant Head","floor":44,"turns":9},{"damage":4,"enemies":"Sphere and 2 Shapes","floor":45,"turns":3},{"damage":19,"enemies":"Nemesis","floor":47,"turns":7},{"damage":41,"enemies":"Donu and Deca","floor":50,"turns":4}],"seed_played":"-149246946238859828","potions_obtained":[{"floor":1,"key":"PowerPotion"},{"floor":8,"key":"Ancient Potion"},{"floor":11,"key":"SteroidPotion"},{"floor":22,"key":"EntropicBrew"},{"floor":27,"key":"Block Potion"},{"floor":28,"key":"Poison Potion"},{"floor":37,"key":"EssenceOfSteel"},{"floor":41,"key":"SkillPotion"},{"floor":42,"key":"Block Potion"},{"floor":44,"key":"Fire Potion"}],"is_trial":false,"path_per_floor":["M","M","?","$","?","R","?","M","T","$","?","E","M","M","R","B",null,"M","M","?","?","M","R","?","R","T","E","M","M","?","M","R","B",null,"M","?","?","$","$","R","M","M","T","E","M","?","E","?","R","B"],"character_chosen":"THE_SILENT","items_purchased":["Noxious Fumes","Backflip","Dash","Footwork","SteroidPotion","Noxious Fumes","Sling"],"campfire_rested":6,"item_purchase_floors":[4,4,10,38,38,39,39],"current_hp_per_floor":[77,75,72,72,77,77,77,77,77,77,77,69,61,53,77,41,82,68,51,22,22,3,27,27,51,51,51,47,44,38,20,44,47,82,61,51,30,30,30,54,54,50,50,37,33,33,14,14,38,0],"gold":32,"neow_bonus":"TEN_PERCENT_HP_BONUS","is_prod":false,"is_daily":false,"chose_seed":false,"campfire_upgraded":1,"win_rate":0.0,"timestamp":1558873286,"path_taken":["M","M","?","$","?","R","?","M","T","$","?","E","?","M","R","BOSS","M","M","?","?","?","R","?","R","T","E","M","M","?","?","R","BOSS","M","?","?","?","$","R","M","M","T","E","?","?","E","?","R","BOSS"],"build_version":"2019-01-23","purchased_purges":2,"victory":false,"max_hp_per_floor":[77,77,77,77,82,82,82,82,82,82,82,82,82,82,82,82,82,82,82,82,82,82,82,82,82,82,82,82,82,82,82,82,82,82,82,82,82,82,82,82,82,82,82,82,82,82,82,82,82,82],"card_choices":[{"not_picked":["Flechettes","Leg Sweep"],"picked":"Dagger Throw","floor":1},{"not_picked":["Deflect","Endless Agony"],"picked":"Deadly Poison","floor":2},{"not_picked":["Dagger Spray","Riddle With Holes"],"picked":"Poisoned Stab","floor":8},{"not_picked":["Outmaneuver","Blur"],"picked":"Endless Agony","floor":12},{"not_picked":["Choke","Dagger Throw"],"picked":"Quick Slash","floor":13},{"not_picked":["Infinite Blades","Dagger Throw"],"picked":"Crippling Poison","floor":14},{"not_picked":["Glass Knife","Adrenaline"],"picked":"Wraith Form v2","floor":16},{"not_picked":["Acrobatics","Blade Dance"],"picked":"Deadly Poison","floor":18},{"not_picked":["Distraction","Dagger Throw"],"picked":"Terror","floor":19},{"not_picked":["Slice","Underhanded Strike+1"],"picked":"Dash","floor":20},{"not_picked":["Flechettes","Underhanded Strike"],"picked":"Well Laid Plans+1","floor":22},{"not_picked":["Quick Slash","Predator"],"picked":"Dagger Spray","floor":27},{"not_picked":["Acrobatics","Flechettes","Deflect"],"picked":"SKIP","floor":28},{"not_picked":["Venomology","Underhanded Strike"],"picked":"Footwork","floor":29},{"not_picked":["Underhanded Strike","Dagger Throw"],"picked":"Backflip","floor":31},{"not_picked":["Venomology","A Thousand Cuts"],"picked":"Phantasmal Killer","floor":33},{"not_picked":["Deadly Poison+1","Acrobatics+1"],"picked":"Leg Sweep+1","floor":35},{"not_picked":["Dodge and Roll","Terror+1"],"picked":"Backflip+1","floor":37},{"not_picked":["Envenom","Underhanded Strike"],"picked":"Backstab","floor":41},{"not_picked":["Prepared","Underhanded Strike+1"],"picked":"Backflip","floor":42},{"not_picked":["Outmaneuver+1","Backflip","Flying Knee+1"],"picked":"Eviscerate","floor":44},{"not_picked":["PiercingWail","Dash+1","Outmaneuver+1"],"picked":"Burst","floor":45},{"not_picked":["Distraction","Bullet Time","Deadly Poison+1"],"picked":"Poisoned Stab+1","floor":47}],"player_experience":7095,"relics_obtained":[{"floor":9,"key":"Letter Opener"},{"floor":12,"key":"Lantern"},{"floor":20,"key":"Gambling Chip"},{"floor":20,"key":"Kunai"},{"floor":26,"key":"Ninja Scroll"},{"floor":27,"key":"Vajra"},{"floor":37,"key":"The Specimen"},{"floor":43,"key":"Question Card"},{"floor":44,"key":"Ginger"},{"floor":47,"key":"Happy Flower"}],"event_choices":[{"damage_healed":0,"gold_gain":0,"player_choice":"Success","damage_taken":3,"relics_obtained":["Ancient Tea Set"],"max_hp_gain":0,"max_hp_loss":0,"event_name":"Scrap Ooze","floor":3,"gold_loss":0},{"damage_healed":0,"gold_gain":0,"player_choice":"Donut","damage_taken":0,"max_hp_gain":5,"max_hp_loss":0,"event_name":"Big Fish","floor":5,"gold_loss":0},{"damage_healed":0,"gold_gain":0,"cards_transformed":["Defend_G"],"player_choice":"Change","damage_taken":0,"max_hp_gain":0,"max_hp_loss":0,"event_name":"Living Wall","floor":7,"gold_loss":0,"cards_obtained":["Dagger Spray"]},{"damage_healed":0,"gold_gain":0,"player_choice":"Got Potions","damage_taken":0,"max_hp_gain":0,"max_hp_loss":0,"event_name":"Lab","floor":11,"gold_loss":0},{"damage_healed":0,"gold_gain":0,"player_choice":"Fight","damage_taken":0,"max_hp_gain":0,"max_hp_loss":0,"event_name":"Colosseum","floor":20,"gold_loss":0},{"damage_healed":0,"gold_gain":0,"player_choice":"Fought Nobs","damage_taken":0,"max_hp_gain":0,"max_hp_loss":0,"event_name":"Colosseum","floor":20,"gold_loss":0},{"damage_healed":0,"gold_gain":0,"cards_transformed":["Strike_G"],"player_choice":"Transformed","damage_taken":0,"max_hp_gain":0,"max_hp_loss":0,"event_name":"Transmorgrifier","floor":21,"gold_loss":0,"cards_obtained":["Well Laid Plans"]},{"damage_healed":0,"gold_gain":0,"player_choice":"Opened","damage_taken":0,"relics_obtained":["WingedGreaves"],"max_hp_gain":0,"max_hp_loss":0,"event_name":"The Mausoleum","floor":24,"gold_loss":0,"cards_obtained":["Writhe"]},{"damage_healed":0,"gold_gain":0,"player_choice":"Joined the Cult","damage_taken":6,"max_hp_gain":0,"max_hp_loss":0,"event_name":"Nest","floor":30,"gold_loss":0,"cards_obtained":["RitualDagger"]},{"damage_healed":0,"gold_gain":0,"player_choice":"Embrace Madness","damage_taken":10,"max_hp_gain":0,"max_hp_loss":0,"event_name":"Winding Halls","floor":36,"gold_loss":0,"cards_obtained":["Madness","Madness"]},{"damage_healed":0,"gold_gain":0,"player_choice":"Fight","damage_taken":0,"max_hp_gain":0,"max_hp_loss":0,"event_name":"Mysterious Sphere","floor":37,"gold_loss":0},{"damage_healed":0,"gold_gain":0,"player_choice":"Paid","damage_taken":0,"relics_obtained":["Red Mask"],"max_hp_gain":0,"max_hp_loss":0,"event_name":"Tomb of Lord Red Mask","floor":46,"gold_loss":164},{"cards_removed":["Writhe"],"damage_healed":0,"gold_gain":0,"player_choice":"Removed Curses","damage_taken":0,"max_hp_gain":0,"max_hp_loss":0,"event_name":"Fountain of Cleansing","floor":48,"gold_loss":0}],"is_beta":false,"boss_relics":[{"not_picked":["Empty Cage","Cursed Key"],"picked":"WristBlade"},{"not_picked":["Runic Pyramid","Sozu"],"picked":"Philosopher\u0027s Stone"}],"items_purged_floors":[38,39],"is_endless":false,"potions_floor_spawned":[1,8,20,22,27,28,37,41,42,44],"killed_by":"Donu and Deca","ascension_level":0}