{"gold_per_floor":[109,123,223,233,250,250,64,79,79,154,179,194,194,259,259,359,359,377,377,377,390,410,410,420,420,420,519,538,550,550,589,589,691,741,755,254,254,271,251,251,271,271],"floor_reached":42,"playtime":2026,"items_purged":[],"score":402,"play_id":"12040b58-1629-4f48-b27f-1b7d037fd94f","local_time":"20190929145558","is_ascension_mode":false,"campfire_choices":[{"data":"Flex","floor":6,"key":"SMITH"},{"floor":13,"key":"REST"},{"data":"Transmutation","floor":15,"key":"SMITH"},{"floor":23,"key":"REST"},{"data":"Limit Break","floor":25,"key":"SMITH"},{"floor":32,"key":"REST"},{"data":"Spot Weakness","floor":40,"key":"SMITH"}],"neow_cost":"NONE","seed_source_timestamp":1023197311605300,"circlet_count":0,"master_deck":["Strike_R","Strike_R","Strike_R","Strike_R","Defend_R","Defend_R+1","Defend_R","Defend_R","Bash","Finesse","Twin Strike","Flex+1","Limit Break+1","Transmutation+1","Cleave","Battle Trance","Iron Wave","Whirlwind+1","Demon Form","Twin Strike+1","Spot Weakness+1","Anger+1","Double Tap","Blood for Blood+1","Thunderclap+1","Thunderclap+1","Bludgeon+1","Heavy Blade+1","Infernal Blade+1","Whirlwind+1","Flex","Writhe","Heavy Blade+1","Flex+1"],"relics":["Burning Blood","Sundial","Torii","Molten Egg 2","Mark of Pain","Smiling Mask","Tiny House","Pantograph","Oddly Smooth Stone"],"potions_floor_usage":[11,16,28,31,35,38,41,41,41,42],"damage_taken":[{"damage":5,"enemies":"Small Slimes","floor":1,"turns":4},{"damage":6,"enemies":"Cultist","floor":2,"turns":3},{"damage":12,"enemies":"Jaw Worm","floor":4,"turns":4},{"damage":8,"enemies":"Looter","floor":5,"turns":3},{"damage":8,"enemies":"Large Slime","floor":8,"turns":3},{"damage":29,"enemies":"Gremlin Nob","floor":11,"turns":4},{"damage":0,"enemies":"2 Fungi Beasts","floor":12,"turns":3},{"damage":18,"enemies":"Gremlin Nob","floor":14,"turns":4},{"damage":22,"enemies":"Slime Boss","floor":16,"turns":8},{"damage":23,"enemies":"Shell Parasite","floor":18,"turns":4},{"damage":9,"enemies":"2 Thieves","floor":21,"turns":3},{"damage":15,"enemies":"Snecko","floor":22,"turns":4},{"damage":20,"enemies":"Sentry and Sphere","floor":24,"turns":4},{"damage":16,"enemies":"Centurion and Healer","floor":28,"turns":5},{"damage":23,"enemies":"Chosen and Byrds","floor":29,"turns":5},{"damage":10,"enemies":"Cultist and Chosen","floor":31,"turns":4},{"damage":9,"enemies":"Automaton","floor":33,"turns":6},{"damage":50,"enemies":"3 Shapes","floor":35,"turns":4},{"damage":25,"enemies":"3 Darklings","floor":38,"turns":4},{"damage":49,"enemies":"Spire Growth","floor":41,"turns":4},{"damage":18,"enemies":"4 Shapes","floor":42,"turns":2}],"seed_played":"1942250325361683827","potions_obtained":[{"floor":5,"key":"SteroidPotion"},{"floor":14,"key":"Weak Potion"},{"floor":16,"key":"SteroidPotion"},{"floor":18,"key":"Poison Potion"},{"floor":29,"key":"FearPotion"},{"floor":31,"key":"Fire Potion"},{"floor":34,"key":"Regen Potion"},{"floor":38,"key":"PowerPotion"},{"floor":39,"key":"Energy Potion"},{"floor":41,"key":"Poison Potion"}],"is_trial":false,"path_per_floor":["M","M","?","M","M","R","$","M","T","?","E","M","R","?","R","B",null,"M","?","?","M","M","R","M","R","T","?","M","M","?","M","R","B",null,"M","$","?","M","?","R","M","M"],"character_chosen":"IRONCLAD","items_purchased":["Transmutation","Whirlwind+1","Pantograph","Oddly Smooth Stone","Flex"],"campfire_rested":3,"item_purchase_floors":[7,36,36,36,36],"current_hp_per_floor":[80,80,80,74,72,72,72,70,70,59,36,42,66,54,54,38,80,63,63,48,45,36,61,47,47,47,47,37,20,20,16,41,38,90,46,46,69,59,59,59,16,0],"gold":271,"neow_bonus":"RANDOM_COLORLESS","is_prod":false,"is_daily":false,"chose_seed":false,"campfire_upgraded":4,"win_rate":0.0,"timestamp":1569761758,"path_taken":["M","M","?","M","M","R","?","?","T","?","E","M","R","?","R","BOSS","M","?","?","M","M","R","M","R","T","?","M","M","?","M","R","BOSS","M","$","?","M","?","R","M","?"],"build_version":"2019-07-17","purchased_purges":0,"victory":false,"max_hp_per_floor":[80,80,80,80,80,80,80,80,80,80,80,80,80,80,80,80,80,80,80,85,85,85,85,85,85,85,85,85,85,85,85,85,85,90,90,90,90,90,90,90,90,90],"card_choices":[{"not_picked":["Sword Boomerang","Clothesline"],"picked":"Twin Strike","floor":1},{"not_picked":["Bloodletting","Havoc","Warcry"],"picked":"SKIP","floor":2},{"not_picked":["Warcry","Sentinel"],"picked":"Flex","floor":4},{"not_picked":["Power Through","Entrench"],"picked":"Limit Break","floor":5},{"not_picked":["Headbutt","Warcry"],"picked":"Cleave","floor":8},{"not_picked":["Entrench","Sword Boomerang"],"picked":"Battle Trance","floor":11},{"not_picked":["Havoc","Sword Boomerang"],"picked":"Iron Wave","floor":12},{"not_picked":["Sword Boomerang","Shrug It Off"],"picked":"Whirlwind","floor":14},{"not_picked":["Offering","Fiend Fire+1"],"picked":"Demon Form","floor":16},{"not_picked":["Warcry","Headbutt+1"],"picked":"Twin Strike+1","floor":18},{"not_picked":["Sever Soul+1","Reckless Charge+1","Pommel Strike+1"],"picked":"SKIP","floor":21},{"not_picked":["Armaments","Dual Wield"],"picked":"Anger+1","floor":22},{"not_picked":["Rage+1","Combust"],"picked":"Double Tap","floor":24},{"not_picked":["Havoc+1","Power Through"],"picked":"Blood for Blood+1","floor":28},{"not_picked":["Havoc","Fire Breathing"],"picked":"Thunderclap+1","floor":29},{"not_picked":["Clothesline+1","Fire Breathing"],"picked":"Thunderclap+1","floor":31},{"not_picked":["Fiend Fire+1","Barricade"],"picked":"Bludgeon+1","floor":33},{"not_picked":["True Grit","Searing Blow+1"],"picked":"Heavy Blade+1","floor":34},{"not_picked":["Blood for Blood+1","Evolve+1"],"picked":"Infernal Blade+1","floor":35},{"not_picked":["Searing Blow+1","Shrug It Off"],"picked":"Heavy Blade+1","floor":38},{"not_picked":["True Grit","Cleave+1"],"picked":"Flex+1","floor":41}],"player_experience":68252,"relics_obtained":[{"floor":9,"key":"Sundial"},{"floor":11,"key":"Torii"},{"floor":14,"key":"Molten Egg 2"},{"floor":26,"key":"Smiling Mask"}],"event_choices":[{"damage_healed":0,"gold_gain":100,"player_choice":"Pray","damage_taken":0,"max_hp_gain":0,"max_hp_loss":0,"event_name":"Golden Shrine","floor":3,"gold_loss":0},{"damage_healed":0,"gold_gain":75,"player_choice":"Gather Gold","damage_taken":11,"max_hp_gain":0,"max_hp_loss":0,"event_name":"World of Goop","floor":10,"gold_loss":0},{"damage_healed":0,"gold_gain":0,"player_choice":"Searched \u00271\u0027 times","damage_taken":0,"max_hp_gain":0,"max_hp_loss":0,"event_name":"Dead Adventurer","floor":14,"gold_loss":0},{"damage_healed":0,"gold_gain":0,"player_choice":"Read","damage_taken":0,"max_hp_gain":0,"max_hp_loss":0,"event_name":"The Library","floor":19,"gold_loss":0,"cards_obtained":["Spot Weakness"]},{"damage_healed":0,"gold_gain":0,"player_choice":"Shed Blood","damage_taken":20,"max_hp_gain":5,"max_hp_loss":0,"event_name":"Forgotten Altar","floor":20,"gold_loss":0},{"damage_healed":0,"gold_gain":99,"player_choice":"Stole From Cult","damage_taken":0,"max_hp_gain":0,"max_hp_loss":0,"event_name":"Nest","floor":27,"gold_loss":0},{"cards_removed":["Strike_R"],"damage_healed":0,"gold_gain":0,"player_choice":"Elegance","damage_taken":0,"max_hp_gain":0,"max_hp_loss":0,"event_name":"Back to Basics","floor":30,"gold_loss":0},{"damage_healed":23,"gold_gain":0,"player_choice":"Writhe","damage_taken":0,"max_hp_gain":0,"max_hp_loss":0,"event_name":"Winding Halls","floor":37,"gold_loss":0,"cards_obtained":["Writhe"]},{"damage_healed":0,"gold_gain":0,"player_choice":"Bought 1 Potion","damage_taken":0,"max_hp_gain":0,"max_hp_loss":0,"event_name":"The Woman in Blue","floor":39,"gold_loss":0}],"is_beta":false,"boss_relics":[{"not_picked":["Runic Pyramid","Coffee Dripper"],"picked":"Mark of Pain"},{"not_picked":["White Beast Statue","Fusion Hammer"],"picked":"Tiny House"}],"items_purged_floors":[],"is_endless":false,"potions_floor_spawned":[5,14,16,18,29,31,38,41],"killed_by":"4 Shapes","ascension_level":0}