{"gold_per_floor":[113,130,49,99,110,110,137,171,232,244,283,295,332,362,374,459,471,494,506,518,550,96,131,131,143,143,143],"floor_reached":27,"playtime":7147,"items_purged":["Strike_G"],"score":448,"play_id":"dc968eb4-a303-4b17-9b1f-5f1bb61de86d","local_time":"20190704143929","is_ascension_mode":true,"campfire_choices":[{"data":"Leg Sweep","floor":6,"key":"SMITH"},{"floor":10,"key":"REST"},{"floor":12,"key":"REST"},{"floor":15,"key":"REST"},{"floor":24,"key":"REST"}],"neow_cost":"NONE","seed_source_timestamp":919701735756606,"circlet_count":0,"master_deck":["AscendersBane","Strike_G","Strike_G","Strike_G","Strike_G+1","Defend_G","Defend_G","Defend_G","Defend_G","Defend_G","Survivor","Neutralize","Leg Sweep+1","Leg Sweep","Noxious Fumes","PiercingWail","Unload+1","Deadly Poison","Bullet Time","Footwork","Footwork","All Out Attack","Burst","Bouncing Flask","Acrobatics"],"relics":["Ring of the Snake","Odd Mushroom","MawBank","Whetstone","PreservedInsect","Bottled Flame","Runic Pyramid","Letter Opener","Girya"],"potions_floor_usage":[8,16,16,23,23],"damage_taken":[{"damage":0,"enemies":"Small Slimes","floor":1,"turns":3},{"damage":2,"enemies":"Cultist","floor":2,"turns":5},{"damage":1,"enemies":"Jaw Worm","floor":5,"turns":6},{"damage":18,"enemies":"The Mushroom Lair","floor":7,"turns":7},{"damage":13,"enemies":"3 Sentries","floor":8,"turns":8},{"damage":13,"enemies":"Gremlin Nob","floor":11,"turns":5},{"damage":14,"enemies":"Lagavulin","floor":13,"turns":6},{"damage":0,"enemies":"2 Fungi Beasts","floor":14,"turns":4},{"damage":52,"enemies":"Slime Boss","floor":16,"turns":14},{"damage":19,"enemies":"Spheric Guardian","floor":18,"turns":6},{"damage":15,"enemies":"Shell Parasite","floor":21,"turns":8},{"damage":7,"enemies":"Book of Stabbing","floor":23,"turns":6},{"damage":10,"enemies":"Chosen and Byrds","floor":25,"turns":7},{"damage":19,"enemies":"Snake Plant","floor":27,"turns":3}],"seed_played":"6077269769461954320","potions_obtained":[{"floor":2,"key":"PowerPotion"},{"floor":11,"key":"SteroidPotion"},{"floor":14,"key":"EssenceOfSteel"}],"is_trial":false,"path_per_floor":["M","M","$","?","M","R","?","E","T","R","E","R","E","M","R","B",null,"M","?","?","M","$","E","R","M","T","M"],"character_chosen":"THE_SILENT","items_purchased":["Noxious Fumes","Burst","Bouncing Flask","GamblersBrew","EssenceOfSteel"],"campfire_rested":4,"item_purchase_floors":[3,22,22,22,22],"current_hp_per_floor":[59,57,57,57,56,56,38,25,25,44,31,50,36,36,55,3,50,31,31,31,16,16,9,28,18,18,0],"gold":143,"neow_bonus":"THREE_CARDS","is_prod":false,"is_daily":false,"chose_seed":false,"campfire_upgraded":1,"win_rate":0,"timestamp":1562269169,"path_taken":["M","M","$","?","?","R","?","E","T","R","E","R","E","M","R","BOSS","M","?","?","?","$","E","R","M","T","M"],"build_version":"2019-07-01","purchased_purges":1,"victory":false,"max_hp_per_floor":[66,66,66,66,66,66,66,66,66,66,66,66,66,66,66,66,66,66,66,66,66,66,66,66,66,66,66],"card_choices":[{"not_picked":["Reflex","Slice"],"picked":"Leg Sweep","floor":0},{"not_picked":["Sucker Punch","Bane","Prepared"],"picked":"SKIP","floor":1},{"not_picked":["Deflect","Outmaneuver"],"picked":"Leg Sweep","floor":2},{"not_picked":["Dagger Throw","Underhanded Strike"],"picked":"PiercingWail","floor":5},{"not_picked":["Sucker Punch","Prepared"],"picked":"Unload","floor":7},{"not_picked":["Slice","Poisoned Stab","Flying Knee"],"picked":"SKIP","floor":8},{"not_picked":["Backstab","Poisoned Stab"],"picked":"Deadly Poison","floor":11},{"not_picked":["Bane","Predator","Sucker Punch"],"picked":"SKIP","floor":13},{"not_picked":["Outmaneuver","Masterful Stab","Quick Slash"],"picked":"SKIP","floor":14},{"not_picked":["Envenom","Storm of Steel"],"picked":"Bullet Time","floor":16},{"not_picked":["Underhanded Strike","Flying Knee","Poisoned Stab"],"picked":"SKIP","floor":18},{"not_picked":["Backflip","Flying Knee"],"picked":"All Out Attack","floor":21},{"not_picked":["Dagger Spray","Underhanded Strike+1","PiercingWail"],"picked":"SKIP","floor":23},{"not_picked":["Deflect","Blade Dance"],"picked":"Acrobatics","floor":25}],"player_experience":1472177,"relics_obtained":[{"floor":7,"key":"Odd Mushroom"},{"floor":8,"key":"MawBank"},{"floor":9,"key":"Whetstone"},{"floor":11,"key":"PreservedInsect"},{"floor":13,"key":"Bottled Flame"},{"floor":23,"key":"Letter Opener"},{"floor":26,"key":"Girya"}],"event_choices":[{"damage_healed":0,"gold_gain":50,"player_choice":"Pray","damage_taken":0,"max_hp_gain":0,"max_hp_loss":0,"event_name":"Golden Shrine","floor":4,"gold_loss":0},{"damage_healed":0,"gold_gain":0,"player_choice":"Fought Mushrooms","damage_taken":0,"max_hp_gain":0,"max_hp_loss":0,"event_name":"Mushrooms","floor":7,"gold_loss":0},{"damage_healed":0,"gold_gain":0,"player_choice":"Read","damage_taken":0,"max_hp_gain":0,"max_hp_loss":0,"event_name":"The Library","floor":19,"gold_loss":0,"cards_obtained":["Footwork"]},{"damage_healed":0,"gold_gain":0,"player_choice":"Copied","damage_taken":0,"max_hp_gain":0,"max_hp_loss":0,"event_name":"Duplicator","floor":20,"gold_loss":0,"cards_obtained":["Footwork"]}],"is_beta":false,"boss_relics":[{"not_picked":["Orrery","Empty Cage"],"picked":"Runic Pyramid"}],"items_purged_floors":[22],"is_endless":false,"potions_floor_spawned":[2,11,14],"killed_by":"Snake Plant","ascension_level":16}