{"gold_per_floor":[115,65,140,65,82,116,116,116,141,157,179,208,208,225,225,225],"floor_reached":16,"playtime":597,"items_purged":[],"score":180,"play_id":"e0a15782-911f-4ed2-96d7-9d6fc6ca9f13","local_time":"20190826170607","is_ascension_mode":true,"campfire_choices":[{"data":"Battle Trance","floor":7,"key":"SMITH"},{"data":"Shrug It Off","floor":15,"key":"SMITH"}],"neow_cost":"NONE","seed_source_timestamp":18741116747600,"circlet_count":0,"master_deck":["Strike_R","Strike_R","Strike_R","Strike_R","Strike_R","Defend_R","Defend_R","Defend_R","Bash","Feel No Pain","Battle Trance+1","Clothesline","Shrug It Off+1","Havoc","Entrench+1"],"relics":["Burning Blood","NeowsBlessing","Omamori","Happy Flower","Bag of Marbles","Odd Mushroom","Pen Nib","Toxic Egg 2"],"potions_floor_usage":[11,16,16],"damage_taken":[{"damage":0,"enemies":"Jaw Worm","floor":1,"turns":1},{"damage":0,"enemies":"Small Slimes","floor":5,"turns":1},{"damage":0,"enemies":"Lagavulin","floor":6,"turns":1},{"damage":6,"enemies":"2 Louse","floor":10,"turns":3},{"damage":17,"enemies":"The Mushroom Lair","floor":11,"turns":3},{"damage":22,"enemies":"Gremlin Nob","floor":12,"turns":4},{"damage":8,"enemies":"Red Slaver","floor":14,"turns":3},{"damage":71,"enemies":"The Guardian","floor":16,"turns":18}],"seed_played":"3526207208484918284","potions_obtained":[{"floor":5,"key":"Dexterity Potion"},{"floor":10,"key":"Explosive Potion"},{"floor":12,"key":"Swift Potion"}],"is_trial":false,"path_per_floor":["M","?","?","$","M","E","R","T","T","M","?","E","?","M","R","B"],"character_chosen":"IRONCLAD","items_purchased":["Battle Trance"],"campfire_rested":0,"item_purchase_floors":[4],"current_hp_per_floor":[78,78,67,67,73,79,79,79,79,79,68,52,49,47,47,0],"gold":225,"neow_bonus":"THREE_ENEMY_KILL","is_prod":false,"is_daily":false,"chose_seed":false,"campfire_upgraded":2,"win_rate":0,"timestamp":1566831967,"path_taken":["M","?","?","?","M","E","R","?","T","?","?","E","?","M","R","BOSS"],"build_version":"2019-07-17","purchased_purges":0,"victory":false,"max_hp_per_floor":[80,80,80,80,80,80,80,80,80,80,80,80,80,80,80,80],"card_choices":[{"not_picked":["Flex","Clash"],"picked":"Feel No Pain","floor":1},{"not_picked":["Disarm","Twin Strike","Clash"],"picked":"SKIP","floor":5},{"not_picked":["Dark Embrace","Blood for Blood","Twin Strike"],"picked":"SKIP","floor":6},{"not_picked":["Flex","Armaments"],"picked":"Clothesline","floor":10},{"not_picked":["Pommel Strike","Cleave"],"picked":"Shrug It Off","floor":11},{"not_picked":["Combust","Battle Trance"],"picked":"Havoc","floor":12},{"not_picked":["Brutality","Perfected Strike"],"picked":"Entrench+1","floor":14}],"player_experience":342240,"relics_obtained":[{"floor":6,"key":"Omamori"},{"floor":8,"key":"Happy Flower"},{"floor":9,"key":"Bag of Marbles"},{"floor":11,"key":"Odd Mushroom"},{"floor":12,"key":"Pen Nib"}],"event_choices":[{"cards_removed":["Defend_R"],"damage_healed":0,"gold_gain":0,"player_choice":"Card Removal","damage_taken":0,"max_hp_gain":0,"max_hp_loss":0,"event_name":"The Cleric","floor":2,"gold_loss":50},{"damage_healed":0,"gold_gain":75,"player_choice":"Gather Gold","damage_taken":11,"max_hp_gain":0,"max_hp_loss":0,"event_name":"World of Goop","floor":3,"gold_loss":0},{"damage_healed":0,"gold_gain":0,"player_choice":"Fought Mushrooms","damage_taken":0,"max_hp_gain":0,"max_hp_loss":0,"event_name":"Mushrooms","floor":11,"gold_loss":0},{"damage_healed":0,"gold_gain":0,"player_choice":"Success","damage_taken":3,"relics_obtained":["Toxic Egg 2"],"max_hp_gain":0,"max_hp_loss":0,"event_name":"Scrap Ooze","floor":13,"gold_loss":0}],"is_beta":false,"boss_relics":[],"items_purged_floors":[],"is_endless":false,"potions_floor_spawned":[5,10,12],"killed_by":"The Guardian","ascension_level":7}