{"gold_per_floor":[119,119,137,87,110,110,143,143,143,143,172,27,38,57,57,161,161,175,175,190,190,190,190,205,205],"floor_reached":25,"playtime":1678,"items_purged":["Strike_G"],"score":298,"play_id":"9cf0c22b-4f79-4280-90e6-155f358c30af","local_time":"20190927060040","is_ascension_mode":true,"campfire_choices":[{"data":"Neutralize","floor":6,"key":"SMITH"},{"floor":8,"key":"REST"},{"floor":10,"key":"REST"},{"data":"Envenom","floor":15,"key":"SMITH"},{"data":"Catalyst","floor":23,"key":"SMITH"}],"neow_cost":"NONE","seed_source_timestamp":1263093085289500,"circlet_count":0,"master_deck":["Strike_G","Strike_G","Strike_G","Defend_G","Defend_G","Defend_G","Defend_G","Defend_G","Survivor","Neutralize+1","Venomology+1","Backflip","Catalyst+1","Envenom+1","Footwork","Cloak And Dagger","Flying Knee","Deadly Poison","Adrenaline","Deflect","Dash","Masterful Stab+1"],"relics":["Ring of the Snake","Blood Vial","Blue Candle","Bag of Preparation","Black Star","Enchiridion"],"potions_floor_usage":[7,11,11,16,16,20,20,24,24,24,25,25],"damage_taken":[{"damage":0,"enemies":"Cultist","floor":1,"turns":4},{"damage":1,"enemies":"Jaw Worm","floor":3,"turns":6},{"damage":52,"enemies":"Gremlin Nob","floor":7,"turns":7},{"damage":23,"enemies":"3 Sentries","floor":11,"turns":15},{"damage":0,"enemies":"2 Louse","floor":13,"turns":3},{"damage":0,"enemies":"Blue Slaver","floor":14,"turns":5},{"damage":0,"enemies":"The Guardian","floor":16,"turns":7},{"damage":12,"enemies":"3 Byrds","floor":18,"turns":7},{"damage":10,"enemies":"2 Thieves","floor":20,"turns":5},{"damage":11,"enemies":"3 Cultists","floor":24,"turns":9},{"damage":69,"enemies":"Book of Stabbing","floor":25,"turns":8}],"seed_played":"6099753836647565228","potions_obtained":[{"floor":7,"key":"GhostInAJar"},{"floor":11,"key":"SpeedPotion"},{"floor":24,"key":"Ancient Potion"}],"is_trial":false,"path_per_floor":["M","?","M","?","T","R","E","R","T","R","E","$","M","M","R","B",null,"M","?","M","?","?","R","M","E"],"character_chosen":"THE_SILENT","items_purchased":["Cloak And Dagger","Flying Knee"],"campfire_rested":2,"item_purchase_floors":[12,12],"current_hp_per_floor":[70,70,69,69,69,69,17,38,38,59,38,38,40,42,42,44,70,58,42,34,21,75,75,64,0],"gold":205,"neow_bonus":"ONE_RANDOM_RARE_CARD","is_prod":false,"is_daily":false,"chose_seed":false,"campfire_upgraded":3,"win_rate":0,"timestamp":1569578440,"path_taken":["M","?","?","?","?","R","E","R","T","R","E","$","?","M","R","BOSS","M","?","M","?","?","R","M","E"],"build_version":"2019-07-17","purchased_purges":1,"victory":false,"max_hp_per_floor":[70,70,70,70,70,70,70,70,70,70,70,70,70,70,70,70,70,70,70,70,75,75,75,75,75],"card_choices":[{"not_picked":["Deflect","Flechettes"],"picked":"Backflip","floor":1},{"not_picked":["Cloak And Dagger","Well Laid Plans"],"picked":"Catalyst","floor":3},{"not_picked":["Dagger Throw","Tactician"],"picked":"Envenom","floor":7},{"not_picked":["Endless Agony","Deadly Poison"],"picked":"Footwork","floor":11},{"not_picked":["Acrobatics","Quick Slash"],"picked":"Skewer","floor":13},{"not_picked":["Outmaneuver","Underhanded Strike"],"picked":"Deadly Poison","floor":14},{"not_picked":["Malaise","Night Terror"],"picked":"Adrenaline","floor":16},{"not_picked":["Infinite Blades","Bane"],"picked":"Deflect","floor":18},{"not_picked":["Choke+1","Dagger Spray"],"picked":"Dash","floor":20},{"not_picked":["Dagger Throw","Bane"],"picked":"Masterful Stab+1","floor":24}],"player_experience":107849,"relics_obtained":[{"floor":7,"key":"Blood Vial"},{"floor":9,"key":"Blue Candle"},{"floor":11,"key":"Bag of Preparation"},{"floor":19,"key":"Enchiridion"}],"event_choices":[{"damage_healed":0,"gold_gain":0,"player_choice":"Upgraded","damage_taken":0,"max_hp_gain":0,"max_hp_loss":0,"event_name":"Upgrade Shrine","floor":2,"gold_loss":0,"cards_upgraded":["Venomology"]},{"cards_removed":["Strike_G"],"damage_healed":0,"gold_gain":0,"player_choice":"Card Removal","damage_taken":0,"max_hp_gain":0,"max_hp_loss":0,"event_name":"The Cleric","floor":4,"gold_loss":50},{"damage_healed":0,"gold_gain":0,"player_choice":"Obtained Book","damage_taken":16,"max_hp_gain":0,"max_hp_loss":0,"event_name":"Cursed Tome","floor":19,"gold_loss":0},{"damage_healed":0,"gold_gain":0,"player_choice":"Shed Blood","damage_taken":18,"max_hp_gain":5,"max_hp_loss":0,"event_name":"Forgotten Altar","floor":21,"gold_loss":0},{"cards_removed":["Skewer"],"damage_healed":54,"gold_gain":0,"player_choice":"Offered Uncommon","damage_taken":0,"max_hp_gain":0,"max_hp_loss":0,"event_name":"Bonfire Elementals","floor":22,"gold_loss":0}],"is_beta":false,"boss_relics":[{"not_picked":["Sozu","Runic Dome"],"picked":"Black Star"}],"items_purged_floors":[12],"is_endless":false,"potions_floor_spawned":[7,11,24],"killed_by":"Book of Stabbing","ascension_level":3}