{"gold_per_floor":[115,115,115,133,133,163,174,174,174,349,364,364],"floor_reached":12,"playtime":815,"items_purged":[],"score":133,"play_id":"698bf6ed-f64d-4ec2-bb6b-f4ceb4d23738","local_time":"20190316165926","is_ascension_mode":true,"campfire_choices":[{"floor":8,"key":"REST"}],"neow_cost":"NONE","seed_source_timestamp":342306673541868,"circlet_count":0,"master_deck":["AscendersBane","Strike_B","Strike_B","Strike_B","Defend_B","Defend_B","Defend_B","Defend_B","Zap+1","Dualcast","All For One","Conserve Battery","Self Repair","Glacier","Darkness","Doubt","Coolheaded"],"relics":["Cracked Core","Bottled Tornado","Meat on the Bone"],"potions_floor_usage":[6,12,12],"damage_taken":[{"damage":5,"enemies":"2 Louse","floor":1,"turns":2},{"damage":0,"enemies":"Small Slimes","floor":4,"turns":2},{"damage":26,"enemies":"3 Sentries","floor":6,"turns":9},{"damage":2,"enemies":"Jaw Worm","floor":7,"turns":3},{"damage":10,"enemies":"Blue Slaver","floor":11,"turns":4},{"damage":48,"enemies":"Gremlin Nob","floor":12,"turns":5}],"seed_played":"5129957737023247101","potions_obtained":[{"floor":1,"key":"Block Potion"},{"floor":4,"key":"Strength Potion"},{"floor":11,"key":"Dexterity Potion"}],"is_trial":false,"path_per_floor":["M","?","?","M","?","E","M","R","T","?","M","E"],"character_chosen":"DEFECT","items_purchased":[],"campfire_rested":1,"item_purchase_floors":[],"current_hp_per_floor":[59,52,57,57,57,38,36,58,58,58,48,0],"gold":364,"neow_bonus":"ONE_RANDOM_RARE_CARD","is_prod":false,"is_daily":false,"chose_seed":false,"campfire_upgraded":0,"win_rate":0,"timestamp":1552773566,"path_taken":["M","?","?","M","?","E","M","R","T","?","M","E"],"build_version":"2019-01-23","purchased_purges":0,"victory":false,"max_hp_per_floor":[71,71,76,76,76,76,76,76,76,76,76,76],"card_choices":[{"not_picked":["Force Field","Lockon"],"picked":"Conserve Battery","floor":1},{"not_picked":["Compile Driver","Blizzard"],"picked":"Self Repair","floor":4},{"not_picked":["Stack","Consume"],"picked":"Glacier","floor":6},{"not_picked":["Reprogram","Conserve Battery"],"picked":"Darkness","floor":7},{"not_picked":["Chaos","Consume"],"picked":"Coolheaded","floor":11}],"player_experience":1170143,"relics_obtained":[{"floor":6,"key":"Bottled Tornado"},{"floor":9,"key":"Meat on the Bone"}],"event_choices":[{"cards_removed":["Strike_B"],"damage_healed":0,"gold_gain":0,"player_choice":"Card Removal","damage_taken":7,"max_hp_gain":0,"max_hp_loss":0,"event_name":"Golden Wing","floor":2,"gold_loss":0},{"damage_healed":0,"gold_gain":0,"player_choice":"Donut","damage_taken":0,"max_hp_gain":5,"max_hp_loss":0,"event_name":"Big Fish","floor":3,"gold_loss":0},{"damage_healed":0,"gold_gain":0,"player_choice":"Grow","damage_taken":0,"max_hp_gain":0,"max_hp_loss":0,"event_name":"Living Wall","floor":5,"gold_loss":0,"cards_upgraded":["Zap"]},{"damage_healed":0,"gold_gain":175,"player_choice":"AGREE","damage_taken":0,"max_hp_gain":0,"max_hp_loss":0,"event_name":"Liars Game","floor":10,"gold_loss":0,"cards_obtained":["Doubt"]}],"is_beta":false,"boss_relics":[],"items_purged_floors":[],"is_endless":false,"potions_floor_spawned":[1,4,11],"killed_by":"Gremlin Nob","ascension_level":14}