{"gold_per_floor":[115,335,64,80,80,80,102,112,131,140,140,15,31,39,39,101,101,113,125,125,50,50,50,61,73,73,73,6,22,34,44,44,102,102,114,114,154,175,175,175,175,201,243,243,252,0,0,14,14,14,14],"floor_reached":52,"playtime":1609,"items_purged":["Regret","Strike_G"],"score":1955,"play_id":"aab2b032-7927-4085-9904-8ed1ef5acc17","local_time":"20190826210531","is_ascension_mode":true,"campfire_choices":[{"data":"Bouncing Flask","floor":6.0,"key":"SMITH"},{"data":"Noxious Fumes","floor":11.0,"key":"SMITH"},{"data":"Wraith Form v2","floor":15.0,"key":"SMITH"},{"data":"Neutralize","floor":23.0,"key":"SMITH"},{"data":"Survivor","floor":27.0,"key":"SMITH"},{"data":"Catalyst","floor":32.0,"key":"SMITH"},{"data":"Malaise","floor":40,"key":"SMITH"},{"data":"Well Laid Plans","floor":44,"key":"SMITH"},{"data":"Corpse Explosion","floor":47,"key":"SMITH"},{"data":"Defend_G","floor":49,"key":"SMITH"}],"neow_cost":"NONE","seed_source_timestamp":111871975377372,"circlet_count":0,"master_deck":["AscendersBane","Strike_G","Defend_G","Defend_G+1","Survivor+1","Neutralize+1","Bouncing Flask+1","Wraith Form v2+1","Noxious Fumes+1","Doppelganger+1","Tactician+1","Dodge and Roll+1","Catalyst+1","Catalyst+1","Calculated Gamble","Corpse Explosion+1","Malaise+1","Deadly Poison+1","Well Laid Plans+1"],"special_seed":0,"relics":["Ring of the Snake","NeowsBlessing","Strawberry","Bag of Preparation","Astrolabe","The Courier","Coffee Dripper","Torii","Regal Pillow","Paper Crane","Snake Skull","Red Mask"],"potions_floor_usage":[50,50],"damage_taken":[{"damage":0.0,"enemies":"Small Slimes","floor":1.0,"turns":1.0},{"damage":0.0,"enemies":"Cultist","floor":4.0,"turns":1.0},{"damage":0.0,"enemies":"Lagavulin","floor":7.0,"turns":1.0},{"damage":8.0,"enemies":"2 Louse","floor":8.0,"turns":2.0},{"damage":3.0,"enemies":"Blue Slaver","floor":10.0,"turns":4.0},{"damage":10.0,"enemies":"Exordium Wildlife","floor":13.0,"turns":5.0},{"damage":5.0,"enemies":"Red Slaver","floor":14.0,"turns":4.0},{"damage":21.0,"enemies":"Hexaghost","floor":16.0,"turns":8.0},{"damage":4.0,"enemies":"3 Byrds","floor":18.0,"turns":5.0},{"damage":0.0,"enemies":"Chosen","floor":19.0,"turns":5.0},{"damage":0.0,"enemies":"Centurion and Healer","floor":24.0,"turns":6.0},{"damage":7.0,"enemies":"Cultist and Chosen","floor":25.0,"turns":5.0},{"damage":0.0,"enemies":"3 Cultists","floor":29.0,"turns":3.0},{"damage":0.0,"enemies":"Centurion and Healer","floor":30.0,"turns":3.0},{"damage":0.0,"enemies":"Snake Plant","floor":31.0,"turns":2.0},{"damage":6.0,"enemies":"Champ","floor":33.0,"turns":6.0},{"damage":0.0,"enemies":"3 Shapes","floor":35.0,"turns":3.0},{"damage":2,"enemies":"2 Orb Walkers","floor":37,"turns":3},{"damage":0,"enemies":"Giant Head","floor":42,"turns":5},{"damage":2,"enemies":"Orb Walker","floor":45,"turns":4},{"damage":0,"enemies":"Spire Growth","floor":48,"turns":3},{"damage":26,"enemies":"Donu and Deca","floor":50,"turns":3},{"damage":32,"enemies":"Awakened One","floor":51,"turns":13}],"seed_played":"9006922521165263944","potions_obtained":[{"floor":1.0,"key":"GamblersBrew"},{"floor":8.0,"key":"Explosive Potion"},{"floor":13.0,"key":"GamblersBrew"},{"floor":18.0,"key":"SteroidPotion"},{"floor":25.0,"key":"PowerPotion"},{"floor":37,"key":"Block Potion"}],"is_trial":false,"path_per_floor":["M","?","$","M","$","R","E","M","T","M","R","$","M","M","R","B",null,"M","M","?","?","?","R","M","M","T","R","$","M","M","M","R","B",null,"M","$","?","T","?","R","?","E","T","R","M","?","R","M","R","B","B",null],"character_chosen":"THE_SILENT","items_purchased":["Wraith Form v2","Corpse Explosion"],"campfire_rested":0,"item_purchase_floors":[3,28],"current_hp_per_floor":[59,59,59,59,59,59,66,58,58,55,55,55,45,40,40,19,60,56,56,56,56,35,35,35,28,28,28,28,28,28,28,28,22,64,64,64,62,62,62,62,62,62,62,62,60,60,60,60,60,34,2],"gold":14,"neow_bonus":"THREE_ENEMY_KILL","is_prod":false,"is_daily":false,"chose_seed":false,"campfire_upgraded":10,"win_rate":0,"timestamp":1566828331,"path_taken":["M","?","$","M","?","R","E","M","T","M","R","$","?","M","R","BOSS","M","M","?","?","?","R","M","?","T","R","?","M","M","M","R","BOSS","M","$","?","?","?","R","?","E","T","R","M","?","R","M","R","BOSS","BOSS"],"build_version":"2019-07-17","purchased_purges":2,"victory":true,"max_hp_per_floor":[66,66,66,66,66,66,73,73,73,73,73,73,73,73,73,73,73,73,73,73,73,78,78,78,78,78,78,78,78,78,78,78,78,78,78,78,78,78,74,74,74,74,74,74,74,74,74,74,74,74,74],"card_choices":[{"not_picked":["Riddle With Holes","Tactician"],"picked":"Bouncing Flask","floor":1.0},{"not_picked":["Slice","Cloak And Dagger","Deflect"],"picked":"SKIP","floor":4.0},{"not_picked":["Flying Knee","Masterful Stab"],"picked":"Noxious Fumes","floor":7.0},{"not_picked":["Quick Slash","Accuracy","Bane"],"picked":"SKIP","floor":8.0},{"not_picked":["Slice","Expertise","Dagger Spray"],"picked":"SKIP","floor":10.0},{"not_picked":["PiercingWail","Quick Slash","Acrobatics"],"picked":"SKIP","floor":13.0},{"not_picked":["Underhanded Strike","Concentrate","Setup"],"picked":"SKIP","floor":14.0},{"not_picked":["Infinite Blades","Sucker Punch","Deadly Poison+1"],"picked":"SKIP","floor":18.0},{"not_picked":["Dagger Spray","Deadly Poison"],"picked":"Catalyst+1","floor":19.0},{"not_picked":["Dagger Spray","Crippling Poison","All Out Attack+1"],"picked":"SKIP","floor":24.0},{"not_picked":["Prepared","Dagger Throw","Deadly Poison"],"picked":"SKIP","floor":25.0},{"not_picked":["Flying Knee+1","Backflip","Prepared"],"picked":"SKIP","floor":29.0},{"not_picked":["Distraction","Deflect","Bane"],"picked":"SKIP","floor":30.0},{"not_picked":["Choke","Envenom","Reflex"],"picked":"SKIP","floor":31.0},{"not_picked":["After Image","Night Terror"],"picked":"Malaise","floor":33.0},{"not_picked":["Sucker Punch","Dodge and Roll","Prepared+1"],"picked":"SKIP","floor":35.0},{"not_picked":["Expertise","Slice+1"],"picked":"Deadly Poison+1","floor":37},{"not_picked":["Bane","Deadly Poison"],"picked":"Well Laid Plans","floor":42},{"not_picked":["Bane","Deflect","Poisoned Stab"],"picked":"SKIP","floor":45},{"not_picked":["Slice","Prepared","Dagger Spray"],"picked":"SKIP","floor":48}],"player_experience":1087698,"relics_obtained":[{"floor":7.0,"key":"Strawberry"},{"floor":9.0,"key":"Bag of Preparation"},{"floor":26.0,"key":"The Courier"},{"floor":37,"key":"Torii"},{"floor":38,"key":"Regal Pillow"},{"floor":42,"key":"Paper Crane"},{"floor":43,"key":"Snake Skull"}],"event_choices":[{"damage_healed":0.0,"max_hp_gain":0.0,"max_hp_loss":0.0,"gold_gain":275.0,"event_name":"Golden Shrine","player_choice":"Desecrate","floor":2.0,"gold_loss":0.0,"damage_taken":0.0,"cards_obtained":["Regret"]},{"damage_healed":0.0,"max_hp_gain":0.0,"max_hp_loss":0.0,"gold_gain":0.0,"cards_transformed":["Strike_G","Defend_G"],"event_name":"Drug Dealer","player_choice":"Became Test Subject","floor":20.0,"gold_loss":0.0,"damage_taken":0.0,"cards_obtained":["Catalyst","Calculated Gamble"]},{"cards_removed":["Strike_G"],"damage_healed":0.0,"max_hp_gain":0.0,"max_hp_loss":0.0,"gold_gain":0.0,"event_name":"Beggar","player_choice":"Gave Gold","floor":21.0,"gold_loss":75.0,"damage_taken":0.0},{"damage_healed":0.0,"max_hp_gain":5.0,"max_hp_loss":0.0,"gold_gain":0.0,"event_name":"Forgotten Altar","player_choice":"Shed Blood","floor":22.0,"gold_loss":0.0,"damage_taken":26.0},{"damage_healed":0,"gold_gain":0,"player_choice":"Fight","damage_taken":0,"max_hp_gain":0,"max_hp_loss":0,"event_name":"Mysterious Sphere","floor":37,"gold_loss":0},{"damage_healed":0,"gold_gain":0,"player_choice":"Max HP","damage_taken":0,"max_hp_gain":0,"max_hp_loss":4,"event_name":"Winding Halls","floor":39,"gold_loss":0},{"damage_healed":0,"gold_gain":0,"player_choice":"Memory 1","damage_taken":0,"max_hp_gain":0,"max_hp_loss":0,"event_name":"SensoryStone","floor":41,"gold_loss":0},{"damage_healed":0,"gold_gain":0,"player_choice":"Paid","damage_taken":0,"relics_obtained":["Red Mask"],"max_hp_gain":0,"max_hp_loss":0,"event_name":"Tomb of Lord Red Mask","floor":46,"gold_loss":252}],"is_beta":false,"boss_relics":[{"not_picked":["Fusion Hammer","Philosopher\u0027s Stone"],"picked":"Astrolabe"},{"not_picked":["Tiny House","Cursed Key"],"picked":"Coffee Dripper"}],"items_purged_floors":[3,12],"is_endless":false,"potions_floor_spawned":[1,8,13,14,18,25,30,37],"ascension_level":22}