{"gold_per_floor":[114,129,129,144,159,189,189,5,80,80,80,95,110,125,125,225,225,240,240,255,270,285,285,315,330,330,345,345,360,360,31,31,131,131,146,161,176,176,27,42,42,57,57,57],"floor_reached":44,"playtime":1722,"items_purged":["Strike_B"],"score":563,"play_id":"ac6d3a07-651b-4432-9ada-09ad1c52ba2c","local_time":"20180808140630","daily_mods":["Allstar","Uncertain Future","Night Terrors"],"is_ascension_mode":false,"campfire_choices":[{"floor":7,"key":"REST"},{"data":"Flash of Steel","floor":10,"key":"SMITH"},{"data":"Panache","floor":15,"key":"SMITH"},{"data":"White Noise","floor":23,"key":"SMITH"},{"floor":28,"key":"REST"},{"data":"Defragment","floor":32,"key":"SMITH"}],"neow_cost":"","seed_source_timestamp":0,"circlet_count":0,"master_deck":["Defend_B","Defend_B","Defend_B","Defend_B","Zap","Dualcast","Thinking Ahead","Deep Breath","Flash of Steel+1","Panache+1","Jack Of All Trades","Leap","Chaos","Ball Lightning","Meteor Strike","Turbo","White Noise+1","Rip and Tear","Hologram","Go for the Eyes","Biased Cognition","Decay","Pain","Parasite","Conserve Battery","Leap+1","Rip and Tear","Conserve Battery","Turbo+1","Leap","Ball Lightning","Conserve Battery","Ghostly","Ghostly","Ghostly","Ghostly","Ghostly","Defragment+1","Electrodynamics","Turbo+1","Creative AI","Writhe","Mind Blast","Cold Snap","Reinforced Body","Leap+1","Redo","Aggregate"],"special_seed":17751,"relics":["Cracked Core","Sundial","Oddly Smooth Stone","Bottled Flame","Calling Bell","Regal Pillow","Cables","Torii","Strawberry","The Courier","Runic Capacitor","Eternal Feather","Blue Candle"],"potions_floor_usage":[5,16,16,22,22,22,33,33,33,42,44],"damage_taken":[{"damage":0,"enemies":"Small Slimes","floor":1,"turns":2},{"damage":11,"enemies":"Jaw Worm","floor":2,"turns":3},{"damage":0,"enemies":"Cultist","floor":4,"turns":3},{"damage":28,"enemies":"Gremlin Gang","floor":5,"turns":4},{"damage":33,"enemies":"Gremlin Nob","floor":6,"turns":4},{"damage":1,"enemies":"3 Louse","floor":12,"turns":2},{"damage":0,"enemies":"Lots of Slimes","floor":13,"turns":2},{"damage":7,"enemies":"Red Slaver","floor":14,"turns":3},{"damage":0,"enemies":"The Guardian","floor":16,"turns":9},{"damage":23,"enemies":"2 Thieves","floor":18,"turns":5},{"damage":17,"enemies":"Shell Parasite","floor":20,"turns":4},{"damage":1,"enemies":"Snake Plant","floor":21,"turns":3},{"damage":31,"enemies":"Cultist and Chosen","floor":22,"turns":8},{"damage":24,"enemies":"Book of Stabbing","floor":24,"turns":4},{"damage":23,"enemies":"3 Cultists","floor":25,"turns":5},{"damage":11,"enemies":"Snecko","floor":27,"turns":5},{"damage":16,"enemies":"Centurion and Healer","floor":29,"turns":5},{"damage":1,"enemies":"Champ","floor":33,"turns":6},{"damage":0,"enemies":"Flame Bruiser 1 Orb","floor":35,"turns":5},{"damage":3,"enemies":"Orb Walker","floor":36,"turns":5},{"damage":14,"enemies":"Sphere and 2 Shapes","floor":37,"turns":4},{"damage":9,"enemies":"Flame Bruiser 2 Orb","floor":40,"turns":7},{"damage":13,"enemies":"3 Darklings","floor":42,"turns":5},{"damage":8,"enemies":"Jaw Worm Horde","floor":44,"turns":2}],"seed_played":"-1865023326789257994","potions_obtained":[{"floor":2,"key":"LiquidBronze"},{"floor":4,"key":"EssenceOfSteel"},{"floor":13,"key":"SpeedPotion"},{"floor":16,"key":"Regen Potion"},{"floor":18,"key":"Regen Potion"},{"floor":20,"key":"Weak Potion"},{"floor":25,"key":"PowerPotion"},{"floor":33,"key":"Weak Potion"},{"floor":42,"key":"Explosive Potion"}],"is_trial":false,"path_per_floor":["M","M","?","M","M","E","R","$","T","R","?","M","M","M","R","B",null,"M","?","M","M","M","R","E","M","T","M","R","M","?","$","R","B",null,"M","M","M","?","$","M","?","M","T"],"character_chosen":"DEFECT","items_purchased":["Oddly Smooth Stone","White Noise","Defragment","Runic Capacitor","PowerPotion","PowerPotion","Mind Blast","Cold Snap","Reinforced Body"],"campfire_rested":2,"item_purchase_floors":[8,8,31,31,31,31,39,39,39],"current_hp_per_floor":[75,64,64,64,36,3,70,70,70,70,70,69,69,62,62,62,70,47,70,53,52,70,70,53,30,30,19,72,56,36,36,36,36,36,36,33,19,28,28,19,19,6,6,0],"gold":57,"neow_bonus":"","is_prod":false,"is_daily":true,"chose_seed":false,"campfire_upgraded":4,"win_rate":0,"timestamp":1533711990,"path_taken":["M","M","?","?","M","E","R","$","T","R","?","M","M","M","R","BOSS","M","?","M","?","M","R","E","M","T","M","R","M","?","$","R","BOSS","M","M","M","?","$","M","?","M","T","M"],"build_version":"2018-08-07","purchased_purges":1,"victory":false,"max_hp_per_floor":[75,75,75,75,75,75,70,70,70,70,70,70,70,70,70,70,70,70,70,70,70,70,70,77,77,77,77,72,72,36,36,36,36,36,36,36,36,36,36,36,36,36,36,36],"card_choices":[{"not_picked":["Sweeping Beam","Hello World"],"picked":"Leap","floor":1},{"not_picked":["Steam","Compile Driver"],"picked":"Chaos","floor":2},{"not_picked":["Gash","Beam Cell"],"picked":"Ball Lightning","floor":4},{"not_picked":["Tempest","Rebound"],"picked":"Meteor Strike","floor":5},{"not_picked":["Stack","Barrage"],"picked":"Turbo","floor":6},{"not_picked":["Streamline","Sunder"],"picked":"Rip and Tear","floor":12},{"not_picked":["Scrape","Steam"],"picked":"Hologram","floor":13},{"not_picked":["Rebound","Heatsinks"],"picked":"Go for the Eyes","floor":14},{"not_picked":["Hyperbeam","Core Surge"],"picked":"Biased Cognition","floor":16},{"not_picked":["Beam Cell","FTL"],"picked":"Conserve Battery","floor":18},{"not_picked":["Cold Snap","Hologram"],"picked":"Leap+1","floor":20},{"not_picked":["Consume","Turbo"],"picked":"Rip and Tear","floor":21},{"not_picked":["Go for the Eyes","Barrage"],"picked":"Conserve Battery","floor":22},{"not_picked":["Steam Power","Go for the Eyes"],"picked":"Turbo+1","floor":24},{"not_picked":["Go for the Eyes","Static Discharge"],"picked":"Leap","floor":25},{"not_picked":["Coolheaded","Streamline"],"picked":"Ball Lightning","floor":27},{"not_picked":["Rainbow","Barrage"],"picked":"Conserve Battery","floor":29},{"not_picked":["Rainbow","Thunder Strike"],"picked":"Electrodynamics","floor":33},{"not_picked":["Lockon+1","Streamline+1","Sunder"],"picked":"SKIP","floor":35},{"not_picked":["Barrage+1","Steam"],"picked":"Turbo+1","floor":36},{"not_picked":["Turbo+1","BootSequence+1"],"picked":"Creative AI","floor":37},{"not_picked":["Beam Cell+1","Heatsinks+1"],"picked":"Leap+1","floor":40},{"not_picked":["Beam Cell+1","Redo"],"picked":"Aggregate","floor":42}],"player_experience":285685,"relics_obtained":[{"floor":6,"key":"Sundial"},{"floor":9,"key":"Bottled Flame"},{"floor":17,"key":"Regal Pillow"},{"floor":17,"key":"Cables"},{"floor":17,"key":"Torii"},{"floor":24,"key":"Strawberry"},{"floor":26,"key":"The Courier"},{"floor":43,"key":"Blue Candle"}],"event_choices":[{"event_name":"Living Wall","player_choice":"Forget","floor":3,"damage_taken":0},{"event_name":"Bonfire Elementals","player_choice":"BASIC","floor":11,"damage_taken":0},{"event_name":"The Library","player_choice":"Heal","floor":19,"damage_taken":0},{"event_name":"Ghosts","player_choice":"Became a Ghost","floor":30,"damage_taken":0},{"event_name":"Winding Halls","player_choice":"Writhe","floor":38,"damage_taken":0},{"event_name":"Transmorgrifier","player_choice":"Transform","floor":41,"damage_taken":0}],"is_beta":true,"boss_relics":[{"not_picked":["Snecko Eye","Astrolabe"],"picked":"Calling Bell"},{"not_picked":["Fusion Hammer","Empty Cage"],"picked":"Eternal Feather"}],"items_purged_floors":[31],"is_endless":false,"potions_floor_spawned":[2,4,13,16,18,20,25,33,42],"killed_by":"Jaw Worm Horde","ascension_level":0}