{"gold_per_floor":[113,125,140,20,32,57,57,57,128,47,62,62,81,91,91,192,192,210,210,233,15,32,32,64,64,64,74,93,0,0,10,10,10],"floor_reached":33,"playtime":1753,"items_purged":["Strike_R"],"score":393,"play_id":"aa83317a-a59b-412b-b97d-f3eb832e80fd","local_time":"20190929230217","is_ascension_mode":true,"campfire_choices":[{"floor":7,"key":"REST"},{"floor":12,"key":"REST"},{"data":"Uppercut","floor":15,"key":"SMITH"},{"data":"Cleave","floor":23,"key":"SMITH"},{"data":"Anger","floor":25,"key":"SMITH"},{"floor":32,"key":"REST"}],"neow_cost":"TEN_PERCENT_HP_LOSS","seed_source_timestamp":1497119241283500,"circlet_count":0,"master_deck":["Strike_R","Defend_R","Defend_R","Defend_R","Defend_R","Bash","Secret Weapon","True Grit","Pommel Strike","Body Slam","Uppercut+1","True Grit","Anger+1","Offering","Seeing Red","Dropkick","Perfected Strike","Cleave+1","Flame Barrier","Reaper","Dark Embrace+1","Hemokinesis+1","Battle Trance+1","Flex+1","Iron Wave","Shockwave","Anger+1","Shrug It Off","Sever Soul","Good Instincts","Feel No Pain"],"relics":["Burning Blood","Magic Flower","Paper Frog","Astrolabe","MawBank","PreservedInsect","Blood Vial","Bag of Preparation"],"potions_floor_usage":[6,16,20,31],"damage_taken":[{"damage":12,"enemies":"Jaw Worm","floor":1,"turns":4},{"damage":5,"enemies":"Cultist","floor":2,"turns":5},{"damage":9,"enemies":"2 Louse","floor":3,"turns":3},{"damage":21,"enemies":"Large Slime","floor":5,"turns":7},{"damage":28,"enemies":"Gremlin Nob","floor":6,"turns":4},{"damage":8,"enemies":"3 Louse","floor":11,"turns":3},{"damage":0,"enemies":"Looter","floor":13,"turns":2},{"damage":14,"enemies":"Lots of Slimes","floor":14,"turns":4},{"damage":18,"enemies":"Slime Boss","floor":16,"turns":6},{"damage":51,"enemies":"2 Thieves","floor":18,"turns":4},{"damage":10,"enemies":"Chosen","floor":20,"turns":3},{"damage":34,"enemies":"3 Cultists","floor":22,"turns":4},{"damage":26,"enemies":"Gremlin Leader","floor":24,"turns":3},{"damage":34,"enemies":"Centurion and Healer","floor":27,"turns":4},{"damage":2,"enemies":"Snake Plant","floor":28,"turns":1},{"damage":25,"enemies":"Snecko","floor":31,"turns":4},{"damage":101,"enemies":"Champ","floor":33,"turns":9}],"seed_played":"-1624532184416180660","potions_obtained":[{"floor":3,"key":"Swift Potion"},{"floor":5,"key":"ElixirPotion"},{"floor":13,"key":"Fire Potion"},{"floor":14,"key":"SpeedPotion"},{"floor":22,"key":"Dexterity Potion"},{"floor":27,"key":"PowerPotion"}],"is_trial":false,"path_per_floor":["M","M","M","$","M","E","R","?","T","$","M","R","M","M","R","B",null,"M","?","M","$","M","R","E","R","T","M","M","$","T","M","R","B"],"character_chosen":"IRONCLAD","items_purchased":["Uppercut","True Grit","Dropkick","PreservedInsect","Good Instincts"],"campfire_rested":3,"item_purchase_floors":[4,4,10,21,29],"current_hp_per_floor":[66,67,64,64,49,27,48,48,48,48,49,70,72,67,67,58,69,44,44,55,55,55,55,50,50,50,40,50,50,50,52,72,0],"gold":10,"neow_bonus":"RANDOM_COLORLESS_2","is_prod":false,"is_daily":false,"chose_seed":false,"campfire_upgraded":3,"win_rate":0,"timestamp":1569812537,"path_taken":["M","M","M","$","M","E","R","?","T","?","M","R","M","M","R","BOSS","M","?","M","$","?","R","E","R","T","M","M","$","?","M","R","BOSS"],"build_version":"2019-09-27","purchased_purges":1,"victory":false,"max_hp_per_floor":[72,72,72,72,72,72,72,72,72,72,72,72,72,72,72,72,72,72,72,72,72,72,72,72,72,72,72,72,72,72,72,72,72],"card_choices":[{"not_picked":["HandOfGreed","Secret Technique"],"picked":"Secret Weapon","floor":0},{"not_picked":["Shockwave","Sword Boomerang"],"picked":"True Grit","floor":1},{"not_picked":["Thunderclap","Evolve"],"picked":"Pommel Strike","floor":2},{"not_picked":["Ghostly Armor","Fire Breathing"],"picked":"Body Slam","floor":3},{"not_picked":["Thunderclap","Clothesline"],"picked":"Anger","floor":5},{"not_picked":["Thunderclap","Fire Breathing"],"picked":"Offering","floor":6},{"not_picked":["Dual Wield","Warcry"],"picked":"Perfected Strike","floor":11},{"not_picked":["Flex","Sentinel"],"picked":"Cleave","floor":13},{"not_picked":["Pommel Strike","Bloodletting"],"picked":"Flame Barrier","floor":14},{"not_picked":["Bludgeon","Fiend Fire"],"picked":"Reaper","floor":16},{"not_picked":["Body Slam","Second Wind"],"picked":"Flex+1","floor":18},{"not_picked":["Flex+1","Headbutt"],"picked":"Iron Wave","floor":20},{"not_picked":["Sentinel+1","Perfected Strike"],"picked":"Shockwave","floor":22},{"not_picked":["Dark Embrace","Rupture"],"picked":"Anger+1","floor":24},{"not_picked":["True Grit","Dual Wield"],"picked":"Shrug It Off","floor":27},{"not_picked":["Body Slam","Twin Strike"],"picked":"Sever Soul","floor":28},{"not_picked":["Twin Strike","Infernal Blade"],"picked":"Feel No Pain","floor":31}],"player_experience":200642,"relics_obtained":[{"floor":6,"key":"Magic Flower"},{"floor":9,"key":"Paper Frog"},{"floor":19,"key":"MawBank"},{"floor":24,"key":"Blood Vial"},{"floor":26,"key":"Bag of Preparation"}],"event_choices":[{"damage_healed":0,"gold_gain":0,"player_choice":"1 cards matched","damage_taken":0,"max_hp_gain":0,"max_hp_loss":0,"event_name":"Match and Keep!","floor":8,"gold_loss":0,"cards_obtained":["Seeing Red"]},{"damage_healed":0,"gold_gain":0,"player_choice":"Relic","damage_taken":0,"max_hp_gain":0,"max_hp_loss":0,"event_name":"Wheel of Change","floor":19,"gold_loss":0}],"is_beta":true,"boss_relics":[{"not_picked":["Fusion Hammer","Ectoplasm"],"picked":"Astrolabe"}],"items_purged_floors":[21],"is_endless":false,"potions_floor_spawned":[3,5,13,14,22,27],"killed_by":"Champ","ascension_level":9}