{"gold_per_floor":[116,136,236,255,267,267,301,311,391,160,189,42,55,74,74,174,174,191,209,31,31,46,46,46,46,46,46,61,61,73,93,93,198,198,211,1,11,28,128,128,144,144,171,171,182,193,193,193,193,193],"floor_reached":51,"playtime":3533,"items_purged":["Strike_R"],"score":713,"play_id":"6784e015-67b6-47c6-af74-dc8e6723a699","local_time":"20190930184217","is_ascension_mode":false,"campfire_choices":[{"data":"Seeing Red","floor":6.0,"key":"SMITH"},{"floor":15,"key":"REST"},{"data":"Demon Form","floor":23,"key":"SMITH"},{"data":"Rage","floor":27,"key":"SMITH"},{"data":"Inflame","floor":29,"key":"SMITH"},{"data":"Enlightenment","floor":32,"key":"SMITH"},{"data":"Entrench","floor":40,"key":"SMITH"},{"data":"Double Tap","floor":44,"key":"SMITH"},{"data":"Rampage","floor":47,"key":"SMITH"},{"data":"Iron Wave","floor":49,"key":"SMITH"}],"neow_cost":"TEN_PERCENT_HP_LOSS","seed_source_timestamp":0,"circlet_count":0,"master_deck":["Strike_R+1","Strike_R+1","Defend_R+1","Defend_R+1","Defend_R+1","Defend_R+1","Bash","Searing Blow","Demon Form+1","Clothesline","Thunderclap","Seeing Red+1","Rampage+1","Anger","Flex","Enlightenment+1","Shockwave+1","Pommel Strike","Reaper","Iron Wave+1","Inflame+1","Entrench+1","Rage+1","Cleave","Iron Wave+1","Double Tap+1","Feed","Battle Trance","Body Slam","Seeing Red+1","Power Through+1","Body Slam+1","Sadistic Nature","Bandage Up","Parasite","Cleave+1"],"special_seed":0,"relics":["Burning Blood","Anchor","Matryoshka","Happy Flower","Champion Belt","Regal Pillow","Runic Cube","Boot","Pear","Meat on the Bone","Sozu","FossilizedHelix","Dream Catcher","War Paint"],"potions_floor_usage":[16,33,33,50],"damage_taken":[{"damage":0.0,"enemies":"Small Slimes","floor":1.0,"turns":3.0},{"damage":1.0,"enemies":"Cultist","floor":2.0,"turns":4.0},{"damage":12.0,"enemies":"Jaw Worm","floor":4.0,"turns":4.0},{"damage":24.0,"enemies":"Exordium Wildlife","floor":5.0,"turns":5.0},{"damage":27.0,"enemies":"Gremlin Nob","floor":7.0,"turns":5.0},{"damage":1.0,"enemies":"Red Slaver","floor":8.0,"turns":3.0},{"damage":31.0,"enemies":"3 Sentries","floor":11.0,"turns":6.0},{"damage":3.0,"enemies":"3 Louse","floor":13.0,"turns":3.0},{"damage":5,"enemies":"Lots of Slimes","floor":14,"turns":4},{"damage":0,"enemies":"Slime Boss","floor":16,"turns":4},{"damage":13,"enemies":"3 Byrds","floor":18,"turns":5},{"damage":19,"enemies":"Shell Parasite","floor":19,"turns":5},{"damage":3,"enemies":"Snecko","floor":22,"turns":5},{"damage":17,"enemies":"3 Cultists","floor":28,"turns":7},{"damage":6,"enemies":"Chosen and Byrds","floor":30,"turns":4},{"damage":11,"enemies":"Snake Plant","floor":31,"turns":4},{"damage":64,"enemies":"Collector","floor":33,"turns":7},{"damage":1,"enemies":"Orb Walker","floor":35,"turns":3},{"damage":34,"enemies":"3 Shapes","floor":37,"turns":4},{"damage":7,"enemies":"Transient","floor":38,"turns":5},{"damage":25,"enemies":"Mind Bloom Boss Battle","floor":39,"turns":5},{"damage":13,"enemies":"Maw","floor":41,"turns":7},{"damage":5,"enemies":"Writhing Mass","floor":45,"turns":4},{"damage":19,"enemies":"3 Darklings","floor":46,"turns":5},{"damage":62,"enemies":"Awakened One","floor":50,"turns":11}],"seed_played":"-613393877121812079","potions_obtained":[{"floor":5.0,"key":"Weak Potion"},{"floor":8.0,"key":"Dexterity Potion"},{"floor":11.0,"key":"Energy Potion"},{"floor":14,"key":"Fire Potion"},{"floor":22,"key":"Ancient Potion"}],"is_trial":false,"path_per_floor":["M","M","?","M","M","R","E","M","T","$","E","$","M","M","R","B",null,"M","M","$","?","M","R","$","?","T","R","M","R","M","M","R","B",null,"M","$","M","M","?","R","M","?","T","R","M","M","R","?","R","B",null],"character_chosen":"IRONCLAD","items_purchased":["Happy Flower","Enlightenment","Regal Pillow","Inflame","Entrench","Feed","Battle Trance"],"campfire_rested":1,"item_purchase_floors":[10,10,12,20,20,36,36],"current_hp_per_floor":[72,72,72,66,48,48,27,32,32,32,7,7,10,11,47,53,72,65,61,61,61,72,72,72,72,82,82,79,79,82,77,77,31,82,82,82,67,76,66,66,70,65,65,65,70,77,77,77,77,59],"gold":193,"neow_bonus":"TRANSFORM_TWO_CARDS","is_prod":false,"is_daily":false,"chose_seed":false,"campfire_upgraded":9,"win_rate":0.0,"timestamp":1569861737,"path_taken":["M","M","?","?","M","R","E","?","T","$","E","?","M","M","R","BOSS","M","M","?","?","?","R","?","?","T","R","M","R","M","?","R","BOSS","M","$","M","M","?","R","M","?","T","R","M","M","R","?","R","BOSS"],"build_version":"2019-07-17","purchased_purges":1,"victory":true,"max_hp_per_floor":[72,72,72,72,72,72,72,72,72,72,72,72,72,72,72,72,72,72,72,72,72,72,72,72,72,82,82,82,82,82,82,82,82,82,82,82,85,85,88,88,88,88,88,88,88,88,88,88,88,88],"card_choices":[{"not_picked":["Heavy Blade","Bloodletting"],"picked":"Clothesline","floor":1.0},{"not_picked":["Wild Strike","Headbutt"],"picked":"Thunderclap","floor":2.0},{"not_picked":["Dual Wield","Sentinel"],"picked":"Seeing Red","floor":4.0},{"not_picked":["Thunderclap","Clothesline"],"picked":"Rampage","floor":5.0},{"not_picked":["Blood for Blood","Shrug It Off"],"picked":"Anger","floor":7.0},{"not_picked":["Dual Wield","Shockwave"],"picked":"Flex","floor":8.0},{"not_picked":["Clash","Anger"],"picked":"Shockwave","floor":11.0},{"not_picked":["Dark Embrace","Thunderclap"],"picked":"Pommel Strike","floor":13.0},{"not_picked":["Anger","Clothesline","Wild Strike"],"picked":"SKIP","floor":14},{"not_picked":["Double Tap","Juggernaut"],"picked":"Reaper","floor":16},{"not_picked":["Rampage","Sever Soul","Sword Boomerang"],"picked":"SKIP","floor":18},{"not_picked":["Wild Strike","Corruption"],"picked":"Iron Wave","floor":19},{"not_picked":["Flame Barrier","Shrug It Off+1"],"picked":"Rage","floor":22},{"not_picked":["Entrench","Uppercut"],"picked":"Cleave","floor":28},{"not_picked":["Ghostly Armor","Thunderclap"],"picked":"Iron Wave+1","floor":30},{"not_picked":["Rage","Iron Wave","Wild Strike"],"picked":"SKIP","floor":31},{"not_picked":["Bludgeon","Feed"],"picked":"Double Tap","floor":33},{"not_picked":["Sword Boomerang","Warcry","Anger"],"picked":"SKIP","floor":35},{"not_picked":["Cleave","Sword Boomerang+1"],"picked":"Body Slam","floor":37},{"not_picked":["Battle Trance+1","Clash"],"picked":"Seeing Red","floor":38},{"not_picked":["Twin Strike","Immolate"],"picked":"Power Through+1","floor":39},{"not_picked":["Combust+1","Burning Pact"],"picked":"Body Slam+1","floor":41},{"not_picked":["Trip","Secret Technique"],"picked":"Sadistic Nature","floor":42},{"not_picked":["Trip","PanicButton"],"picked":"Bandage Up","floor":42},{"not_picked":["Iron Wave","Uppercut","Burning Pact+1"],"picked":"SKIP","floor":45},{"not_picked":["Shrug It Off","Corruption+1"],"picked":"Cleave+1","floor":46}],"player_experience":95407,"relics_obtained":[{"floor":7.0,"key":"Anchor"},{"floor":9.0,"key":"Matryoshka"},{"floor":11.0,"key":"Champion Belt"},{"floor":25,"key":"Boot"},{"floor":26,"key":"Pear"},{"floor":26,"key":"Meat on the Bone"},{"floor":39,"key":"FossilizedHelix"},{"floor":43,"key":"Dream Catcher"},{"floor":43,"key":"War Paint"}],"event_choices":[{"damage_healed":0.0,"max_hp_gain":0.0,"max_hp_loss":0.0,"gold_gain":100.0,"event_name":"Golden Shrine","player_choice":"Pray","floor":3.0,"gold_loss":0.0,"damage_taken":0.0},{"damage_healed":0,"gold_gain":0,"player_choice":"Simplicity","damage_taken":0,"max_hp_gain":0,"max_hp_loss":0,"event_name":"Back to Basics","floor":21,"gold_loss":0,"cards_upgraded":["Strike_R","Strike_R","Defend_R","Defend_R","Defend_R","Defend_R"]},{"damage_healed":0,"gold_gain":0,"player_choice":"Relic","damage_taken":0,"max_hp_gain":0,"max_hp_loss":0,"event_name":"Wheel of Change","floor":25,"gold_loss":0},{"damage_healed":0,"gold_gain":0,"player_choice":"Fight","damage_taken":0,"max_hp_gain":0,"max_hp_loss":0,"event_name":"MindBloom","floor":39,"gold_loss":0},{"damage_healed":0,"gold_gain":0,"player_choice":"Memory 2","damage_taken":5,"max_hp_gain":0,"max_hp_loss":0,"event_name":"SensoryStone","floor":42,"gold_loss":0},{"damage_healed":0,"gold_gain":0,"player_choice":"Got Potions","damage_taken":0,"max_hp_gain":0,"max_hp_loss":0,"event_name":"Lab","floor":48,"gold_loss":0}],"is_beta":false,"boss_relics":[{"not_picked":["Empty Cage","Coffee Dripper"],"picked":"Runic Cube"},{"not_picked":["Calling Bell","Lizard Tail"],"picked":"Sozu"}],"items_purged_floors":[20],"is_endless":false,"potions_floor_spawned":[5,8,11,14,22,28,30,31,35,39,45,46],"ascension_level":0}