{"gold_per_floor":[116,41,41,52,68,95,114,148,148,178,178,197,197,207,207,207],"floor_reached":16,"playtime":717,"items_purged":["Strike_R"],"score":244,"play_id":"72591bfa-984d-4a99-9ee6-11a48e820879","local_time":"20190820170910","is_ascension_mode":true,"campfire_choices":[{"data":"Uppercut","floor":15,"key":"SMITH"}],"neow_cost":"NONE","seed_source_timestamp":0,"circlet_count":0,"master_deck":["AscendersBane","Strike_R","Strike_R","Strike_R","Defend_R","Defend_R","Defend_R","Defend_R","Bash+1","Uppercut+1","True Grit","Rampage"],"special_seed":0,"relics":["Busted Crown","Vajra","Paper Frog","Bottled Lightning","Self Forming Clay","Pantograph"],"potions_floor_usage":[10,10,16],"damage_taken":[{"damage":2.0,"enemies":"Jaw Worm","floor":1.0,"turns":4.0},{"damage":0.0,"enemies":"Cultist","floor":4.0,"turns":3.0},{"damage":2.0,"enemies":"2 Louse","floor":5.0,"turns":3.0},{"damage":30.0,"enemies":"Lagavulin","floor":6.0,"turns":6.0},{"damage":6.0,"enemies":"Lots of Slimes","floor":7.0,"turns":4.0},{"damage":24.0,"enemies":"Gremlin Nob","floor":8.0,"turns":4.0},{"damage":14,"enemies":"3 Sentries","floor":10,"turns":10},{"damage":1,"enemies":"Blue Slaver","floor":12,"turns":3},{"damage":0,"enemies":"Exordium Thugs","floor":14,"turns":3},{"damage":29,"enemies":"Slime Boss","floor":16,"turns":6}],"seed_played":"-4366121867825793899","potions_obtained":[{"floor":1.0,"key":"Regen Potion"},{"floor":5.0,"key":"Dexterity Potion"},{"floor":8.0,"key":"Swift Potion"},{"floor":10,"key":"PowerPotion"}],"is_trial":false,"path_per_floor":["M","$","?","M","M","E","M","E","T","E","?","M","?","M","R","B"],"character_chosen":"IRONCLAD","items_purchased":[],"campfire_rested":0,"item_purchase_floors":[],"current_hp_per_floor":[66,66,66,66,64,48,42,18,18,4,4,3,3,3,3,0],"gold":207,"neow_bonus":"BOSS_RELIC","is_prod":false,"is_daily":false,"chose_seed":false,"campfire_upgraded":1,"win_rate":0,"timestamp":1566295750,"path_taken":["M","$","?","M","?","E","M","E","T","E","?","?","?","M","R","BOSS"],"build_version":"2019-08-15","purchased_purges":1,"victory":false,"max_hp_per_floor":[75,75,75,75,75,75,75,75,75,75,75,75,75,75,75,75],"card_choices":[{"not_picked":["Sentinel"],"picked":"SKIP","floor":1.0},{"not_picked":[],"picked":"Uppercut","floor":4.0},{"not_picked":[],"picked":"True Grit","floor":5.0},{"not_picked":["Twin Strike"],"picked":"SKIP","floor":6.0},{"not_picked":["Warcry"],"picked":"SKIP","floor":7.0},{"not_picked":["Sentinel"],"picked":"SKIP","floor":8.0},{"not_picked":["Headbutt"],"picked":"SKIP","floor":10},{"not_picked":[],"picked":"True Grit","floor":12},{"not_picked":["Twin Strike"],"picked":"SKIP","floor":14}],"player_experience":1072090,"relics_obtained":[{"floor":6.0,"key":"Vajra"},{"floor":8.0,"key":"Paper Frog"},{"floor":9.0,"key":"Bottled Lightning"},{"floor":10,"key":"Self Forming Clay"}],"event_choices":[{"damage_healed":0.0,"max_hp_gain":0.0,"max_hp_loss":0.0,"gold_gain":0.0,"event_name":"Accursed Blacksmith","player_choice":"Forge","floor":3.0,"gold_loss":0.0,"damage_taken":0.0,"cards_upgraded":["Bash"]},{"cards_removed":["True Grit"],"damage_healed":0,"gold_gain":0,"player_choice":"Gave Card","damage_taken":0,"relics_obtained":["Pantograph"],"max_hp_gain":0,"max_hp_loss":0,"event_name":"WeMeetAgain","floor":11,"gold_loss":0},{"damage_healed":0,"gold_gain":0,"cards_transformed":["Strike_R"],"player_choice":"Transformed","damage_taken":0,"max_hp_gain":0,"max_hp_loss":0,"event_name":"Transmorgrifier","floor":13,"gold_loss":0,"cards_obtained":["Rampage"]}],"is_beta":true,"boss_relics":[],"items_purged_floors":[2],"is_endless":false,"potions_floor_spawned":[1,5,8,10],"killed_by":"Slime Boss","ascension_level":20}