{"gold_per_floor":[111,111,128,147,167,197,197,231,254,266,266,293,368,33,33,110,160,170,190,203,203,220,245,245,245],"floor_reached":25,"playtime":1635,"items_purged":["Strike_G"],"score":486,"play_id":"baaca210-a5e7-4959-a71f-77d1deed08a6","local_time":"20190707184736","is_ascension_mode":true,"campfire_choices":[{"data":"Deadly Poison","floor":7.0,"key":"SMITH"},{"floor":11.0,"key":"REST"},{"floor":15,"key":"REST"},{"floor":24,"key":"REST"}],"neow_cost":"NONE","seed_source_timestamp":1546307667635971,"circlet_count":0,"master_deck":["AscendersBane","Strike_G","Strike_G","Strike_G","Defend_G","Defend_G","Defend_G","Defend_G","Defend_G","Survivor","Neutralize+1","Deadly Poison+1","Bane","Footwork","Sucker Punch","Dash+1","Envenom","Backflip","Crippling Poison","PiercingWail","Infinite Blades","Catalyst","Sucker Punch+1"],"special_seed":0,"relics":["Ring of the Snake","Art of War","Omamori","Centennial Puzzle","Snake Skull","Bag of Preparation","Tiny House","Orichalcum","Pen Nib"],"potions_floor_usage":[12,23,25],"damage_taken":[{"damage":1.0,"enemies":"Jaw Worm","floor":1.0,"turns":4.0},{"damage":1.0,"enemies":"Cultist","floor":3.0,"turns":4.0},{"damage":0.0,"enemies":"2 Louse","floor":4.0,"turns":4.0},{"damage":0.0,"enemies":"Blue Slaver","floor":5.0,"turns":5.0},{"damage":26.0,"enemies":"Gremlin Nob","floor":6.0,"turns":4.0},{"damage":1.0,"enemies":"Lagavulin","floor":8.0,"turns":6.0},{"damage":5.0,"enemies":"2 Fungi Beasts","floor":10.0,"turns":3.0},{"damage":19,"enemies":"Gremlin Nob","floor":12,"turns":4},{"damage":21,"enemies":"Slime Boss","floor":16,"turns":8},{"damage":12,"enemies":"Spheric Guardian","floor":18,"turns":4},{"damage":15,"enemies":"3 Byrds","floor":19,"turns":5},{"damage":8,"enemies":"Snecko","floor":20,"turns":5},{"damage":8,"enemies":"Centurion and Healer","floor":22,"turns":6},{"damage":14,"enemies":"Book of Stabbing","floor":23,"turns":6},{"damage":22,"enemies":"Slavers","floor":25,"turns":3}],"seed_played":"-4959264194908809278","potions_obtained":[{"floor":3.0,"key":"SmokeBomb"},{"floor":5.0,"key":"Fire Potion"},{"floor":8.0,"key":"Strength Potion"},{"floor":12,"key":"Block Potion"},{"floor":17,"key":"GhostInAJar"},{"floor":20,"key":"Fire Potion"}],"is_trial":false,"path_per_floor":["M","?","M","M","M","E","R","E","T","M","R","E","?","$","R","B",null,"M","M","M","?","M","E","R","E"],"character_chosen":"THE_SILENT","items_purchased":["Bag of Preparation","PiercingWail","Infinite Blades"],"campfire_rested":3,"item_purchase_floors":[14,14,14],"current_hp_per_floor":[58,58,57,57,57,31,31,30,30,25,44,25,14,14,33,12,58,46,31,23,23,15,1,22,0],"gold":245,"neow_bonus":"TRANSFORM_CARD","is_prod":false,"is_daily":false,"chose_seed":false,"campfire_upgraded":1,"win_rate":0,"timestamp":1562539656,"path_taken":["M","?","M","M","?","E","R","E","T","M","R","E","?","$","R","BOSS","M","M","M","?","M","E","R","E"],"build_version":"2019-07-05","purchased_purges":1,"victory":false,"max_hp_per_floor":[66,66,66,66,66,66,66,66,66,66,66,66,66,66,66,66,71,71,71,71,71,71,71,71,71],"card_choices":[{"not_picked":["Blade Dance","Deflect"],"picked":"Bane","floor":1.0},{"not_picked":["Backflip","Dagger Spray"],"picked":"Footwork","floor":3.0},{"not_picked":["Concentrate","Deflect"],"picked":"Sucker Punch","floor":4.0},{"not_picked":["Flying Knee","Acrobatics"],"picked":"Dash","floor":5.0},{"not_picked":["Catalyst","Bane"],"picked":"Envenom","floor":6.0},{"not_picked":["PiercingWail","Tactician"],"picked":"Backflip","floor":8.0},{"not_picked":["Acrobatics","Distraction","Setup"],"picked":"SKIP","floor":10.0},{"not_picked":["Doppelganger","Flechettes"],"picked":"Crippling Poison","floor":12},{"not_picked":["Slice","Dash"],"picked":"Catalyst","floor":17},{"not_picked":["Deflect","Prepared"],"picked":"Sucker Punch+1","floor":18},{"not_picked":["Prepared","Heel Hook","Outmaneuver"],"picked":"SKIP","floor":19},{"not_picked":["Blade Dance","Sucker Punch","Venomology"],"picked":"SKIP","floor":20},{"not_picked":["Poisoned Stab","Slice","Underhanded Strike"],"picked":"SKIP","floor":22},{"not_picked":["Tools of the Trade","Slice","Bane"],"picked":"SKIP","floor":23}],"player_experience":955399,"relics_obtained":[{"floor":6.0,"key":"Art of War"},{"floor":8.0,"key":"Omamori"},{"floor":9.0,"key":"Centennial Puzzle"},{"floor":12,"key":"Snake Skull"},{"floor":23,"key":"Pen Nib"}],"event_choices":[{"damage_healed":0.0,"max_hp_gain":0.0,"max_hp_loss":0.0,"gold_gain":0.0,"event_name":"Upgrade Shrine","player_choice":"Upgraded","floor":2.0,"gold_loss":0.0,"damage_taken":0.0,"cards_upgraded":["Neutralize"]},{"damage_healed":0,"gold_gain":75,"player_choice":"Gather Gold","damage_taken":11,"max_hp_gain":0,"max_hp_loss":0,"event_name":"World of Goop","floor":13,"gold_loss":0},{"damage_healed":0,"gold_gain":0,"player_choice":"Stole Relic","damage_taken":0,"relics_obtained":["Orichalcum"],"max_hp_gain":0,"max_hp_loss":0,"event_name":"Addict","floor":21,"gold_loss":0,"cards_obtained":["Shame"]}],"is_beta":false,"boss_relics":[{"not_picked":["Lizard Tail","White Beast Statue"],"picked":"Tiny House"}],"items_purged_floors":[14],"is_endless":false,"potions_floor_spawned":[3,5,8,12,18,20],"killed_by":"Slavers","ascension_level":20}