{"gold_per_floor":[110,121,121,133,152,152,122,156,182,182,211,222,222,11,11,82,82,97,113,93,108,108],"floor_reached":22,"playtime":1204,"items_purged":[],"score":446,"play_id":"e289e3d4-7147-474e-aba8-7719ba8fe3e5","local_time":"20190415172936","is_ascension_mode":true,"campfire_choices":[{"data":"Well Laid Plans","floor":6,"key":"SMITH"},{"data":"Glass Knife","floor":13,"key":"SMITH"},{"data":"Noxious Fumes","floor":15,"key":"SMITH"}],"neow_cost":"NONE","seed_source_timestamp":257939747969802,"circlet_count":0,"master_deck":["AscendersBane","Defend_G","Defend_G","Defend_G","Defend_G","Defend_G","Strike_G","Strike_G","Strike_G","Strike_G","Strike_G","Survivor","Neutralize","Endless Agony","Quick Slash","Cloak And Dagger","Well Laid Plans+1","Noxious Fumes+1","After Image","Glass Knife+1","Cloak And Dagger","Bouncing Flask","Malaise","Caltrops","Corpse Explosion","Deflect","Acrobatics","Cloak And Dagger","Backflip+1","Blade Dance","Poisoned Stab+1"],"relics":["Ring of the Snake","Boot","Bronze Scales","Ancient Tea Set","Orrery"],"potions_floor_usage":[11],"damage_taken":[{"damage":2,"enemies":"Cultist","floor":1,"turns":5},{"damage":0,"enemies":"2 Louse","floor":2,"turns":2},{"damage":0,"enemies":"Jaw Worm","floor":4,"turns":3},{"damage":1,"enemies":"Red Slaver","floor":5,"turns":3},{"damage":8,"enemies":"Exordium Thugs","floor":7,"turns":4},{"damage":9,"enemies":"3 Sentries","floor":8,"turns":9},{"damage":0,"enemies":"Lagavulin","floor":11,"turns":6},{"damage":0,"enemies":"Exordium Wildlife","floor":12,"turns":4},{"damage":11,"enemies":"Slime Boss","floor":16,"turns":9},{"damage":27,"enemies":"2 Thieves","floor":18,"turns":3},{"damage":6,"enemies":"Chosen","floor":19,"turns":6},{"damage":17,"enemies":"3 Cultists","floor":21,"turns":4},{"damage":10,"enemies":"Snake Plant","floor":22,"turns":2}],"seed_played":"1090387556525872618","potions_obtained":[{"floor":2,"key":"Weak Potion"},{"floor":3,"key":"AttackPotion"},{"floor":11,"key":"FairyPotion"},{"floor":16,"key":"LiquidBronze"},{"floor":19,"key":"Dexterity Potion"}],"is_trial":false,"path_per_floor":["M","M","?","M","M","R","M","E","T","?","E","M","R","$","R","B",null,"M","M","?","M","M"],"character_chosen":"THE_SILENT","items_purchased":["Malaise","Caltrops"],"campfire_rested":0,"item_purchase_floors":[14,14],"current_hp_per_floor":[57,57,57,57,56,56,48,39,39,39,39,39,39,39,39,28,57,30,24,24,7,0],"gold":108,"neow_bonus":"RANDOM_COMMON_RELIC","is_prod":false,"is_daily":false,"chose_seed":false,"campfire_upgraded":3,"win_rate":0,"timestamp":1555363776,"path_taken":["M","M","?","M","?","R","M","E","T","?","E","M","R","?","R","BOSS","M","M","?","M","?"],"build_version":"2019-01-23","purchased_purges":0,"victory":false,"max_hp_per_floor":[66,66,66,66,66,66,66,66,66,66,66,66,66,66,66,66,66,66,66,66,66,66],"card_choices":[{"not_picked":["Dagger Spray","Dodge and Roll"],"picked":"Endless Agony","floor":1},{"not_picked":["Dagger Throw","Heel Hook"],"picked":"Quick Slash","floor":2},{"not_picked":["Outmaneuver","Quick Slash"],"picked":"Cloak And Dagger","floor":4},{"not_picked":["PiercingWail","All Out Attack"],"picked":"Well Laid Plans","floor":5},{"not_picked":["Blade Dance","Acrobatics"],"picked":"Noxious Fumes","floor":7},{"not_picked":["Concentrate","Bane"],"picked":"After Image","floor":8},{"not_picked":["Dodge and Roll","Sucker Punch"],"picked":"Cloak And Dagger","floor":11},{"not_picked":["Quick Slash","Cloak And Dagger"],"picked":"Bouncing Flask","floor":12},{"not_picked":["Venomology","Phantasmal Killer"],"picked":"Corpse Explosion","floor":16},{"not_picked":["Acrobatics","Slice"],"picked":"Deflect","floor":17},{"not_picked":["Reflex","Prepared"],"picked":"Acrobatics","floor":17},{"not_picked":["Deflect","Dodge and Roll"],"picked":"Cloak And Dagger","floor":17},{"not_picked":["Cloak And Dagger","Underhanded Strike"],"picked":"Backflip+1","floor":18},{"not_picked":["Reflex","Outmaneuver"],"picked":"Blade Dance","floor":19},{"not_picked":["Dagger Throw","All Out Attack"],"picked":"Poisoned Stab+1","floor":21}],"player_experience":697558,"relics_obtained":[{"floor":9,"key":"Bronze Scales"},{"floor":11,"key":"Ancient Tea Set"}],"event_choices":[{"damage_healed":0,"gold_gain":0,"player_choice":"Got Potions","damage_taken":0,"max_hp_gain":0,"max_hp_loss":0,"event_name":"Lab","floor":3,"gold_loss":0},{"damage_healed":0,"gold_gain":0,"player_choice":"1 cards matched","damage_taken":0,"max_hp_gain":0,"max_hp_loss":0,"event_name":"Match and Keep!","floor":10,"gold_loss":0,"cards_obtained":["Glass Knife"]},{"damage_healed":0,"gold_gain":0,"player_choice":"Bought 1 Potion","damage_taken":0,"max_hp_gain":0,"max_hp_loss":0,"event_name":"The Woman in Blue","floor":20,"gold_loss":0}],"is_beta":false,"boss_relics":[{"not_picked":["Empty Cage","Lizard Tail"],"picked":"Orrery"}],"items_purged_floors":[],"is_endless":false,"potions_floor_spawned":[2,4,11,16,19],"killed_by":"Snake Plant","ascension_level":20}