{"gold_per_floor":[117,117,128,144,144,144,161,86,136,154,154,171,171,183,183,279,279,299,331,10,109,109,109,127,127,127,127,127,127,55,66,66,170,170,187,187,187,198,73,73,102,102,102,202,202,221,221,295,295,295],"floor_reached":51,"playtime":1814,"items_purged":["Strike_P","Strike_P","Decay"],"score":961,"play_id":"4f4d0c7d-60be-4914-bf3d-d1ee50336f98","local_time":"20190910024439","is_ascension_mode":false,"campfire_choices":[{"data":"Tantrum","floor":6,"key":"SMITH"},{"data":"Eruption","floor":11,"key":"SMITH"},{"data":"Protect","floor":13,"key":"SMITH"},{"data":"FlyingSleeves","floor":15,"key":"SMITH"},{"data":"DevaForm","floor":23,"key":"SMITH"},{"data":"MasterReality","floor":25,"key":"SMITH"},{"data":"SandsOfTime","floor":28,"key":"SMITH"},{"data":"Establishment","floor":32,"key":"SMITH"},{"data":"Fasting","floor":40,"key":"SMITH"},{"data":"Vigilance","floor":42,"key":"SMITH"},{"data":"WaveOfTheHand","floor":47,"key":"SMITH"},{"data":"Defend_P","floor":49,"key":"PURGE"}],"neow_cost":"NONE","seed_source_timestamp":310560749105086,"circlet_count":0,"master_deck":["Defend_P","Defend_P","Eruption+1","Vigilance+1","Tantrum+1","Protect+1","FlyingSleeves+1","DevaForm+1","WaveOfTheHand+1","SandsOfTime+1","MasterReality+1","Fasting+1","Establishment+1","WaveOfTheHand+1"],"relics":["Runic Dome","Ancient Tea Set","Pen Nib","SlaversCollar","Red Mask","Happy Flower","Darkstone Periapt","Nilry\u0027s Codex","Snecko Eye","Letter Opener","Pear","Peace Pipe","Singing Bowl"],"potions_floor_usage":[12,18,19,33,33,41,50,50],"damage_taken":[{"damage":11,"enemies":"Small Slimes","floor":1,"turns":4},{"damage":0,"enemies":"Cultist","floor":3,"turns":2},{"damage":17,"enemies":"Jaw Worm","floor":4,"turns":2},{"damage":0,"enemies":"Exordium Wildlife","floor":7,"turns":2},{"damage":0,"enemies":"2 Fungi Beasts","floor":10,"turns":2},{"damage":0,"enemies":"Gremlin Gang","floor":12,"turns":2},{"damage":0,"enemies":"Looter","floor":14,"turns":2},{"damage":0,"enemies":"Slime Boss","floor":16,"turns":4},{"damage":1,"enemies":"3 Byrds","floor":18,"turns":4},{"damage":0,"enemies":"Masked Bandits","floor":19,"turns":2},{"damage":0,"enemies":"Chosen","floor":24,"turns":3},{"damage":0,"enemies":"Centurion and Healer","floor":31,"turns":4},{"damage":0,"enemies":"Collector","floor":33,"turns":5},{"damage":0,"enemies":"Orb Walker","floor":35,"turns":3},{"damage":12,"enemies":"3 Shapes","floor":38,"turns":5},{"damage":0,"enemies":"Reptomancer","floor":41,"turns":3},{"damage":14,"enemies":"Mind Bloom Boss Battle","floor":44,"turns":4},{"damage":0,"enemies":"Writhing Mass","floor":46,"turns":4},{"damage":0,"enemies":"Awakened One","floor":50,"turns":8}],"seed_played":"8979896513010565926","potions_obtained":[{"floor":1,"key":"Strength Potion"},{"floor":10,"key":"LiquidBronze"},{"floor":16,"key":"Fire Potion"},{"floor":19,"key":"Block Potion"},{"floor":24,"key":"Ancient Potion"},{"floor":38,"key":"Explosive Potion"},{"floor":44,"key":"Dexterity Potion"},{"floor":46,"key":"SpeedPotion"}],"is_trial":false,"path_per_floor":["M","?","M","M","T","R","M","$","T","M","R","M","R","M","R","B",null,"M","?","$","?","?","R","M","R","T","?","R","?","$","M","R","B",null,"M","?","?","M","$","R","E","R","T","?","?","M","R","T","R","B",null],"character_chosen":"WATCHER","items_purchased":["Happy Flower","SandsOfTime","Establishment"],"campfire_rested":0,"item_purchase_floors":[20,20,30],"current_hp_per_floor":[54,54,54,37,37,37,37,37,37,37,37,37,37,37,37,37,65,64,64,64,64,64,64,64,64,64,64,64,48,48,48,48,48,65,65,65,71,59,59,59,59,59,69,55,55,55,55,55,55,55],"gold":295,"neow_bonus":"BOSS_RELIC","is_prod":false,"is_daily":false,"chose_seed":false,"campfire_upgraded":11,"win_rate":0.0,"timestamp":1568058279,"path_taken":["M","?","?","M","?","R","M","$","T","M","R","M","R","M","R","BOSS","M","?","$","?","?","R","?","R","T","?","R","?","?","M","R","BOSS","M","?","?","?","$","R","E","R","T","?","?","?","R","?","R","BOSS"],"build_version":"2019-09-09","purchased_purges":3,"victory":true,"max_hp_per_floor":[65,65,65,65,65,65,65,65,65,65,65,65,65,65,65,65,65,65,65,65,65,65,65,65,65,65,65,65,65,65,65,65,65,65,65,65,71,71,71,71,71,71,81,81,81,81,81,81,81,81],"card_choices":[{"not_picked":["Collect","CarveReality","EmptyBody"],"picked":"SKIP","floor":1},{"not_picked":["Sanctity","Crescendo","EmptyBody"],"picked":"SKIP","floor":3},{"not_picked":["EmptyFist","CutThroughFate","Sanctity"],"picked":"SKIP","floor":4},{"not_picked":["EmptyFist","Adaptation","TalkToTheHand"],"picked":"SKIP","floor":7},{"not_picked":["BowlingBash","Scrawl"],"picked":"Protect","floor":10},{"not_picked":["FollowUp","Vengeance","CarveReality"],"picked":"SKIP","floor":12},{"not_picked":["EmptyBody","Protect"],"picked":"FlyingSleeves","floor":14},{"not_picked":["Brilliance","Ragnarok"],"picked":"DevaForm","floor":16},{"not_picked":["FollowUp","Consecrate","Weave+1"],"picked":"SKIP","floor":18},{"not_picked":["Weave+1","Evaluate"],"picked":"WaveOfTheHand+1","floor":19},{"not_picked":["Protect","EmptyMind"],"picked":"MasterReality","floor":24},{"not_picked":["Conclude","EmptyFist","Crescendo"],"picked":"SKIP","floor":31},{"not_picked":["Consecrate+1","Fasting+1","Halt"],"picked":"SKIP","floor":35},{"not_picked":["Establishment","Halt+1","FollowUp+1"],"picked":"SKIP","floor":38},{"not_picked":["CutThroughFate+1","Tantrum+1","Protect"],"picked":"SKIP","floor":41},{"not_picked":["BowlingBash+1","SpiritShield","EmptyBody+1"],"picked":"SKIP","floor":46}],"player_experience":1082846,"relics_obtained":[{"floor":5,"key":"Ancient Tea Set"},{"floor":9,"key":"Pen Nib"},{"floor":19,"key":"Red Mask"},{"floor":26,"key":"Darkstone Periapt"},{"floor":29,"key":"Nilry\u0027s Codex"},{"floor":41,"key":"Letter Opener"},{"floor":43,"key":"Pear"},{"floor":44,"key":"Peace Pipe"},{"floor":48,"key":"Singing Bowl"}],"event_choices":[{"damage_healed":0,"gold_gain":0,"cards_transformed":["Defend_P"],"player_choice":"Transformed","damage_taken":0,"max_hp_gain":0,"max_hp_loss":0,"event_name":"Transmorgrifier","floor":2,"gold_loss":0,"cards_obtained":["Tantrum"]},{"damage_healed":0,"gold_gain":0,"player_choice":"Fought Bandits","damage_taken":0,"max_hp_gain":0,"max_hp_loss":0,"event_name":"Masked Bandits","floor":19,"gold_loss":0},{"damage_healed":0,"gold_gain":99,"player_choice":"Stole From Cult","damage_taken":0,"max_hp_gain":0,"max_hp_loss":0,"event_name":"Nest","floor":21,"gold_loss":0},{"damage_healed":0,"gold_gain":0,"player_choice":"Ignored","damage_taken":0,"max_hp_gain":0,"max_hp_loss":0,"event_name":"NoteForYourself","floor":22,"gold_loss":0},{"damage_healed":0,"gold_gain":0,"player_choice":"Read","damage_taken":0,"max_hp_gain":0,"max_hp_loss":0,"event_name":"The Library","floor":27,"gold_loss":0,"cards_obtained":["Fasting"]},{"damage_healed":0,"gold_gain":0,"player_choice":"Obtained Book","damage_taken":16,"max_hp_gain":0,"max_hp_loss":0,"event_name":"Cursed Tome","floor":29,"gold_loss":0},{"cards_removed":["Strike_P"],"damage_healed":0,"gold_gain":0,"player_choice":"Removed Attack","damage_taken":0,"max_hp_gain":0,"max_hp_loss":0,"event_name":"Falling","floor":36,"gold_loss":0},{"damage_healed":0,"gold_gain":0,"player_choice":"Cursed","damage_taken":0,"max_hp_gain":0,"max_hp_loss":0,"event_name":"Wheel of Change","floor":37,"gold_loss":0,"cards_obtained":["Decay"]},{"damage_healed":0,"gold_gain":0,"player_choice":"Fight","damage_taken":0,"max_hp_gain":0,"max_hp_loss":0,"event_name":"MindBloom","floor":44,"gold_loss":0},{"damage_healed":0,"gold_gain":0,"cards_transformed":["Strike_P"],"player_choice":"Transformed","damage_taken":0,"max_hp_gain":0,"max_hp_loss":0,"event_name":"Transmorgrifier","floor":45,"gold_loss":0,"cards_obtained":["WaveOfTheHand"]}],"is_beta":true,"boss_relics":[{"not_picked":["Runic Pyramid","Ectoplasm"],"picked":"SlaversCollar"},{"not_picked":["SacredBark","Astrolabe"],"picked":"Snecko Eye"}],"items_purged_floors":[8,20,39],"is_endless":false,"potions_floor_spawned":[1,10,16,19,24,38,44,46],"ascension_level":0}