{"gold_per_floor":[115,27,47,62,76,76,103,103,103,103,130,205,205,48,48,146,146,169,84,9,9,9,9,42,42,42,75,87,123,151,163],"floor_reached":31,"playtime":1433,"items_purged":[],"score":522,"play_id":"639ea5d5-1f5b-49a7-b01e-963f714aacb3","local_time":"20190403175539","is_ascension_mode":true,"campfire_choices":[{"data":"Glass Knife","floor":6,"key":"SMITH"},{"data":"Envenom","floor":8,"key":"SMITH"},{"floor":10,"key":"REST"},{"data":"Malaise","floor":15,"key":"SMITH"},{"data":"Wraith Form v2","floor":23,"key":"SMITH"},{"data":"Well Laid Plans","floor":25,"key":"SMITH"}],"neow_cost":"TEN_PERCENT_HP_LOSS","seed_source_timestamp":505292855267649,"circlet_count":0,"master_deck":["AscendersBane","Defend_G","Defend_G","Defend_G","Defend_G","Defend_G","Strike_G","Strike_G","Strike_G","Survivor","Neutralize","Envenom+1","Glass Knife+1","Cloak And Dagger","Footwork","Footwork","Dagger Spray","Cloak And Dagger","Escape Plan","Malaise+1","Wraith Form v2+1","Backflip","Well Laid Plans+1","Envenom+1","Dagger Spray"],"relics":["Ring of the Snake","Darkstone Periapt","Sundial","Golden Idol","Busted Crown","Ancient Tea Set","Lantern","MawBank"],"potions_floor_usage":[7,11,16,18],"damage_taken":[{"damage":0,"enemies":"2 Louse","floor":1,"turns":2},{"damage":0,"enemies":"Small Slimes","floor":3,"turns":4},{"damage":8,"enemies":"Jaw Worm","floor":4,"turns":6},{"damage":2,"enemies":"3 Louse","floor":5,"turns":3},{"damage":29,"enemies":"Gremlin Nob","floor":7,"turns":4},{"damage":8,"enemies":"Lagavulin","floor":11,"turns":7},{"damage":12,"enemies":"The Guardian","floor":16,"turns":17},{"damage":7,"enemies":"2 Thieves","floor":18,"turns":5},{"damage":10,"enemies":"Book of Stabbing","floor":24,"turns":8},{"damage":0,"enemies":"Chosen","floor":27,"turns":6},{"damage":0,"enemies":"Centurion and Healer","floor":29,"turns":6},{"damage":3,"enemies":"Shelled Parasite and Fungi","floor":30,"turns":6},{"damage":25,"enemies":"3 Cultists","floor":31,"turns":3}],"seed_played":"-1974341528484413431","potions_obtained":[{"floor":4,"key":"Strength Potion"},{"floor":7,"key":"FearPotion"},{"floor":11,"key":"Strength Potion"},{"floor":16,"key":"Explosive Potion"},{"floor":27,"key":"Dexterity Potion"}],"is_trial":false,"path_per_floor":["M","$","M","M","M","R","E","R","T","R","E","?","?","$","R","B",null,"M","?","$","?","?","R","E","R","T","M","$","M","M","M"],"character_chosen":"THE_SILENT","items_purchased":["Footwork","Malaise","Well Laid Plans"],"campfire_rested":1,"item_purchase_floors":[2,14,20],"current_hp_per_floor":[59,59,59,51,49,49,20,20,20,38,30,19,19,19,19,7,42,35,35,35,35,35,35,25,25,25,25,25,25,22,0],"gold":163,"neow_bonus":"TRANSFORM_TWO_CARDS","is_prod":false,"is_daily":false,"chose_seed":false,"campfire_upgraded":5,"win_rate":0,"timestamp":1554328539,"path_taken":["M","$","M","M","M","R","E","R","T","R","E","?","?","$","R","BOSS","M","?","$","?","?","R","E","R","T","M","$","M","?","M"],"build_version":"2019-01-23","purchased_purges":0,"victory":false,"max_hp_per_floor":[60,60,60,60,60,60,60,60,60,60,60,60,54,54,54,54,54,54,54,54,54,54,54,54,54,54,54,54,54,54,54],"card_choices":[{"not_picked":["Flechettes","Slice"],"picked":"Cloak And Dagger","floor":1},{"not_picked":["Expertise","Noxious Fumes"],"picked":"Footwork","floor":3},{"not_picked":["Underhanded Strike","Blade Dance"],"picked":"Dagger Spray","floor":4},{"not_picked":["Terror","Blade Dance","Tools of the Trade"],"picked":"SKIP","floor":5},{"not_picked":["Outmaneuver","Underhanded Strike"],"picked":"Cloak And Dagger","floor":7},{"not_picked":["Acrobatics","Dagger Throw"],"picked":"Escape Plan","floor":11},{"not_picked":["Storm of Steel","Bullet Time"],"picked":"Wraith Form v2","floor":16},{"not_picked":[],"picked":"Backflip","floor":18},{"not_picked":["Flying Knee"],"picked":"SKIP","floor":24},{"not_picked":["Prepared"],"picked":"SKIP","floor":27},{"not_picked":[],"picked":"Dagger Spray","floor":29},{"not_picked":["Sucker Punch"],"picked":"SKIP","floor":30}],"player_experience":642724,"relics_obtained":[{"floor":7,"key":"Darkstone Periapt"},{"floor":11,"key":"Sundial"},{"floor":24,"key":"Lantern"},{"floor":26,"key":"MawBank"}],"event_choices":[{"damage_healed":0,"gold_gain":75,"player_choice":"Gather Gold","damage_taken":11,"max_hp_gain":0,"max_hp_loss":0,"event_name":"World of Goop","floor":12,"gold_loss":0},{"damage_healed":0,"gold_gain":0,"player_choice":"Lose Max HP","damage_taken":0,"relics_obtained":["Golden Idol"],"max_hp_gain":0,"max_hp_loss":6,"event_name":"Golden Idol","floor":13,"gold_loss":0},{"damage_healed":0,"gold_gain":0,"player_choice":"Obtained Relic","damage_taken":0,"relics_obtained":["Ancient Tea Set"],"max_hp_gain":0,"max_hp_loss":0,"event_name":"Addict","floor":19,"gold_loss":85},{"damage_healed":0,"gold_gain":0,"player_choice":"Ignored","damage_taken":0,"max_hp_gain":0,"max_hp_loss":0,"event_name":"The Mausoleum","floor":21,"gold_loss":0},{"damage_healed":0,"gold_gain":0,"player_choice":"Copied","damage_taken":0,"max_hp_gain":0,"max_hp_loss":0,"event_name":"Duplicator","floor":22,"gold_loss":0,"cards_obtained":["Envenom"]}],"is_beta":false,"boss_relics":[{"not_picked":["Velvet Choker","HoveringKite"],"picked":"Busted Crown"}],"items_purged_floors":[],"is_endless":false,"potions_floor_spawned":[4,7,11,16,27],"killed_by":"3 Cultists","ascension_level":20}