{"gold_per_floor":[109,124,48,123,88,118,118,151,177,205,221,58,88,102,102,102],"floor_reached":16,"playtime":511,"items_purged":[],"score":306,"play_id":"73bc4b88-0e09-47ce-a827-f7f732de6edf","local_time":"20190403172030","is_ascension_mode":true,"campfire_choices":[{"data":"Sunder","floor":7,"key":"SMITH"},{"floor":15,"key":"REST"}],"neow_cost":"NONE","seed_source_timestamp":504106388204597,"circlet_count":0,"master_deck":["AscendersBane","Strike_B","Strike_B","Strike_B","Strike_B","Defend_B","Defend_B","Defend_B+1","Defend_B","Zap","Dualcast","Conserve Battery","Sunder+1","Coolheaded+1","Electrodynamics","Conserve Battery","Coolheaded","Conserve Battery"],"relics":["Cracked Core","NeowsBlessing","Blood Vial","Thread and Needle","Unceasing Top","War Paint","Mercury Hourglass"],"potions_floor_usage":[8,10,13],"damage_taken":[{"damage":0,"enemies":"Cultist","floor":1,"turns":1},{"damage":0,"enemies":"2 Louse","floor":2,"turns":1},{"damage":0,"enemies":"3 Sentries","floor":6,"turns":1},{"damage":8,"enemies":"Gremlin Nob","floor":8,"turns":3},{"damage":15,"enemies":"Lagavulin","floor":10,"turns":6},{"damage":0,"enemies":"Jaw Worm","floor":11,"turns":4},{"damage":53,"enemies":"Gremlin Nob","floor":13,"turns":5},{"damage":0,"enemies":"Exordium Wildlife","floor":14,"turns":2},{"damage":27,"enemies":"Hexaghost","floor":16,"turns":9}],"seed_played":"578960269673331763","potions_obtained":[{"floor":2,"key":"Poison Potion"},{"floor":8,"key":"PowerPotion"},{"floor":11,"key":"Block Potion"}],"is_trial":false,"path_per_floor":["M","M","$","?","?","E","R","E","T","E","M","$","E","M","R","B"],"character_chosen":"DEFECT","items_purchased":["Sunder","War Paint"],"campfire_rested":1,"item_purchase_floors":[3,12],"current_hp_per_floor":[64,64,64,53,70,70,70,63,63,50,52,52,1,3,24,0],"gold":102,"neow_bonus":"THREE_ENEMY_KILL","is_prod":false,"is_daily":false,"chose_seed":false,"campfire_upgraded":1,"win_rate":0,"timestamp":1554326430,"path_taken":["M","M","?","?","?","E","R","E","T","E","?","$","E","?","R","BOSS"],"build_version":"2019-01-23","purchased_purges":0,"victory":false,"max_hp_per_floor":[71,71,71,71,71,71,71,71,71,71,71,71,71,71,71,71],"card_choices":[{"not_picked":["Compile Driver","Genetic Algorithm"],"picked":"Conserve Battery","floor":1},{"not_picked":["Stack","Turbo","Redo"],"picked":"SKIP","floor":2},{"not_picked":["Go for the Eyes","Fusion"],"picked":"Coolheaded","floor":6},{"not_picked":["Ball Lightning","Streamline"],"picked":"Electrodynamics","floor":8},{"not_picked":["Melter","All For One"],"picked":"Conserve Battery","floor":10},{"not_picked":["Steam","Gash"],"picked":"Coolheaded","floor":11},{"not_picked":["Double Energy","Barrage","Streamline"],"picked":"SKIP","floor":13},{"not_picked":["Machine Learning","Hello World"],"picked":"Conserve Battery","floor":14}],"player_experience":641568,"relics_obtained":[{"floor":6,"key":"Blood Vial"},{"floor":8,"key":"Thread and Needle"},{"floor":10,"key":"Unceasing Top"},{"floor":13,"key":"Mercury Hourglass"}],"event_choices":[{"damage_healed":0,"gold_gain":75,"player_choice":"Gather Gold","damage_taken":11,"max_hp_gain":0,"max_hp_loss":0,"event_name":"World of Goop","floor":4,"gold_loss":0},{"damage_healed":17,"gold_gain":0,"player_choice":"Healed","damage_taken":0,"max_hp_gain":0,"max_hp_loss":0,"event_name":"The Cleric","floor":5,"gold_loss":35}],"is_beta":false,"boss_relics":[],"items_purged_floors":[],"is_endless":false,"potions_floor_spawned":[2,8,11],"killed_by":"Hexaghost","ascension_level":20}