{"gold_per_floor":[112,125,125,145,168,193,193,221,244,244,201,201,234,234,234,305,305,321,291,308,73,98,98,130,142,211,161,173,184,198,208,208,208],"floor_reached":33,"playtime":1815,"items_purged":["Strike_G","Strike_G"],"score":574,"play_id":"a5e52222-71e9-4a17-bbbc-accca7408af8","local_time":"20190403171149","is_ascension_mode":true,"campfire_choices":[{"floor":7,"key":"REST"},{"floor":10,"key":"REST"},{"data":"Noxious Fumes","floor":12,"key":"SMITH"},{"floor":15,"key":"REST"},{"data":"Crippling Poison","floor":23,"key":"SMITH"},{"floor":32,"key":"REST"}],"neow_cost":"PERCENT_DAMAGE","seed_source_timestamp":502281078915018,"circlet_count":0,"master_deck":["AscendersBane","Defend_G+1","Defend_G","Defend_G","Defend_G","Defend_G","Strike_G","Survivor+1","Neutralize+1","Adrenaline","Dodge and Roll","Bouncing Flask","Noxious Fumes+1","Quick Slash+1","Poisoned Stab+1","After Image","Crippling Poison+1","Leg Sweep","Night Terror","Acrobatics","Backflip","Adrenaline"],"relics":["Ring of the Snake","Bag of Marbles","Bottled Lightning","Molten Egg 2","Art of War","Ancient Tea Set","Empty Cage","Snake Skull","Smiling Mask","War Paint","Mummified Hand"],"potions_floor_usage":[6,8,16,24,31,33,33],"damage_taken":[{"damage":3,"enemies":"Small Slimes","floor":1,"turns":4},{"damage":3,"enemies":"Jaw Worm","floor":2,"turns":6},{"damage":0,"enemies":"2 Louse","floor":4,"turns":3},{"damage":25,"enemies":"Lagavulin","floor":6,"turns":7},{"damage":23,"enemies":"Gremlin Nob","floor":8,"turns":4},{"damage":5,"enemies":"Exordium Thugs","floor":11,"turns":5},{"damage":16,"enemies":"Lagavulin","floor":13,"turns":5},{"damage":21,"enemies":"The Guardian","floor":16,"turns":10},{"damage":6,"enemies":"Shell Parasite","floor":18,"turns":5},{"damage":2,"enemies":"3 Byrds","floor":20,"turns":4},{"damage":1,"enemies":"Gremlin Leader","floor":24,"turns":6},{"damage":12,"enemies":"Centurion and Healer","floor":25,"turns":7},{"damage":16,"enemies":"Snake Plant","floor":28,"turns":5},{"damage":0,"enemies":"3 Cultists","floor":29,"turns":4},{"damage":0,"enemies":"Centurion and Healer","floor":30,"turns":5},{"damage":7,"enemies":"Cultist and Chosen","floor":31,"turns":6},{"damage":34,"enemies":"Automaton","floor":33,"turns":8}],"seed_played":"8740917277206148121","potions_obtained":[{"floor":2,"key":"GhostInAJar"},{"floor":4,"key":"Ancient Potion"},{"floor":6,"key":"PowerPotion"},{"floor":8,"key":"SpeedPotion"},{"floor":16,"key":"SkillPotion"},{"floor":19,"key":"Energy Potion"},{"floor":24,"key":"PowerPotion"},{"floor":31,"key":"Energy Potion"}],"is_trial":false,"path_per_floor":["M","M","?","M","T","E","R","E","T","R","M","R","E","?","R","B",null,"M","?","M","$","T","R","E","M","T","$","M","M","M","M","R","B"],"character_chosen":"THE_SILENT","items_purchased":["Snake Skull"],"campfire_rested":4,"item_purchase_floors":[21],"current_hp_per_floor":[41,38,38,38,38,13,32,9,9,28,23,23,7,7,26,5,51,45,45,43,43,43,43,42,30,30,30,14,14,14,7,26,0],"gold":208,"neow_bonus":"THREE_RARE_CARDS","is_prod":false,"is_daily":false,"chose_seed":false,"campfire_upgraded":2,"win_rate":0,"timestamp":1554325909,"path_taken":["M","M","?","M","?","E","R","E","T","R","M","R","E","?","R","BOSS","M","?","M","$","?","R","E","?","T","$","M","M","M","M","R","BOSS"],"build_version":"2019-01-23","purchased_purges":2,"victory":false,"max_hp_per_floor":[66,66,66,66,66,66,66,66,66,66,66,66,66,66,66,66,66,66,66,66,66,66,66,66,66,66,66,66,66,66,66,66,66],"card_choices":[{"not_picked":["A Thousand Cuts","Unload"],"picked":"Adrenaline","floor":0},{"not_picked":["Backflip","Prepared","Distraction"],"picked":"SKIP","floor":1},{"not_picked":["Accuracy","Blur"],"picked":"Dodge and Roll","floor":2},{"not_picked":["Underhanded Strike","Escape Plan"],"picked":"Bouncing Flask","floor":4},{"not_picked":["Slice","Bane","Flying Knee"],"picked":"SKIP","floor":6},{"not_picked":["Quick Slash","PiercingWail"],"picked":"Noxious Fumes","floor":8},{"not_picked":["Backflip","Slice+1"],"picked":"Quick Slash+1","floor":11},{"not_picked":["Unload+1","Sucker Punch+1"],"picked":"Poisoned Stab+1","floor":13},{"not_picked":["Wraith Form v2","Envenom"],"picked":"After Image","floor":16},{"not_picked":["Blade Dance","Backflip"],"picked":"Crippling Poison","floor":18},{"not_picked":["Catalyst","Dagger Throw+1"],"picked":"Leg Sweep","floor":20},{"not_picked":["Prepared+1","Blur"],"picked":"Night Terror","floor":24},{"not_picked":["Quick Slash+1","Cloak And Dagger"],"picked":"Acrobatics","floor":25},{"not_picked":["Prepared","Accuracy+1"],"picked":"Backflip","floor":28},{"not_picked":["Distraction","Dagger Spray+1","Riddle With Holes+1"],"picked":"SKIP","floor":29},{"not_picked":["Masterful Stab+1","Eviscerate+1","Dagger Throw+1"],"picked":"SKIP","floor":30},{"not_picked":["Expertise+1","Cloak And Dagger"],"picked":"Adrenaline","floor":31}],"player_experience":639753,"relics_obtained":[{"floor":5,"key":"Bag of Marbles"},{"floor":6,"key":"Bottled Lightning"},{"floor":8,"key":"Molten Egg 2"},{"floor":9,"key":"Art of War"},{"floor":13,"key":"Ancient Tea Set"},{"floor":22,"key":"Smiling Mask"},{"floor":24,"key":"War Paint"},{"floor":26,"key":"Mummified Hand"}],"event_choices":[{"damage_healed":0,"gold_gain":0,"player_choice":"Grow","damage_taken":0,"max_hp_gain":0,"max_hp_loss":0,"event_name":"Living Wall","floor":3,"gold_loss":0,"cards_upgraded":["Neutralize"]},{"damage_healed":0,"gold_gain":0,"player_choice":"Ignored","damage_taken":0,"max_hp_gain":0,"max_hp_loss":0,"event_name":"Shining Light","floor":14,"gold_loss":0},{"damage_healed":0,"gold_gain":0,"player_choice":"Bought 2 Potions","damage_taken":0,"max_hp_gain":0,"max_hp_loss":0,"event_name":"The Woman in Blue","floor":19,"gold_loss":0}],"is_beta":false,"boss_relics":[{"not_picked":["Busted Crown","WristBlade"],"picked":"Empty Cage"}],"items_purged_floors":[21,27],"is_endless":false,"potions_floor_spawned":[2,4,6,8,16,18,24,29,31],"killed_by":"Automaton","ascension_level":20}