{"gold_per_floor":[114,129,129,9,24,54,69,99,99,99,114,114,5,35,35,135,135,150,249,264,279,83,113,113,143,143,143,3,18,33,63,63,163,163,178,193,208,208,223,253,253,283,308,320,362,11,0,0,0,0],"floor_reached":51,"playtime":2247,"items_purged":[],"score":1338,"play_id":"f754ca82-e460-4579-9eb8-4a1f57235c9e","local_time":"20180922150905","daily_mods":["Brewmaster","Elite Swarm","Uncertain Future"],"is_ascension_mode":false,"campfire_choices":[{"data":"Limit Break","floor":10.0,"key":"SMITH"},{"data":"Inflame","floor":12.0,"key":"SMITH"},{"data":"Shrug It Off","floor":15.0,"key":"SMITH"},{"data":"Flex","floor":24.0,"key":"SMITH"},{"data":"Whirlwind","floor":27.0,"key":"SMITH"},{"data":"Offering","floor":32.0,"key":"SMITH"},{"data":"Shrug It Off","floor":41.0,"key":"SMITH"},{"data":"Demon Form","floor":44,"key":"SMITH"},{"data":"Apotheosis","floor":49,"key":"SMITH"}],"neow_cost":"","seed_source_timestamp":0,"circlet_count":0,"master_deck":["Strike_R","Strike_R","Strike_R+1","Strike_R+1","Strike_R","Defend_R","Defend_R","Defend_R","Defend_R","Bash","Venomology","Venomology","Venomology","Venomology","Venomology","Heavy Blade","Dropkick","Shrug It Off+1","Inflame+1","Pummel","Double Tap","Battle Trance","Limit Break+1","Whirlwind+1","Flame Barrier","Brutality","Double Tap","Infernal Blade","Flex+1","Headbutt+1","Shrug It Off+1","Immolate+1","Bludgeon","Limit Break","Impatience","Evolve+1","Spot Weakness","Offering+1","Double Tap","Warcry+1","Twin Strike","Warcry+1","Pain","Shrug It Off+1","Impervious","Demon Form+1","Double Tap","Flex","Apotheosis+1","Blind","Shockwave"],"special_seed":17796,"relics":["Burning Blood","White Beast Statue","Happy Flower","FossilizedHelix","Ginger","Ornamental Fan","Runic Dome","Anchor","The Courier","PreservedInsect","Bag of Marbles","Bronze Scales","Coffee Dripper","WarpedTongs","Pen Nib","Oddly Smooth Stone","MawBank","Whetstone","Red Mask","Pantograph"],"potions_floor_usage":[42,42,42,42,45,45,45,50,50,50,50,50,50,50,50,50],"damage_taken":[{"damage":3.0,"enemies":"Small Slimes","floor":1.0,"turns":5.0},{"damage":9.0,"enemies":"2 Louse","floor":2.0,"turns":5.0},{"damage":0.0,"enemies":"Cultist","floor":5.0,"turns":3.0},{"damage":0.0,"enemies":"Gremlin Nob","floor":6.0,"turns":3.0},{"damage":16.0,"enemies":"Red Slaver","floor":7.0,"turns":4.0},{"damage":18.0,"enemies":"3 Sentries","floor":8.0,"turns":6.0},{"damage":0.0,"enemies":"Looter","floor":11.0,"turns":2.0},{"damage":0.0,"enemies":"Lagavulin","floor":14.0,"turns":4.0},{"damage":0.0,"enemies":"The Guardian","floor":16.0,"turns":8.0},{"damage":0.0,"enemies":"2 Thieves","floor":18.0,"turns":4.0},{"damage":0.0,"enemies":"Spheric Guardian","floor":20.0,"turns":3.0},{"damage":0.0,"enemies":"3 Cultists","floor":21.0,"turns":4.0},{"damage":0.0,"enemies":"Gremlin Leader","floor":23.0,"turns":6.0},{"damage":0.0,"enemies":"Slavers","floor":25.0,"turns":3.0},{"damage":1.0,"enemies":"Centurion and Healer","floor":29.0,"turns":6.0},{"damage":3.0,"enemies":"Shelled Parasite and Fungi","floor":30.0,"turns":4.0},{"damage":0.0,"enemies":"Book of Stabbing","floor":31.0,"turns":4.0},{"damage":0.0,"enemies":"Collector","floor":33.0,"turns":5.0},{"damage":0.0,"enemies":"Orb Walker","floor":35.0,"turns":2.0},{"damage":0.0,"enemies":"3 Darklings","floor":36.0,"turns":1.0},{"damage":0.0,"enemies":"Transient","floor":37.0,"turns":5.0},{"damage":14.0,"enemies":"Sphere and 2 Shapes","floor":39.0,"turns":1.0},{"damage":0.0,"enemies":"Nemesis","floor":40.0,"turns":3.0},{"damage":0,"enemies":"Giant Head","floor":42,"turns":6},{"damage":0,"enemies":"2 Orb Walkers","floor":45,"turns":3},{"damage":10,"enemies":"Donu and Deca","floor":50,"turns":3}],"seed_played":"3287130768063123955","potions_obtained":[{"floor":1.0,"key":"AttackPotion"},{"floor":6.0,"key":"BloodPotion"},{"floor":7.0,"key":"GamblersBrew"},{"floor":11.0,"key":"AttackPotion"},{"floor":16.0,"key":"Fire Potion"},{"floor":18.0,"key":"AttackPotion"},{"floor":25.0,"key":"Energy Potion"},{"floor":31.0,"key":"LiquidBronze"},{"floor":33.0,"key":"Explosive Potion"},{"floor":35.0,"key":"Block Potion"},{"floor":36.0,"key":"PowerPotion"},{"floor":39.0,"key":"EntropicBrew"},{"floor":40.0,"key":"PowerPotion"},{"floor":45,"key":"Explosive Potion"}],"is_trial":false,"path_per_floor":["M","M","?","$","M","E","M","E","T","R","M","R","$","E","R","B",null,"M","?","M","M","$","E","R","E","T","R","$","M","M","E","R","B",null,"M","M","M","?","M","E","R","E","T","R","E","$","?","T","R","B"],"character_chosen":"IRONCLAD","items_purchased":["Shrug It Off","Inflame","Whirlwind","Flame Barrier","Anchor","Shrug It Off","Limit Break","Impatience","Flex","Apotheosis","Blind","PowerPotion","Shockwave"],"campfire_rested":0,"item_purchase_floors":[4,4,13,13,22,22,28,28,46,46,46,46,46],"current_hp_per_floor":[80,80,64,64,70,76,74,70,70,70,80,80,80,80,80,80,80,80,80,80,80,80,80,80,80,80,80,80,80,80,80,80,80,80,80,80,80,80,72,78,78,80,80,80,80,80,80,80,80,80],"gold":0,"neow_bonus":"","is_prod":false,"is_daily":true,"chose_seed":false,"campfire_upgraded":9,"win_rate":0,"timestamp":1537603745,"path_taken":["M","M","?","$","M","E","?","E","T","R","M","R","?","E","R","BOSS","M","?","M","M","?","E","R","E","T","R","$","M","?","E","R","BOSS","M","M","M","?","M","E","R","E","T","R","E","$","?","?","R","BOSS"],"build_version":"2018-09-20","purchased_purges":0,"victory":true,"max_hp_per_floor":[80,80,80,80,80,80,80,80,80,80,80,80,80,80,80,80,80,80,80,80,80,80,80,80,80,80,80,80,80,80,80,80,80,80,80,80,80,80,80,80,80,80,80,80,80,80,80,80,80,80],"card_choices":[{"not_picked":["Armaments","Carnage"],"picked":"Heavy Blade","floor":1.0},{"not_picked":["Blood for Blood","Seeing Red"],"picked":"Dropkick","floor":2.0},{"not_picked":["Hemokinesis","Clash"],"picked":"Pummel","floor":5.0},{"not_picked":["Reaper","Dark Embrace"],"picked":"Double Tap","floor":6.0},{"not_picked":["Dual Wield","Perfected Strike"],"picked":"Battle Trance","floor":7.0},{"not_picked":["Dark Embrace","Bludgeon"],"picked":"Limit Break","floor":8.0},{"not_picked":["Body Slam","Anger","Pommel Strike"],"picked":"SKIP","floor":11.0},{"not_picked":["Juggernaut","Bludgeon"],"picked":"Brutality","floor":14.0},{"not_picked":["Bludgeon","Immolate"],"picked":"Double Tap","floor":16.0},{"not_picked":["Entrench","Corruption"],"picked":"Infernal Blade","floor":18.0},{"not_picked":["Pommel Strike+1","Disarm"],"picked":"Flex","floor":20.0},{"not_picked":["Clash+1","Clothesline"],"picked":"Headbutt","floor":21.0},{"not_picked":["Fiend Fire","Dark Embrace"],"picked":"Immolate","floor":23.0},{"not_picked":["Fiend Fire","Reaper"],"picked":"Bludgeon","floor":25.0},{"not_picked":["Clash","Wild Strike"],"picked":"Evolve+1","floor":29.0},{"not_picked":["Infernal Blade","Heavy Blade+1"],"picked":"Spot Weakness","floor":30.0},{"not_picked":["Berserk","Juggernaut"],"picked":"Offering","floor":31.0},{"not_picked":["Berserk","Immolate"],"picked":"Double Tap","floor":33.0},{"not_picked":["Sentinel+1","Anger+1"],"picked":"Warcry+1","floor":35.0},{"not_picked":["Hemokinesis+1","Armaments"],"picked":"Twin Strike","floor":36.0},{"not_picked":["Anger+1","Juggernaut"],"picked":"Warcry+1","floor":37.0},{"not_picked":["Flame Barrier+1","Headbutt"],"picked":"Shrug It Off+1","floor":39.0},{"not_picked":["Demon Form","Limit Break"],"picked":"Impervious","floor":40.0},{"not_picked":["Immolate","Dark Embrace"],"picked":"Demon Form","floor":42},{"not_picked":["Impervious","Fiend Fire"],"picked":"Double Tap","floor":45}],"player_experience":372007,"relics_obtained":[{"floor":6.0,"key":"Happy Flower"},{"floor":8.0,"key":"FossilizedHelix"},{"floor":9.0,"key":"Ginger"},{"floor":14.0,"key":"Ornamental Fan"},{"floor":23.0,"key":"The Courier"},{"floor":25.0,"key":"PreservedInsect"},{"floor":26.0,"key":"Bag of Marbles"},{"floor":31.0,"key":"Bronze Scales"},{"floor":40.0,"key":"Pen Nib"},{"floor":42,"key":"Oddly Smooth Stone"},{"floor":43,"key":"MawBank"},{"floor":45,"key":"Whetstone"},{"floor":48,"key":"Pantograph"}],"event_choices":[{"event_name":"Shining Light","player_choice":"Entered Light","floor":3.0,"damage_taken":0.0},{"event_name":"Nest","player_choice":"Stole From Cult","floor":19.0,"damage_taken":0.0},{"event_name":"Accursed Blacksmith","player_choice":"Rummage","floor":38.0,"damage_taken":0.0},{"event_name":"Tomb of Lord Red Mask","player_choice":"Paid","floor":47,"damage_taken":0}],"is_beta":true,"boss_relics":[{"not_picked":["Black Star","Eternal Feather"],"picked":"Runic Dome"},{"not_picked":["Sozu","Astrolabe"],"picked":"Coffee Dripper"}],"items_purged_floors":[],"is_endless":false,"potions_floor_spawned":[1,2,5,6,7,8,11,14,16,18,20,21,23,25,29,30,31,33,35,36,37,39,40,42,45],"ascension_level":0}