{"gold_per_floor":[119,44,54,54,66,66,97,97,120,120,180,45,64,74,74,177,177,191,191,191,66,66,99,117,150,197,197,296,9,29,49,49,144,144,162,162,162,179,454,485,201,201,201,234,248,248,248,94,94,94],"floor_reached":51,"playtime":1442,"items_purged":["Defend_P","Strike_P","SandsOfTime","SandsOfTime+1"],"score":976,"play_id":"7281ed8f-c8bc-42f0-bf9e-46a1c5a84d17","local_time":"20190926015201","is_ascension_mode":true,"campfire_choices":[{"data":"Eruption","floor":6.0,"key":"SMITH"},{"data":"Vigilance","floor":8.0,"key":"SMITH"},{"data":"WheelKick","floor":15.0,"key":"SMITH"},{"data":"SandsOfTime","floor":27,"key":"SMITH"},{"data":"Evaluate","floor":32,"key":"SMITH"},{"data":"DeusExMachina","floor":42,"key":"SMITH"},{"data":"DevaForm","floor":47,"key":"SMITH"},{"floor":49,"key":"REST"}],"neow_cost":"NONE","seed_source_timestamp":250678263724800,"circlet_count":0,"master_deck":["Eruption+1","Vigilance+1","WheelKick+1","DevaForm+1","Evaluate+1","Necronomicurse","DeusExMachina+1"],"special_seed":0,"relics":["PureWater","NeowsBlessing","Regal Pillow","Oddly Smooth Stone","Dream Catcher","Pandora\u0027s Box","Necronomicon","Frozen Egg 2","Omamori","InkBottle","FossilizedHelix","Snecko Eye","MawBank","Vajra","Blood Vial","Question Card","Anchor"],"potions_floor_usage":[25,33,33,50,50,50],"damage_taken":[{"damage":0.0,"enemies":"Cultist","floor":1.0,"turns":1.0},{"damage":0.0,"enemies":"Jaw Worm","floor":3.0,"turns":1.0},{"damage":0.0,"enemies":"Small Slimes","floor":5.0,"turns":1.0},{"damage":15.0,"enemies":"3 Sentries","floor":7.0,"turns":7.0},{"damage":15.0,"enemies":"3 Sentries","floor":11.0,"turns":9.0},{"damage":0.0,"enemies":"2 Fungi Beasts","floor":13.0,"turns":2.0},{"damage":0.0,"enemies":"Exordium Wildlife","floor":14.0,"turns":2.0},{"damage":31.0,"enemies":"The Guardian","floor":16.0,"turns":8.0},{"damage":0.0,"enemies":"Shell Parasite","floor":18.0,"turns":5.0},{"damage":18,"enemies":"Slavers","floor":23,"turns":4},{"damage":0,"enemies":"2 Thieves","floor":24,"turns":3},{"damage":18,"enemies":"Gremlin Leader","floor":25,"turns":4},{"damage":0,"enemies":"Snecko","floor":30,"turns":2},{"damage":0,"enemies":"Centurion and Healer","floor":31,"turns":3},{"damage":18,"enemies":"Collector","floor":33,"turns":5},{"damage":0,"enemies":"Orb Walker","floor":35,"turns":2},{"damage":0,"enemies":"3 Darklings","floor":38,"turns":3},{"damage":0,"enemies":"Reptomancer","floor":40,"turns":3},{"damage":0,"enemies":"Nemesis","floor":44,"turns":3},{"damage":0,"enemies":"Spire Growth","floor":45,"turns":2},{"damage":6,"enemies":"Time Eater","floor":50,"turns":5}],"seed_played":"-163594655576814184","potions_obtained":[{"floor":1.0,"key":"PowerPotion"},{"floor":3.0,"key":"Strength Potion"},{"floor":4.0,"key":"Fire Potion"},{"floor":4.0,"key":"BottledMiracle"},{"floor":14.0,"key":"Dexterity Potion"},{"floor":16.0,"key":"SteroidPotion"},{"floor":18.0,"key":"GamblersBrew"},{"floor":30,"key":"Dexterity Potion"},{"floor":38,"key":"Ancient Potion"},{"floor":44,"key":"BottledMiracle"}],"is_trial":false,"path_per_floor":["M","$","M","?","M","R","E","R","T","?","?","$","M","M","R","B",null,"M","?","?","$","?","E","M","E","T","R","?","$","M","M","R","B",null,"M","?","?","M","?","E","$","R","T","E","M","$","R","$","R","B",null],"character_chosen":"WATCHER","items_purchased":["WheelKick","FossilizedHelix","Vajra","Anchor"],"campfire_rested":1,"item_purchase_floors":[12,29,41,48],"current_hp_per_floor":[65,65,65,65,65,65,50,50,50,50,35,35,35,35,35,4,65,65,49,65,65,65,47,47,29,29,29,29,29,29,29,29,11,65,65,55,55,55,55,55,55,55,55,57,59,59,59,59,65,59],"gold":94,"neow_bonus":"THREE_ENEMY_KILL","is_prod":false,"is_daily":false,"chose_seed":false,"campfire_upgraded":7,"win_rate":0,"timestamp":1569437521,"path_taken":["M","$","?","?","?","R","E","R","T","?","?","?","?","M","R","BOSS","M","?","?","$","?","E","M","E","T","R","?","$","M","?","R","BOSS","M","?","?","M","?","E","$","R","T","E","?","$","R","?","R","BOSS"],"build_version":"2019-09-24","purchased_purges":4,"victory":true,"max_hp_per_floor":[65,65,65,65,65,65,65,65,65,65,65,65,65,65,65,65,65,65,65,65,65,65,65,65,65,65,65,65,65,65,65,65,65,65,65,65,65,65,65,65,65,65,65,65,65,65,65,65,65,65],"card_choices":[{"not_picked":["ForeignInfluence","Weave","Devotion"],"picked":"SKIP","floor":1.0},{"not_picked":["FearNoEvil","Wireheading","Protect"],"picked":"SKIP","floor":3.0},{"not_picked":["CrushJoints","FollowUp","Establishment"],"picked":"SKIP","floor":5.0},{"not_picked":["TalkToTheHand","CarveReality","EmptyFist"],"picked":"SKIP","floor":7.0},{"not_picked":["Prostrate","Vengeance","DeceiveReality"],"picked":"SKIP","floor":13.0},{"not_picked":["WindmillStrike","WaveOfTheHand","Halt"],"picked":"SKIP","floor":14.0},{"not_picked":["Weave","CutThroughFate","Swivel"],"picked":"SKIP","floor":18.0},{"not_picked":["Halt","Worship","EmptyMind"],"picked":"SKIP","floor":23},{"not_picked":["Consecrate","ClearTheMind","ThirdEye"],"picked":"SKIP","floor":24},{"not_picked":["Scrawl+1","EmptyFist","Tantrum+1"],"picked":"SKIP","floor":25},{"not_picked":["Blasphemy","Prostrate","FollowUp+1"],"picked":"SKIP","floor":30},{"not_picked":["Prostrate","Fasting+1","Halt"],"picked":"SKIP","floor":31},{"not_picked":["FlyingSleeves+1","ClearTheMind","BattleHymn+1"],"picked":"SKIP","floor":35},{"not_picked":["EmptyFist","WaveOfTheHand","Conclude"],"picked":"SKIP","floor":38},{"not_picked":["CrushJoints+1","Tantrum"],"picked":"DeusExMachina","floor":40},{"not_picked":["CarveReality","Consecrate+1","ClearTheMind"],"picked":"SKIP","floor":44},{"not_picked":["CarveReality+1","EmptyMind+1","BowlingBash+1","Halt"],"picked":"SKIP","floor":45}],"player_experience":1154780,"relics_obtained":[{"floor":7.0,"key":"Regal Pillow"},{"floor":9.0,"key":"Oddly Smooth Stone"},{"floor":11.0,"key":"Dream Catcher"},{"floor":19.0,"key":"Necronomicon"},{"floor":23,"key":"Frozen Egg 2"},{"floor":25,"key":"Omamori"},{"floor":26,"key":"InkBottle"},{"floor":40,"key":"MawBank"},{"floor":43,"key":"Blood Vial"},{"floor":44,"key":"Question Card"}],"event_choices":[{"damage_healed":0.0,"max_hp_gain":0.0,"max_hp_loss":0.0,"gold_gain":0.0,"event_name":"Lab","player_choice":"Got Potions","floor":4.0,"gold_loss":0.0,"damage_taken":0.0},{"damage_healed":0.0,"max_hp_gain":0.0,"max_hp_loss":0.0,"gold_gain":0.0,"event_name":"Liars Game","player_choice":"Ignored","floor":10.0,"gold_loss":0.0,"damage_taken":0.0},{"damage_healed":0.0,"max_hp_gain":0.0,"max_hp_loss":0.0,"gold_gain":0.0,"event_name":"Dead Adventurer","player_choice":"Searched \u00272\u0027 times","floor":11.0,"gold_loss":0.0,"damage_taken":0.0},{"damage_healed":0.0,"max_hp_gain":0.0,"max_hp_loss":0.0,"gold_gain":0.0,"event_name":"Cursed Tome","player_choice":"Obtained Book","floor":19.0,"gold_loss":0.0,"damage_taken":16.0},{"damage_healed":21,"gold_gain":0,"player_choice":"Heal","damage_taken":0,"max_hp_gain":0,"max_hp_loss":0,"event_name":"The Library","floor":20,"gold_loss":0},{"cards_removed":["Evaluate"],"damage_healed":0,"gold_gain":0,"player_choice":"Elegance","damage_taken":0,"max_hp_gain":0,"max_hp_loss":0,"event_name":"Back to Basics","floor":22,"gold_loss":0},{"damage_healed":0,"gold_gain":99,"player_choice":"Stole From Cult","damage_taken":0,"max_hp_gain":0,"max_hp_loss":0,"event_name":"Nest","floor":28,"gold_loss":0},{"damage_healed":0,"gold_gain":0,"player_choice":"Memory 3","damage_taken":10,"max_hp_gain":0,"max_hp_loss":0,"event_name":"SensoryStone","floor":36,"gold_loss":0},{"cards_removed":["Worship"],"damage_healed":0,"gold_gain":0,"player_choice":"Removed Skill","damage_taken":0,"max_hp_gain":0,"max_hp_loss":0,"event_name":"Falling","floor":37,"gold_loss":0},{"damage_healed":0,"gold_gain":275,"player_choice":"Desecrate","damage_taken":0,"max_hp_gain":0,"max_hp_loss":0,"event_name":"Golden Shrine","floor":39,"gold_loss":0,"cards_obtained":["Regret"]}],"is_beta":true,"boss_relics":[{"not_picked":["Tiny House","Velvet Choker"],"picked":"Pandora\u0027s Box"},{"not_picked":["Black Star","SacredBark"],"picked":"Snecko Eye"}],"items_purged_floors":[2,12,21,41],"is_endless":false,"potions_floor_spawned":[1,3,14,16,18,23,30,38,44,45],"ascension_level":1}