{"gold_per_floor":[114,114,114,129,144,174,174,68,68,83,83,113,113,143,143,243,243,258,258,273,288,288,318,333,363,388,403,433,433,708,37,37,137,137,152,152,0,15,15,45,45,60,60,75,121,136,186,228,240,252],"floor_reached":51,"playtime":2240,"items_purged":[],"score":1308,"play_id":"73b715ff-60b7-4604-a2cf-8b55aebde159","local_time":"20180816105750","daily_mods":["Heirloom","Night Terrors","Terminal"],"is_ascension_mode":false,"campfire_choices":[{"data":"Corruption","floor":11,"key":"SMITH"},{"data":"Body Slam","floor":15,"key":"SMITH"},{"data":"True Grit","floor":32,"key":"SMITH"},{"data":"Barricade","floor":41,"key":"SMITH"},{"data":"Demon Form","floor":49,"key":"SMITH"}],"neow_cost":"","seed_source_timestamp":0,"circlet_count":0,"master_deck":["Strike_R","Strike_R","Strike_R","Strike_R","Defend_R","Defend_R","Defend_R","Defend_R","Bash","Shrug It Off","Regret","Feel No Pain","Perfected Strike","Corruption+1","Feel No Pain","Infernal Blade","Body Slam+1","True Grit+1","Disarm","Immolate","Clash","Body Slam","Flex","Sentinel","True Grit","Demon Form+1","Perfected Strike","Spot Weakness","Writhe","Clothesline","Shrug It Off","Second Wind+1","Impervious","Havoc","RitualDagger","Regret","Flame Barrier","Bandage Up","Barricade+1","Thunderclap+1","Deep Breath","Discovery","Master of Strategy","Havoc+1","Writhe","Warcry","Juggernaut","Sentinel+1","Body Slam+1","Armaments","Warcry+1"],"special_seed":17759,"relics":["Burning Blood","Dead Branch","Orichalcum","Smiling Mask","Bottled Tornado","Unceasing Top","Meat on the Bone","Bottled Lightning","Orrery","Oddly Smooth Stone","Art of War","Du-Vu Doll","Ancient Tea Set","Lantern","Happy Flower","Potion Belt","OrangePellets","Coffee Dripper","Red Mask","Mummified Hand","Calipers","Ginger","MawBank","Vajra"],"potions_floor_usage":[6,12,16,28,33,50,50,50,50,50],"damage_taken":[{"damage":0,"enemies":"Jaw Worm","floor":1,"turns":5},{"damage":3,"enemies":"Cultist","floor":4,"turns":3},{"damage":0,"enemies":"2 Louse","floor":5,"turns":3},{"damage":18,"enemies":"3 Sentries","floor":6,"turns":8},{"damage":0,"enemies":"Exordium Wildlife","floor":10,"turns":3},{"damage":4,"enemies":"Gremlin Nob","floor":12,"turns":3},{"damage":3,"enemies":"Lagavulin","floor":14,"turns":5},{"damage":5,"enemies":"Slime Boss","floor":16,"turns":3},{"damage":2,"enemies":"Spheric Guardian","floor":18,"turns":4},{"damage":6,"enemies":"Shell Parasite","floor":20,"turns":5},{"damage":10,"enemies":"Snake Plant","floor":21,"turns":3},{"damage":0,"enemies":"Gremlin Leader","floor":23,"turns":4},{"damage":16,"enemies":"Centurion and Healer","floor":24,"turns":4},{"damage":8,"enemies":"Book of Stabbing","floor":25,"turns":3},{"damage":3,"enemies":"Cultist and Chosen","floor":27,"turns":2},{"damage":0,"enemies":"Slavers","floor":28,"turns":2},{"damage":7,"enemies":"Collector","floor":33,"turns":5},{"damage":2,"enemies":"3 Shapes","floor":35,"turns":4},{"damage":0,"enemies":"Orb Walker","floor":38,"turns":2},{"damage":1,"enemies":"2 Orb Walkers","floor":40,"turns":2},{"damage":0,"enemies":"Sphere and 2 Shapes","floor":42,"turns":1},{"damage":0,"enemies":"Transient","floor":44,"turns":5},{"damage":2,"floor":45,"turns":3},{"damage":1,"enemies":"4 Shapes","floor":46,"turns":2},{"damage":0,"enemies":"Giant Head","floor":48,"turns":4},{"damage":15,"enemies":"Donu and Deca","floor":50,"turns":3}],"seed_played":"-170879409254016175","potions_obtained":[{"floor":2,"key":"Poison Potion"},{"floor":2,"key":"Ancient Potion"},{"floor":2,"key":"GamblersBrew"},{"floor":4,"key":"Block Potion"},{"floor":6,"key":"AttackPotion"},{"floor":12,"key":"Swift Potion"},{"floor":18,"key":"Block Potion"},{"floor":20,"key":"Dexterity Potion"},{"floor":38,"key":"SteroidPotion"},{"floor":45,"key":"Poison Potion"},{"floor":46,"key":"FearPotion"},{"floor":48,"key":"Ancient Potion"}],"is_trial":false,"path_per_floor":["M","?","?","M","M","E","?","$","T","M","R","E","T","E","R","B",null,"M","?","M","M","?","E","M","E","T","M","E","?","?","$","R","B",null,"M","?","?","M","?","E","R","M","T","M","?","M","T","E","R","B"],"character_chosen":"IRONCLAD","items_purchased":["Feel No Pain","Infernal Blade","Flame Barrier","Bandage Up","Happy Flower","Potion Belt","OrangePellets"],"campfire_rested":0,"item_purchase_floors":[8,8,31,31,31,31,31],"current_hp_per_floor":[78,77,76,75,74,62,55,55,55,69,68,67,66,65,64,63,62,61,60,59,58,57,59,49,47,47,50,54,48,48,48,48,49,48,47,37,37,43,43,48,47,46,45,44,46,45,44,43,42,33],"gold":264,"neow_bonus":"","is_prod":false,"is_daily":true,"chose_seed":false,"campfire_upgraded":5,"win_rate":0,"timestamp":1534391870,"path_taken":["M","?","?","?","M","E","?","?","T","M","R","E","?","E","R","BOSS","M","?","?","M","?","E","M","E","T","M","E","?","?","$","R","BOSS","M","?","?","M","?","E","R","M","T","?","?","M","?","E","R","BOSS"],"build_version":"2018-08-14","purchased_purges":0,"victory":true,"max_hp_per_floor":[78,77,76,75,74,73,72,71,70,69,68,67,66,65,64,63,62,61,60,59,58,57,59,58,57,56,55,54,53,52,51,50,49,48,47,46,45,44,43,48,47,46,45,44,46,45,44,43,42,41],"card_choices":[{"not_picked":["Clash","Seeing Red"],"picked":"Shrug It Off","floor":1},{"not_picked":["Clash","Iron Wave"],"picked":"Feel No Pain","floor":4},{"not_picked":["Clash","Warcry"],"picked":"Perfected Strike","floor":5},{"not_picked":["Ghostly Armor","Metallicize"],"picked":"Corruption","floor":6},{"not_picked":["Clothesline","Cleave"],"picked":"Body Slam","floor":10},{"not_picked":["Demon Form","Wild Strike"],"picked":"True Grit","floor":12},{"not_picked":["Dual Wield","Perfected Strike"],"picked":"Disarm","floor":14},{"not_picked":["Bludgeon","Brutality"],"picked":"Immolate","floor":16},{"not_picked":["Anger","Hemokinesis"],"picked":"Clash","floor":17},{"not_picked":["Warcry","Searing Blow"],"picked":"Body Slam","floor":17},{"not_picked":["Dropkick","Sword Boomerang"],"picked":"Flex","floor":17},{"not_picked":["True Grit","Feel No Pain"],"picked":"Sentinel","floor":17},{"not_picked":["Heavy Blade","Warcry"],"picked":"True Grit","floor":17},{"not_picked":["Twin Strike","Ghostly Armor+1"],"picked":"Demon Form","floor":18},{"not_picked":["Pommel Strike","Searing Blow"],"picked":"Perfected Strike","floor":20},{"not_picked":["Thunderclap","Rampage"],"picked":"Spot Weakness","floor":21},{"not_picked":["Twin Strike","Clash"],"picked":"Clothesline","floor":23},{"not_picked":["Inflame","Shockwave"],"picked":"Shrug It Off","floor":24},{"not_picked":["Perfected Strike","Wild Strike+1"],"picked":"Second Wind+1","floor":25},{"not_picked":["Inflame+1","Sword Boomerang"],"picked":"Impervious","floor":27},{"not_picked":["Reckless Charge","Pummel"],"picked":"Havoc","floor":28},{"not_picked":["Fiend Fire","Offering"],"picked":"Barricade","floor":33},{"not_picked":["Cleave","Hemokinesis"],"picked":"Thunderclap+1","floor":35},{"not_picked":["Jack Of All Trades","HandOfGreed"],"picked":"Deep Breath","floor":36},{"not_picked":["Transmutation","Magnetism"],"picked":"Discovery","floor":36},{"not_picked":["Forethought","HandOfGreed"],"picked":"Master of Strategy","floor":36},{"not_picked":["Sword Boomerang","Heavy Blade+1"],"picked":"Havoc+1","floor":38},{"not_picked":["Fire Breathing+1","Cleave"],"picked":"Warcry","floor":40},{"not_picked":["Power Through+1","Twin Strike+1"],"picked":"Juggernaut","floor":42},{"not_picked":["True Grit+1","Body Slam+1"],"picked":"Sentinel+1","floor":44},{"not_picked":["Pommel Strike","Ghostly Armor"],"picked":"Body Slam+1","floor":45},{"not_picked":["Pommel Strike+1","Battle Trance+1"],"picked":"Armaments","floor":46},{"not_picked":["Hemokinesis","Sword Boomerang+1"],"picked":"Warcry+1","floor":48}],"player_experience":313467,"relics_obtained":[{"floor":6,"key":"Smiling Mask"},{"floor":9,"key":"Bottled Tornado"},{"floor":12,"key":"Unceasing Top"},{"floor":13,"key":"Meat on the Bone"},{"floor":14,"key":"Bottled Lightning"},{"floor":23,"key":"Art of War"},{"floor":25,"key":"Du-Vu Doll"},{"floor":26,"key":"Ancient Tea Set"},{"floor":28,"key":"Lantern"},{"floor":40,"key":"Mummified Hand"},{"floor":43,"key":"Calipers"},{"floor":45,"key":"Ginger"},{"floor":47,"key":"MawBank"},{"floor":48,"key":"Vajra"}],"event_choices":[{"event_name":"The Lab","player_choice":"Got Potions","floor":2,"damage_taken":0},{"event_name":"Big Fish","player_choice":"Box","floor":3,"damage_taken":0},{"event_name":"Golden Wing","player_choice":"Card Removal","floor":7,"damage_taken":0},{"event_name":"The Woman in Blue","player_choice":"Bought 0 Potions","floor":19,"damage_taken":0},{"event_name":"The Mausoleum","player_choice":"Yes","floor":22,"damage_taken":0},{"event_name":"Nest","player_choice":"Joined the Cult","floor":29,"damage_taken":0},{"event_name":"Golden Shrine","player_choice":"Desecrate","floor":30,"damage_taken":0},{"event_name":"SensoryStone","player_choice":"Memory 3","floor":36,"damage_taken":0},{"event_name":"Tomb of Lord Red Mask","player_choice":"Paid","floor":37,"damage_taken":0},{"event_name":"Winding Halls","player_choice":"Writhe","floor":39,"damage_taken":0},{"event_name":"Mysterious Sphere","player_choice":"Fight","floor":45,"damage_taken":0}],"is_beta":true,"boss_relics":[{"not_picked":["Mark of Pain","Black Blood"],"picked":"Orrery"},{"not_picked":["White Beast Statue","Velvet Choker"],"picked":"Coffee Dripper"}],"items_purged_floors":[],"is_endless":false,"potions_floor_spawned":[4,6,10,12,18,20,21,25,38,45,46,48],"ascension_level":0}