{"gold_per_floor":[317,334,334,344,354,354,386,386,386,420,420,420,435,25,25,99,99,114,114,114,35,35,66,81,95,95,95,110,110,122,135,135,209,209,222,147,192,204,204,204,218,218,243,269,115,135,155,184,184,184,184],"floor_reached":52,"playtime":1994,"items_purged":["Strike_R","Strike_R"],"score":1883,"play_id":"d520bed9-996b-4efe-945a-2b088e15fe95","local_time":"20190927181837","is_ascension_mode":true,"campfire_choices":[{"data":"Inflame","floor":6.0,"key":"SMITH"},{"data":"Wild Strike","floor":8.0,"key":"SMITH"},{"data":"Metallicize","floor":15.0,"key":"SMITH"},{"data":"Heavy Blade","floor":29.0,"key":"SMITH"},{"data":"Shockwave","floor":32.0,"key":"SMITH"},{"data":"Heavy Blade","floor":40,"key":"SMITH"},{"data":"Sword Boomerang","floor":42,"key":"SMITH"},{"data":"Strike_R","floor":49,"key":"PURGE"}],"neow_cost":"NO_GOLD","seed_source_timestamp":0,"circlet_count":0,"master_deck":["AscendersBane","Strike_R+1","Strike_R","Defend_R+1","Defend_R","Defend_R","Defend_R+1","Bash+1","Metallicize+1","Inflame+1","Reaper","Sword Boomerang+1","Feel No Pain+1","Demon Form+1","Inflame+1","Heavy Blade+1","Shockwave+1","Ghostly Armor","Reaper","Heavy Blade+1","Berserk+1","Demon Form+1"],"special_seed":0,"relics":["Black Blood","Old Coin","Pocketwatch","Gambling Chip","Frozen Egg 2","Spirit Poop","Magic Flower","Mark of Pain","Blood Vial","Orichalcum","FossilizedHelix","War Paint","Peace Pipe","Ancient Tea Set"],"potions_floor_usage":[50,51],"damage_taken":[{"damage":8.0,"enemies":"2 Louse","floor":1.0,"turns":4.0},{"damage":9.0,"enemies":"Jaw Worm","floor":2.0,"turns":4.0},{"damage":0.0,"enemies":"Cultist","floor":4.0,"turns":3.0},{"damage":2.0,"enemies":"3 Louse","floor":5.0,"turns":4.0},{"damage":31.0,"enemies":"3 Sentries","floor":7.0,"turns":8.0},{"damage":29.0,"enemies":"Lagavulin","floor":10.0,"turns":5.0},{"damage":4.0,"enemies":"2 Fungi Beasts","floor":13.0,"turns":4.0},{"damage":32.0,"enemies":"The Guardian","floor":16.0,"turns":14.0},{"damage":10.0,"enemies":"Shell Parasite","floor":18.0,"turns":6.0},{"damage":67.0,"enemies":"Slavers","floor":23.0,"turns":5.0},{"damage":20.0,"enemies":"2 Thieves","floor":24.0,"turns":3.0},{"damage":50.0,"enemies":"Shelled Parasite and Fungi","floor":25.0,"turns":6.0},{"damage":26.0,"enemies":"3 Cultists","floor":28.0,"turns":5.0},{"damage":29.0,"enemies":"Centurion and Healer","floor":30.0,"turns":4.0},{"damage":38.0,"enemies":"Shelled Parasite and Fungi","floor":31.0,"turns":6.0},{"damage":66.0,"enemies":"Collector","floor":33.0,"turns":9.0},{"damage":44.0,"enemies":"3 Darklings","floor":35.0,"turns":6.0},{"damage":91.0,"enemies":"2 Orb Walkers","floor":37.0,"turns":5.0},{"damage":24.0,"enemies":"Orb Walker","floor":38.0,"turns":4.0},{"damage":21,"enemies":"Transient","floor":41,"turns":6},{"damage":51,"enemies":"Nemesis","floor":44,"turns":5},{"damage":33,"enemies":"Sphere and 2 Shapes","floor":46,"turns":3},{"damage":0,"enemies":"Maw","floor":47,"turns":5},{"damage":41,"enemies":"Giant Head","floor":48,"turns":6},{"damage":30,"enemies":"Time Eater","floor":50,"turns":6},{"damage":109,"enemies":"Awakened One","floor":51,"turns":7}],"seed_played":"-4849156356429703509","potions_obtained":[{"floor":2.0,"key":"Strength Potion"},{"floor":10.0,"key":"EssenceOfSteel"},{"floor":16.0,"key":"ElixirPotion"},{"floor":18.0,"key":"Fire Potion"},{"floor":24.0,"key":"Regen Potion"},{"floor":28.0,"key":"Swift Potion"},{"floor":37.0,"key":"SteroidPotion"},{"floor":41,"key":"AttackPotion"}],"is_trial":false,"path_per_floor":["M","M","?","M","M","R","E","R","T","E","?","?","M","$","R","B",null,"M","?","?","$","$","E","M","M","T","?","M","R","M","M","R","B",null,"M","$","?","M","?","R","M","R","T","E","$","M","M","E","R","B","B",null],"character_chosen":"IRONCLAD","items_purchased":["Magic Flower","Feel No Pain+1","Inflame+1","BloodPotion"],"campfire_rested":0,"item_purchase_floors":[14,14,21,45],"current_hp_per_floor":[66,63,40,46,50,50,25,25,25,12,30,30,46,46,46,34,63,68,68,68,68,68,42,49,72,72,72,72,72,72,69,69,51,67,72,72,68,72,72,72,72,72,72,62,62,72,72,69,69,72,59],"gold":184,"neow_bonus":"ONE_RARE_RELIC","is_prod":false,"is_daily":false,"chose_seed":false,"campfire_upgraded":7,"win_rate":0,"timestamp":1569633517,"path_taken":["M","M","?","M","M","R","E","R","T","E","?","?","?","$","R","BOSS","M","?","?","?","$","E","?","M","T","?","?","R","M","M","R","BOSS","M","$","?","M","?","R","M","R","T","E","?","M","M","E","R","BOSS","BOSS"],"build_version":"2019-09-27","purchased_purges":2,"victory":true,"max_hp_per_floor":[75,75,75,75,75,75,75,75,75,75,75,72,72,72,72,72,72,72,72,72,72,72,72,72,72,72,72,72,72,72,72,72,72,72,72,72,72,72,72,72,72,72,72,72,72,72,72,72,72,72,72],"card_choices":[{"not_picked":["True Grit","Blood for Blood"],"picked":"Wild Strike","floor":1.0},{"not_picked":["Wild Strike","Hemokinesis"],"picked":"Metallicize","floor":2.0},{"not_picked":["Rage","Flex","Clash"],"picked":"SKIP","floor":4.0},{"not_picked":["Blood for Blood","Metallicize"],"picked":"Inflame","floor":5.0},{"not_picked":["True Grit","Clothesline"],"picked":"Reaper","floor":7.0},{"not_picked":["Reckless Charge","Twin Strike","Corruption"],"picked":"SKIP","floor":10.0},{"not_picked":["Twin Strike","Iron Wave"],"picked":"Sword Boomerang","floor":13.0},{"not_picked":["Fiend Fire","Offering"],"picked":"Demon Form+1","floor":16.0},{"not_picked":["Armaments","Anger","Clothesline"],"picked":"SKIP","floor":18.0},{"not_picked":["Sword Boomerang","Burning Pact+1"],"picked":"Heavy Blade","floor":23.0},{"not_picked":["Uppercut","Wild Strike+1","Pommel Strike"],"picked":"SKIP","floor":24.0},{"not_picked":["Flex","Clash","Rage"],"picked":"SKIP","floor":25.0},{"not_picked":["Armaments","Dark Embrace+1","Perfected Strike"],"picked":"SKIP","floor":28.0},{"not_picked":["Shockwave","Entrench","Pommel Strike"],"picked":"SKIP","floor":30.0},{"not_picked":["Entrench","Pommel Strike"],"picked":"Shockwave","floor":30.0},{"not_picked":["Flame Barrier","Warcry"],"picked":"Ghostly Armor","floor":31.0},{"not_picked":["Exhume","Juggernaut+1"],"picked":"Reaper","floor":33.0},{"not_picked":["Clothesline","Flex"],"picked":"Heavy Blade","floor":35.0},{"not_picked":["Flex","Wild Strike","Iron Wave"],"picked":"SKIP","floor":38.0},{"not_picked":["Twin Strike","Anger","Uppercut"],"picked":"SKIP","floor":41},{"not_picked":["Perfected Strike","Iron Wave+1"],"picked":"Berserk+1","floor":44},{"not_picked":["Clothesline","Thunderclap","Reckless Charge"],"picked":"SKIP","floor":46},{"not_picked":["Warcry","Cleave","Infernal Blade"],"picked":"SKIP","floor":47},{"not_picked":["Armaments","Headbutt"],"picked":"Demon Form+1","floor":48}],"player_experience":1076872,"relics_obtained":[{"floor":7.0,"key":"Pocketwatch"},{"floor":9.0,"key":"Gambling Chip"},{"floor":10.0,"key":"Frozen Egg 2"},{"floor":23.0,"key":"Blood Vial"},{"floor":26.0,"key":"Orichalcum"},{"floor":37.0,"key":"FossilizedHelix"},{"floor":43,"key":"War Paint"},{"floor":44,"key":"Peace Pipe"},{"floor":48,"key":"Ancient Tea Set"}],"event_choices":[{"damage_healed":0.0,"max_hp_gain":0.0,"max_hp_loss":0.0,"gold_gain":0.0,"event_name":"Shining Light","player_choice":"Entered Light","floor":3.0,"gold_loss":0.0,"damage_taken":23.0,"cards_upgraded":["Bash","Strike_R"]},{"damage_healed":18.0,"max_hp_gain":0.0,"max_hp_loss":0.0,"gold_gain":0.0,"event_name":"Mushrooms","player_choice":"Healed and dodged fight","floor":11.0,"gold_loss":0.0,"damage_taken":0.0,"cards_obtained":["Parasite"]},{"cards_removed":["Parasite"],"damage_healed":0.0,"max_hp_gain":0.0,"max_hp_loss":0.0,"gold_gain":0.0,"event_name":"Bonfire Elementals","player_choice":"Offered Curse","floor":12.0,"gold_loss":0.0,"damage_taken":0.0,"relics_obtained":["Spirit Poop"]},{"damage_healed":0.0,"max_hp_gain":0.0,"max_hp_loss":0.0,"gold_gain":0.0,"event_name":"Ghosts","player_choice":"Ignored","floor":19.0,"gold_loss":0.0,"damage_taken":0.0},{"damage_healed":0.0,"max_hp_gain":0.0,"max_hp_loss":0.0,"gold_gain":0.0,"event_name":"The Mausoleum","player_choice":"Ignored","floor":20.0,"gold_loss":0.0,"damage_taken":0.0},{"damage_healed":0.0,"max_hp_gain":0.0,"max_hp_loss":0.0,"gold_gain":0.0,"event_name":"Match and Keep!","player_choice":"0 cards matched","floor":27.0,"gold_loss":0.0,"damage_taken":0.0,"cards_obtained":[]},{"damage_healed":0.0,"max_hp_gain":0.0,"max_hp_loss":0.0,"gold_gain":0.0,"event_name":"Mysterious Sphere","player_choice":"Fight","floor":37.0,"gold_loss":0.0,"damage_taken":0.0},{"cards_removed":["Wild Strike"],"damage_healed":0,"gold_gain":0,"player_choice":"Removed Attack","damage_taken":0,"max_hp_gain":0,"max_hp_loss":0,"event_name":"Falling","floor":39,"gold_loss":0}],"is_beta":true,"boss_relics":[{"not_picked":["Astrolabe","Fusion Hammer"],"picked":"Mark of Pain"},{"not_picked":["Pandora\u0027s Box","Runic Dome"],"picked":"Black Blood"}],"items_purged_floors":[36,45],"is_endless":false,"potions_floor_spawned":[2,10,16,18,24,28,37,41,46,47],"ascension_level":20}