{"gold_per_floor":[13,13,32,32,32,32,55,88,88,88,128,128,4,25,25,149,149,174,174,195,195,195,195,209,209,209,225,259,282,282,306,306,434,434,453,453,98,431,431,431,441,453,453,453,453,356,356,19,19,19],"floor_reached":51,"playtime":3214,"items_purged":["Strike_G","Pain","Regret"],"score":753,"play_id":"6fb64d17-a646-4570-b9e8-140b0dbf3fcf","local_time":"20190925015110","is_ascension_mode":true,"campfire_choices":[{"data":"Neutralize","floor":6,"key":"SMITH"},{"floor":10,"key":"REST"},{"floor":15,"key":"REST"},{"data":"Phantasmal Killer","floor":23,"key":"SMITH"},{"floor":25,"key":"REST"},{"floor":30,"key":"REST"},{"data":"Corpse Explosion","floor":32,"key":"SMITH"},{"data":"Crippling Poison","floor":40,"key":"SMITH"},{"data":"Burst","floor":44,"key":"SMITH"},{"floor":49,"key":"REST"}],"neow_cost":"NO_GOLD","seed_source_timestamp":1073775020908000,"circlet_count":0,"master_deck":["Strike_G+1","Strike_G+1","Strike_G+1","Defend_G+1","Defend_G+1","Defend_G+1","Defend_G+1","Defend_G+1","Survivor+1","Neutralize+1","Flying Knee","Blur","PiercingWail","Underhanded Strike","Eviscerate","Corpse Explosion+1","Catalyst+1","Phantasmal Killer+1","Escape Plan+1","Bane","Predator","Acrobatics","Prepared+1","Burst+1","Injury","Leg Sweep+1","Crippling Poison+1","Poisoned Stab","Noxious Fumes+1","Backflip","Noxious Fumes+1","Tactician"],"relics":["Ring of the Snake","Gambling Chip","Tough Bandages","Ornamental Fan","Lantern","HoveringKite","Enchiridion","Happy Flower","Darkstone Periapt","Calling Bell","Smiling Mask","Letter Opener","Pocketwatch","TwistedFunnel","FaceOfCleric","Frozen Egg 2","FossilizedHelix","ClockworkSouvenir"],"potions_floor_usage":[14,16,20,27,34,50],"damage_taken":[{"damage":2,"enemies":"Jaw Worm","floor":1,"turns":5},{"damage":0,"enemies":"2 Louse","floor":3,"turns":3},{"damage":0,"enemies":"Cultist","floor":7,"turns":5},{"damage":33,"enemies":"3 Sentries","floor":8,"turns":11},{"damage":14,"enemies":"Gremlin Nob","floor":11,"turns":4},{"damage":0,"enemies":"Large Slime","floor":14,"turns":2},{"damage":8,"enemies":"Hexaghost","floor":16,"turns":9},{"damage":10,"enemies":"3 Byrds","floor":18,"turns":4},{"damage":4,"enemies":"Chosen","floor":20,"turns":6},{"damage":0,"enemies":"Centurion and Healer","floor":24,"turns":3},{"damage":0,"enemies":"Snake Plant","floor":27,"turns":3},{"damage":2,"enemies":"Book of Stabbing","floor":28,"turns":5},{"damage":0,"enemies":"Sentry and Sphere","floor":29,"turns":3},{"damage":0,"enemies":"Chosen and Byrds","floor":31,"turns":3},{"damage":29,"enemies":"Automaton","floor":33,"turns":10},{"damage":11,"enemies":"3 Darklings","floor":35,"turns":4},{"damage":0,"enemies":"Orb Walker","floor":41,"turns":2},{"damage":0,"enemies":"Writhing Mass","floor":42,"turns":3},{"damage":52,"enemies":"Awakened One","floor":50,"turns":12}],"seed_played":"-3345019257858397743","potions_obtained":[{"floor":3,"key":"Ancient Potion"},{"floor":11,"key":"Poison Potion"},{"floor":18,"key":"GhostInAJar"},{"floor":24,"key":"SmokeBomb"},{"floor":33,"key":"Fruit Juice"},{"floor":42,"key":"GamblersBrew"}],"is_trial":false,"path_per_floor":["M","?","M","?","?","R","M","E","T","R","E","?","$","M","R","B",null,"M","?","M","?","?","R","M","R","T","M","E","M","R","M","R","B",null,"M","?","$","?","?","R","M","M","T","R","T","$","?","$","R","B",null],"character_chosen":"THE_SILENT","items_purchased":["FearPotion","Crippling Poison","Poisoned Stab","TwistedFunnel","Backflip","Noxious Fumes+1","Tactician","ClockworkSouvenir"],"campfire_rested":5,"item_purchase_floors":[13,37,37,37,46,48,48,48],"current_hp_per_floor":[68,68,68,61,61,61,61,28,28,49,35,21,21,21,42,34,70,60,60,56,40,40,40,40,61,61,61,59,59,70,70,70,41,93,82,82,82,82,82,82,83,84,84,84,84,84,84,84,95,44],"gold":19,"neow_bonus":"ONE_RARE_RELIC","is_prod":false,"is_daily":false,"chose_seed":false,"campfire_upgraded":5,"win_rate":0,"timestamp":1569390670,"path_taken":["M","?","M","?","?","R","?","E","T","R","E","?","$","M","R","BOSS","M","?","?","?","?","R","M","R","T","M","E","M","R","M","R","BOSS","M","?","$","?","?","R","M","?","T","R","?","?","?","$","R","BOSS"],"build_version":"2019-07-17","purchased_purges":3,"victory":true,"max_hp_per_floor":[70,70,70,70,70,70,70,70,70,70,70,70,70,70,70,70,70,70,70,70,70,70,70,70,70,70,70,70,70,70,70,70,70,93,93,93,93,93,93,93,94,95,95,95,95,95,95,95,95,96],"card_choices":[{"not_picked":["Deadly Poison","Backflip"],"picked":"Flying Knee","floor":1},{"not_picked":["Dagger Spray","Endless Agony"],"picked":"Blur","floor":3},{"not_picked":["Deflect","Deadly Poison"],"picked":"Underhanded Strike","floor":7},{"not_picked":["Choke","Underhanded Strike"],"picked":"Eviscerate","floor":8},{"not_picked":["Deflect","Dodge and Roll"],"picked":"Corpse Explosion","floor":11},{"not_picked":["Deadly Poison","Bane"],"picked":"Catalyst","floor":14},{"not_picked":["A Thousand Cuts","Bullet Time"],"picked":"Phantasmal Killer","floor":16},{"not_picked":["Poisoned Stab","Choke"],"picked":"Escape Plan+1","floor":18},{"not_picked":["Backflip","Acrobatics"],"picked":"Bane","floor":20},{"not_picked":["Heel Hook","PiercingWail+1","Flying Knee"],"picked":"SKIP","floor":24},{"not_picked":["Backstab+1","Bane","Calculated Gamble"],"picked":"SKIP","floor":27},{"not_picked":["Flying Knee","Venomology"],"picked":"Predator","floor":28},{"not_picked":["Quick Slash","Slice"],"picked":"Acrobatics","floor":29},{"not_picked":["Heel Hook+1","Skewer+1"],"picked":"Prepared+1","floor":31},{"not_picked":["Wraith Form v2","Adrenaline"],"picked":"Burst","floor":33},{"not_picked":["Quick Slash","Deflect"],"picked":"Leg Sweep+1","floor":35},{"not_picked":["Leg Sweep+1","All Out Attack+1"],"picked":"Noxious Fumes+1","floor":41},{"not_picked":["Deflect","Quick Slash","Flechettes"],"picked":"SKIP","floor":42}],"player_experience":74944,"relics_obtained":[{"floor":8,"key":"Tough Bandages"},{"floor":9,"key":"Ornamental Fan"},{"floor":11,"key":"Lantern"},{"floor":21,"key":"Enchiridion"},{"floor":26,"key":"Happy Flower"},{"floor":28,"key":"Darkstone Periapt"},{"floor":34,"key":"Smiling Mask"},{"floor":34,"key":"Letter Opener"},{"floor":34,"key":"Pocketwatch"},{"floor":43,"key":"Frozen Egg 2"},{"floor":45,"key":"FossilizedHelix"}],"event_choices":[{"damage_healed":0,"gold_gain":0,"player_choice":"Take Wound","damage_taken":0,"relics_obtained":["Golden Idol"],"max_hp_gain":0,"max_hp_loss":0,"event_name":"Golden Idol","floor":2,"gold_loss":0,"cards_obtained":["Injury"]},{"cards_removed":["Injury"],"damage_healed":0,"gold_gain":0,"player_choice":"Card Removal","damage_taken":7,"max_hp_gain":0,"max_hp_loss":0,"event_name":"Golden Wing","floor":4,"gold_loss":0},{"damage_healed":0,"gold_gain":0,"cards_transformed":["Strike_G"],"player_choice":"Change","damage_taken":0,"max_hp_gain":0,"max_hp_loss":0,"event_name":"Living Wall","floor":5,"gold_loss":0,"cards_obtained":["PiercingWail"]},{"damage_healed":0,"gold_gain":0,"player_choice":"Entered Light","damage_taken":14,"max_hp_gain":0,"max_hp_loss":0,"event_name":"Shining Light","floor":12,"gold_loss":0,"cards_upgraded":["Defend_G","Survivor"]},{"damage_healed":0,"gold_gain":0,"player_choice":"Forge","damage_taken":0,"max_hp_gain":0,"max_hp_loss":0,"event_name":"Accursed Blacksmith","floor":19,"gold_loss":0,"cards_upgraded":["Catalyst"]},{"damage_healed":0,"gold_gain":0,"player_choice":"Obtained Book","damage_taken":16,"max_hp_gain":0,"max_hp_loss":0,"event_name":"Cursed Tome","floor":21,"gold_loss":0},{"damage_healed":0,"gold_gain":0,"player_choice":"Simplicity","damage_taken":0,"max_hp_gain":0,"max_hp_loss":0,"event_name":"Back to Basics","floor":22,"gold_loss":0,"cards_upgraded":["Strike_G","Strike_G","Strike_G","Defend_G","Defend_G","Defend_G","Defend_G"]},{"damage_healed":0,"gold_gain":0,"player_choice":"Ignored","damage_taken":0,"max_hp_gain":0,"max_hp_loss":0,"event_name":"Tomb of Lord Red Mask","floor":36,"gold_loss":0},{"damage_healed":0,"gold_gain":333,"player_choice":"Gave Idol","damage_taken":0,"max_hp_gain":0,"max_hp_loss":0,"event_name":"The Moai Head","floor":38,"relics_lost":["Golden Idol"],"gold_loss":0},{"damage_healed":0,"gold_gain":0,"player_choice":"Trade","damage_taken":0,"relics_obtained":["FaceOfCleric"],"max_hp_gain":0,"max_hp_loss":0,"event_name":"FaceTrader","floor":39,"gold_loss":0},{"damage_healed":0,"gold_gain":0,"player_choice":"Ignored","damage_taken":0,"max_hp_gain":0,"max_hp_loss":0,"event_name":"Mysterious Sphere","floor":47,"gold_loss":0}],"is_beta":false,"boss_relics":[{"not_picked":["Black Star","Lizard Tail"],"picked":"HoveringKite"},{"not_picked":["Snecko Eye","Coffee Dripper"],"picked":"Calling Bell"}],"items_purged_floors":[13,37,46],"is_endless":false,"potions_floor_spawned":[3,11,18,24,33,42],"ascension_level":1}