{"gold_per_floor":[114,114,8,183,228,228,258,258,258,273,303,318,318,348,348,448,448,433,448,408,423,438,468,468,483,483,483,483],"floor_reached":28,"playtime":1169,"items_purged":[],"score":358,"play_id":"7ab8131e-fa75-460b-b997-48d6ace97f9d","local_time":"20180924151425","daily_mods":["Heirloom","Lethality","Vintage"],"is_ascension_mode":false,"campfire_choices":[{"data":"Dualcast","floor":6.0,"key":"SMITH"},{"data":"Glacier","floor":8.0,"key":"SMITH"},{"data":"Flash of Steel","floor":13.0,"key":"SMITH"},{"floor":15.0,"key":"DIG"},{"data":"Conserve Battery","floor":24.0,"key":"SMITH"}],"neow_cost":"","seed_source_timestamp":0,"circlet_count":0,"master_deck":["Strike_B","Strike_B","Strike_B","Strike_B","Defend_B","Defend_B","Defend_B","Defend_B+1","Zap","Dualcast+1","Regret","Flash of Steel+1","Doubt","Glacier+1","Ball Lightning","White Noise+1","Core Surge","Conserve Battery+1"],"special_seed":17798,"relics":["Cracked Core","Bird Faced Urn","StoneCalendar","Mummified Hand","Tiny Chest","Du-Vu Doll","Ornamental Fan","Blood Vial","Orichalcum","Mango","Shovel","Dream Catcher","Strawberry","Black Star","Ancient Tea Set","Gremlin Horn","Juzu Bracelet","Pocketwatch","Bag of Marbles","Potion Belt","Bronze Scales","Centennial Puzzle"],"potions_floor_usage":[25,28],"damage_taken":[{"damage":0.0,"enemies":"Small Slimes","floor":1.0,"turns":2.0},{"damage":11.0,"enemies":"Jaw Worm","floor":5.0,"turns":2.0},{"damage":23.0,"enemies":"Lagavulin","floor":7.0,"turns":7.0},{"damage":0.0,"enemies":"Cultist","floor":10.0,"turns":3.0},{"damage":0.0,"enemies":"3 Sentries","floor":11.0,"turns":2.0},{"damage":13.0,"enemies":"Exordium Thugs","floor":12.0,"turns":3.0},{"damage":6.0,"enemies":"Lagavulin","floor":14.0,"turns":7.0},{"damage":46.0,"enemies":"Hexaghost","floor":16.0,"turns":9.0},{"damage":22.0,"enemies":"2 Thieves","floor":18.0,"turns":4.0},{"damage":10.0,"enemies":"Chosen","floor":19.0,"turns":3.0},{"damage":36.0,"enemies":"Centurion and Healer","floor":21.0,"turns":7.0},{"damage":30.0,"enemies":"Snake Plant","floor":22.0,"turns":5.0},{"damage":6.0,"enemies":"Gremlin Leader","floor":23.0,"turns":6.0},{"damage":12,"enemies":"Shelled Parasite and Fungi","floor":25,"turns":3},{"damage":18,"enemies":"Slavers","floor":28,"turns":1}],"seed_played":"696348812476848075","potions_obtained":[{"floor":10.0,"key":"PowerPotion"},{"floor":12.0,"key":"GamblersBrew"},{"floor":14.0,"key":"SpeedPotion"},{"floor":18.0,"key":"FocusPotion"},{"floor":23.0,"key":"SkillPotion"},{"floor":25,"key":"Strength Potion"}],"is_trial":false,"path_per_floor":["M","?","$","?","M","R","E","R","T","M","E","M","R","E","R","B",null,"M","M","?","M","M","E","R","M","T","?"],"character_chosen":"DEFECT","items_purchased":["Flash of Steel"],"campfire_rested":0,"item_purchase_floors":[3],"current_hp_per_floor":[75,75,75,75,64,64,41,41,41,41,45,48,48,44,44,9,96,76,70,70,48,22,20,20,12,12,3,0],"gold":483,"neow_bonus":"","is_prod":false,"is_daily":true,"chose_seed":false,"campfire_upgraded":4,"win_rate":0,"timestamp":1537776865,"path_taken":["M","?","?","?","M","R","E","R","T","?","E","M","R","E","R","BOSS","M","M","?","?","M","E","R","M","T","?","E"],"build_version":"2018-09-20","purchased_purges":0,"victory":false,"max_hp_per_floor":[75,75,75,75,75,75,75,75,75,75,75,89,89,89,89,96,96,96,96,96,96,96,96,96,96,96,96,96],"card_choices":[{"not_picked":["Go for the Eyes","Coolheaded"],"picked":"Glacier","floor":7.0},{"not_picked":["Rainbow","Sweeping Beam"],"picked":"Ball Lightning","floor":11.0},{"not_picked":["Coolheaded","Compile Driver"],"picked":"White Noise","floor":14.0},{"not_picked":["All For One","Multi-Cast"],"picked":"Core Surge","floor":16.0},{"not_picked":["Fission","Redo"],"picked":"Conserve Battery","floor":23.0}],"player_experience":376147,"relics_obtained":[{"floor":1.0,"key":"StoneCalendar"},{"floor":5.0,"key":"Tiny Chest"},{"floor":7.0,"key":"Du-Vu Doll"},{"floor":9.0,"key":"Ornamental Fan"},{"floor":10.0,"key":"Blood Vial"},{"floor":11.0,"key":"Orichalcum"},{"floor":12.0,"key":"Mango"},{"floor":14.0,"key":"Shovel"},{"floor":15.0,"key":"Dream Catcher"},{"floor":16.0,"key":"Strawberry"},{"floor":18.0,"key":"Ancient Tea Set"},{"floor":19.0,"key":"Gremlin Horn"},{"floor":21.0,"key":"Juzu Bracelet"},{"floor":22.0,"key":"Pocketwatch"},{"floor":23.0,"key":"Bag of Marbles"},{"floor":23.0,"key":"Potion Belt"},{"floor":25,"key":"Bronze Scales"},{"floor":26,"key":"Centennial Puzzle"}],"event_choices":[{"event_name":"Big Fish","player_choice":"Box","floor":2.0,"damage_taken":0.0},{"event_name":"Liars Game","player_choice":"agreed","floor":4.0,"damage_taken":0.0},{"event_name":"Designer","player_choice":"Upgrade 2 Random Cards","floor":20.0,"damage_taken":0.0},{"event_name":"Wheel of Change","player_choice":"Damage","floor":27,"damage_taken":0}],"is_beta":true,"boss_relics":[{"not_picked":["Runic Pyramid","Pandora\u0027s Box"],"picked":"Black Star"}],"items_purged_floors":[],"is_endless":false,"potions_floor_spawned":[10,12,14,18,23,25],"killed_by":"Slavers","ascension_level":0}