{"gold_per_floor":[119,129,54,66,66,66,94,108,108,108,28,28],"floor_reached":12,"playtime":351,"items_purged":[],"score":156,"play_id":"996afafd-a192-4797-b4f5-657330baffd2","local_time":"20190606215430","is_ascension_mode":true,"campfire_choices":[{"floor":6,"key":"REST"},{"floor":10,"key":"REST"}],"neow_cost":"TEN_PERCENT_HP_LOSS","seed_source_timestamp":1296414029165187,"circlet_count":0,"master_deck":["AscendersBane","Defend_G","Defend_G","Defend_G+1","Defend_G","Defend_G","Strike_G","Strike_G","Strike_G","Strike_G","Survivor","Neutralize","Deadly Poison+1","Masterful Stab","Burst","Footwork"],"relics":["Ring of the Snake","Shovel","Dead Branch"],"potions_floor_usage":[],"damage_taken":[{"damage":7,"enemies":"Small Slimes","floor":1,"turns":5},{"damage":8,"enemies":"Jaw Worm","floor":2,"turns":6},{"damage":0,"enemies":"Cultist","floor":4,"turns":3},{"damage":30,"enemies":"Lagavulin","floor":7,"turns":6},{"damage":1,"enemies":"Blue Slaver","floor":8,"turns":3},{"damage":39,"enemies":"Gremlin Nob","floor":12,"turns":3}],"seed_played":"-3242727540250113033","potions_obtained":[],"is_trial":false,"path_per_floor":["M","M","?","M","?","R","E","M","T","R","$","E"],"character_chosen":"THE_SILENT","items_purchased":["Footwork"],"campfire_rested":2,"item_purchase_floors":[11],"current_hp_per_floor":[52,44,44,44,26,44,14,13,13,31,31,0],"gold":28,"neow_bonus":"ONE_RARE_RELIC","is_prod":false,"is_daily":false,"chose_seed":false,"campfire_upgraded":0,"win_rate":0,"timestamp":1559872470,"path_taken":["M","M","?","M","?","R","E","M","T","R","$","E"],"build_version":"2019-01-23","purchased_purges":0,"victory":false,"max_hp_per_floor":[60,60,60,60,60,60,60,60,60,60,60,60],"card_choices":[{"not_picked":["Bane","Prepared","Outmaneuver"],"picked":"SKIP","floor":1},{"not_picked":["Blur","Heel Hook"],"picked":"Deadly Poison","floor":2},{"not_picked":["Dagger Throw","Acrobatics"],"picked":"Masterful Stab","floor":4},{"not_picked":["Tactician","Blade Dance"],"picked":"Burst","floor":7},{"not_picked":["Slice","Sucker Punch","Outmaneuver"],"picked":"SKIP","floor":8}],"player_experience":908927,"relics_obtained":[{"floor":9,"key":"Dead Branch"}],"event_choices":[{"cards_removed":["Strike_G"],"damage_healed":0,"gold_gain":0,"player_choice":"Card Removal","damage_taken":0,"max_hp_gain":0,"max_hp_loss":0,"event_name":"The Cleric","floor":3,"gold_loss":75},{"damage_healed":0,"gold_gain":0,"player_choice":"Entered Light","damage_taken":18,"max_hp_gain":0,"max_hp_loss":0,"event_name":"Shining Light","floor":5,"gold_loss":0,"cards_upgraded":["Deadly Poison","Defend_G"]}],"is_beta":false,"boss_relics":[],"items_purged_floors":[],"is_endless":false,"potions_floor_spawned":[],"killed_by":"Gremlin Nob","ascension_level":20}