{"path_per_floor":["M","?","M","?","M","R","E","R","T","R","M","E","$","M","R","B",null,"M","?","M","M","M","E","R","E","T","M","R","E","?","M","R","B",null,"M","?","M","$","M","R","$","E","T","?","M","R","E","?","R","B"],"character_chosen":"THE_SILENT","items_purchased":["Bag of Preparation","Unceasing Top","Lantern"],"gold_per_floor":[114,114,129,129,148,148,186,186,186,186,205,243,18,37,37,162,162,181,181,200,219,238,276,276,314,314,333,333,371,321,340,340,465,465,484,484,503,203,222,222,72,110,110,443,458,458,488,505,505,505],"floor_reached":51,"campfire_rested":0,"playtime":2059,"item_purchase_floors":[13,38,41],"current_hp_per_floor":[59,59,59,59,59,59,59,59,59,59,59,45,45,45,45,35,70,70,70,61,69,63,59,59,58,58,58,58,60,60,60,60,56,86,86,86,86,86,76,76,76,88,88,88,88,88,88,88,88,88],"items_purged":["A Thousand Cuts"],"gold":505,"score":1100,"play_id":"878d7827-b334-435c-ad3e-fbb9bdb2b0cc","local_time":"20180617134638","daily_mods":["Insanity","Binary","Vintage"],"is_prod":false,"is_daily":true,"chose_seed":false,"is_ascension_mode":false,"campfire_upgraded":10,"win_rate":0,"timestamp":1529219798,"campfire_choices":[{"data":"Backstab","floor":6,"key":"SMITH"},{"data":"Infinite Blades","floor":8,"key":"SMITH"},{"data":"Wraith Form v2","floor":10,"key":"SMITH"},{"data":"Bullet Time","floor":15,"key":"SMITH"},{"data":"Skewer","floor":24,"key":"SMITH"},{"data":"Adrenaline","floor":28,"key":"SMITH"},{"data":"Expertise","floor":32,"key":"SMITH"},{"data":"Storm of Steel","floor":40,"key":"SMITH"},{"data":"Burst","floor":46,"key":"SMITH"},{"data":"Tools of the Trade","floor":49,"key":"SMITH"}],"path_taken":["M","?","?","?","M","R","E","R","T","R","M","E","$","M","R","BOSS","M","?","M","M","?","E","R","E","T","M","R","E","?","M","R","BOSS","M","?","M","$","M","R","$","E","T","?","M","R","E","?","R","BOSS"],"build_version":"2018-06-14v2","seed_source_timestamp":0,"purchased_purges":1,"victory":true,"master_deck":["A Thousand Cuts","Distraction","Backstab+1","Reflex","Sucker Punch","Terror","Blade Dance+1","Footwork","Endless Agony","Deflect","Expertise+1","Bouncing Flask","Heel Hook","PiercingWail","Infinite Blades+1","Eviscerate","Tools of the Trade+1","Poisoned Stab","Bullet Time+1","Strike_G+1","Slice","Noxious Fumes","Crippling Poison","Backstab+1","Tactician","Quick Slash","Underhanded Strike","All Out Attack","Wraith Form v2+1","Die Die Die","Underhanded Strike","Defend_G","Outmaneuver","Heel Hook","Burst+1","Catalyst","Infinite Blades","Endless Agony+1","Storm of Steel+1","Reflex","Slice","Phantasmal Killer","Catalyst+1","Blade Dance","Survivor","Leg Sweep","Flechettes","Deflect","Injury","Riddle With Holes","Adrenaline+1","Skewer+1","Distraction+1","Dodge and Roll+1","Die Die Die","Cloak And Dagger+1","Deflect"],"max_hp_per_floor":[70,70,70,70,70,70,70,70,70,70,70,70,70,70,70,70,70,70,70,70,84,84,84,84,84,84,84,84,86,86,86,86,86,86,86,86,86,86,86,86,86,88,88,88,88,88,88,88,88,88],"special_seed":17699,"relics":["Ring of the Snake","Tingsha","Regal Pillow","Vajra","Oddly Smooth Stone","War Paint","Question Card","Art of War","Bag of Preparation","Singing Bowl","Potion Belt","Coffee Dripper","Darkstone Periapt","Ancient Tea Set","Mango","Blue Candle","Bag of Marbles","Whetstone","Letter Opener","Kunai","Bird Faced Urn","Juzu Bracelet","Anchor","Philosopher\u0027s Stone","Tough Bandages","Ornamental Fan","Unceasing Top","Blood Vial","Lantern","Meat on the Bone","Sundial","Omamori","Mummified Hand","Turnip"],"card_choices":[{"not_picked":["Bullet Time","Outmaneuver"],"picked":"SKIP","floor":7},{"not_picked":["Outmaneuver","Backflip"],"picked":"Riddle With Holes","floor":12},{"not_picked":["Burst","A Thousand Cuts"],"picked":"Adrenaline","floor":16},{"not_picked":["Dodge and Roll","Heel Hook"],"picked":"Distraction+1","floor":23},{"not_picked":["Deadly Poison","Distraction"],"picked":"Dodge and Roll+1","floor":25},{"not_picked":["PiercingWail","Noxious Fumes","Grand Finale"],"picked":"Singing Bowl","floor":29},{"not_picked":["Corpse Explosion","A Thousand Cuts"],"picked":"Die Die Die","floor":33},{"not_picked":["Underhanded Strike+1","Sucker Punch","Acrobatics+1"],"picked":"Singing Bowl","floor":42},{"not_picked":["Prepared+1","Dagger Throw+1"],"picked":"Cloak And Dagger+1","floor":47},{"not_picked":["Backflip","Predator+1"],"picked":"Deflect","floor":48}],"player_experience":77737,"potions_floor_usage":[7,12,23,25,42,50,50,50,50,50],"damage_taken":[{"damage":11,"enemies":"Jaw Worm","floor":1,"turns":2},{"damage":0,"enemies":"Small Slimes","floor":3,"turns":1},{"damage":0,"enemies":"Cultist","floor":5,"turns":2},{"damage":0,"enemies":"Gremlin Nob","floor":7,"turns":1},{"damage":0,"enemies":"Gremlin Gang","floor":11,"turns":3},{"damage":14,"enemies":"3 Sentries","floor":12,"turns":3},{"damage":0,"enemies":"3 Louse","floor":14,"turns":1},{"damage":10,"enemies":"Slime Boss","floor":16,"turns":6},{"damage":0,"enemies":"Spheric Guardian","floor":18,"turns":3},{"damage":9,"enemies":"2 Thieves","floor":20,"turns":3},{"damage":6,"enemies":"Snecko","floor":21,"turns":3},{"damage":6,"enemies":"3 Cultists","floor":22,"turns":3},{"damage":4,"enemies":"Gremlin Leader","floor":23,"turns":5},{"damage":1,"enemies":"Slavers","floor":25,"turns":4},{"damage":0,"enemies":"Sentry and Sphere","floor":27,"turns":2},{"damage":0,"enemies":"Book of Stabbing","floor":29,"turns":3},{"damage":0,"enemies":"Snake Plant","floor":31,"turns":1},{"damage":14,"enemies":"Automaton","floor":33,"turns":9},{"damage":0,"enemies":"Orb Walker","floor":35,"turns":1},{"damage":0,"enemies":"3 Shapes","floor":37,"turns":2},{"damage":10,"enemies":"Spire Growth","floor":39,"turns":3},{"damage":0,"enemies":"Nemesis","floor":42,"turns":3},{"damage":0,"enemies":"4 Shapes","floor":45,"turns":1},{"damage":0,"enemies":"2 Orb Walkers","floor":47,"turns":2},{"damage":0,"floor":48,"turns":3},{"damage":1,"enemies":"Donu and Deca","floor":50,"turns":5}],"relics_obtained":[{"floor":1,"key":"Tingsha"},{"floor":3,"key":"Regal Pillow"},{"floor":5,"key":"Vajra"},{"floor":7,"key":"Oddly Smooth Stone"},{"floor":9,"key":"War Paint"},{"floor":11,"key":"Question Card"},{"floor":12,"key":"Art of War"},{"floor":14,"key":"Singing Bowl"},{"floor":16,"key":"Potion Belt"},{"floor":18,"key":"Darkstone Periapt"},{"floor":20,"key":"Ancient Tea Set"},{"floor":21,"key":"Mango"},{"floor":22,"key":"Blue Candle"},{"floor":23,"key":"Bag of Marbles"},{"floor":25,"key":"Whetstone"},{"floor":26,"key":"Letter Opener"},{"floor":27,"key":"Kunai"},{"floor":29,"key":"Bird Faced Urn"},{"floor":31,"key":"Juzu Bracelet"},{"floor":33,"key":"Anchor"},{"floor":35,"key":"Tough Bandages"},{"floor":37,"key":"Ornamental Fan"},{"floor":39,"key":"Blood Vial"},{"floor":42,"key":"Meat on the Bone"},{"floor":43,"key":"Sundial"},{"floor":45,"key":"Omamori"},{"floor":47,"key":"Mummified Hand"},{"floor":48,"key":"Turnip"}],"event_choices":[{"event_name":"Living Wall","player_choice":"Grow","floor":2,"damage_taken":0},{"event_name":"Golden Idol","player_choice":"Take Wound","floor":4,"damage_taken":0},{"event_name":"The Library","player_choice":"Read","floor":19,"damage_taken":0},{"event_name":"The Joust","player_choice":"Bet on Murderer","floor":30,"damage_taken":0},{"event_name":"Falling","player_choice":"Removed Skill","floor":36,"damage_taken":0},{"event_name":"The Moai Head","player_choice":"Gave Idol","floor":44,"damage_taken":0},{"event_name":"Mysterious Sphere","player_choice":"Fight","floor":48,"damage_taken":0}],"boss_relics":[{"not_picked":["Lizard Tail","Snecko Eye"],"picked":"Coffee Dripper"},{"not_picked":["White Beast Statue","Velvet Choker"],"picked":"Philosopher\u0027s Stone"}],"items_purged_floors":[13],"is_endless":false,"potions_floor_spawned":[1,3,5,18,20,27,33,37,39,47],"seed_played":"250506482378582835","ascension_level":0,"potions_obtained":[{"floor":1,"key":"GhostInAJar"},{"floor":3,"key":"Swift Potion"},{"floor":5,"key":"SteroidPotion"},{"floor":18,"key":"Ancient Potion"},{"floor":20,"key":"LiquidBronze"},{"floor":27,"key":"Ancient Potion"},{"floor":33,"key":"GamblersBrew"},{"floor":37,"key":"Dexterity Potion"},{"floor":39,"key":"Poison Potion"},{"floor":47,"key":"LiquidBronze"}],"is_trial":false}