{"gold_per_floor":[109,9,29,29,104,138,138,163,163,197,211,243,259,317,317,419,419,431,448,466,466,273,273,273],"floor_reached":24,"playtime":2348,"items_purged":["Defend_G"],"score":258,"play_id":"d968ad7b-4a90-4abf-8d33-b0b1a3e35726","local_time":"20180826172349","is_ascension_mode":true,"campfire_choices":[{"floor":7.0,"key":"REST"},{"floor":15.0,"key":"REST"},{"floor":23,"key":"REST"}],"neow_cost":"","seed_source_timestamp":1014131134904873,"circlet_count":0,"master_deck":["Defend_G","Defend_G","Defend_G","Defend_G","Strike_G","Strike_G","Strike_G","Strike_G","Survivor","Neutralize","Noxious Fumes","Backflip","Infinite Blades","Poisoned Stab","Backstab","Backflip","Burst","Blur","Envenom","Footwork","Crippling Poison"],"special_seed":0,"relics":["Ring of the Snake","Pantograph","Pen Nib","Boot","Paper Crane","Gremlin Horn","Busted Crown"],"potions_floor_usage":[24],"damage_taken":[{"damage":6.0,"enemies":"Jaw Worm","floor":1.0,"turns":6.0},{"damage":2.0,"enemies":"2 Louse","floor":3.0,"turns":4.0},{"damage":30.0,"enemies":"Gremlin Nob","floor":6.0,"turns":5.0},{"damage":22.0,"enemies":"3 Sentries","floor":8.0,"turns":8.0},{"damage":17.0,"enemies":"Gremlin Nob","floor":10.0,"turns":4.0},{"damage":0.0,"enemies":"Small Slimes","floor":11.0,"turns":2.0},{"damage":5.0,"enemies":"3 Sentries","floor":12.0,"turns":10.0},{"damage":0.0,"enemies":"Red Slaver","floor":13.0,"turns":3.0},{"damage":46.0,"enemies":"Slime Boss","floor":16.0,"turns":14.0},{"damage":29.0,"enemies":"Spheric Guardian","floor":18.0,"turns":6.0},{"damage":9.0,"enemies":"Chosen","floor":19.0,"turns":4.0},{"damage":29.0,"enemies":"Sentry and Sphere","floor":20.0,"turns":9.0},{"damage":30,"enemies":"Slavers","floor":24,"turns":6}],"seed_played":"-5643594101164101483","potions_obtained":[{"floor":1.0,"key":"Swift Potion"},{"floor":10.0,"key":"Block Potion"},{"floor":12.0,"key":"SteroidPotion"},{"floor":16.0,"key":"PowerPotion"},{"floor":18.0,"key":"SkillPotion"}],"is_trial":false,"path_per_floor":["M","$","M","?","?","E","R","E","T","E","M","E","M","?","R","B",null,"M","M","M","?","$","R"],"character_chosen":"THE_SILENT","items_purchased":["Backflip","Infinite Blades","Footwork","Crippling Poison"],"campfire_rested":3,"item_purchase_floors":[2,2,22,22],"current_hp_per_floor":[64,64,62,67,56,26,48,26,26,9,9,4,4,4,26,5,75,46,37,8,8,8,30,0],"gold":273,"neow_bonus":"","is_prod":false,"is_daily":false,"chose_seed":false,"campfire_upgraded":0,"win_rate":0,"timestamp":1535322229,"path_taken":["M","$","M","?","?","E","R","E","T","E","?","E","M","?","R","BOSS","M","M","?","?","$","R","E"],"build_version":"2018-08-23v2","purchased_purges":1,"victory":false,"max_hp_per_floor":[70,70,70,75,75,75,75,75,75,75,75,75,75,75,75,75,75,75,75,75,75,75,75,75],"card_choices":[{"not_picked":["Blade Dance","Riddle With Holes"],"picked":"Noxious Fumes","floor":1.0},{"not_picked":["Bane","Blade Dance"],"picked":"Poisoned Stab","floor":3.0},{"not_picked":["PiercingWail","Expertise","Masterful Stab"],"picked":"SKIP","floor":6.0},{"not_picked":["Wraith Form v2","Cloak And Dagger"],"picked":"Backstab","floor":8.0},{"not_picked":["Eviscerate","Sucker Punch","Heel Hook"],"picked":"SKIP","floor":10.0},{"not_picked":["Acrobatics","Flying Knee"],"picked":"Backflip","floor":11.0},{"not_picked":["Finisher","Dagger Throw"],"picked":"Burst","floor":12.0},{"not_picked":["Dagger Spray","All Out Attack"],"picked":"Blur","floor":13.0},{"not_picked":["Venomology","Storm of Steel"],"picked":"Envenom","floor":16.0},{"not_picked":["Flying Knee"],"picked":"SKIP","floor":18.0},{"not_picked":["Quick Slash"],"picked":"SKIP","floor":19.0},{"not_picked":["Finisher"],"picked":"SKIP","floor":20}],"player_experience":296027,"relics_obtained":[{"floor":6.0,"key":"Pantograph"},{"floor":8.0,"key":"Pen Nib"},{"floor":9.0,"key":"Boot"},{"floor":10.0,"key":"Paper Crane"},{"floor":12.0,"key":"Gremlin Horn"}],"event_choices":[{"event_name":"Big Fish","player_choice":"Donut","floor":4.0,"damage_taken":0.0},{"event_name":"World of Goop","player_choice":"Gather Gold","floor":5.0,"damage_taken":0.0},{"event_name":"Golden Wing","player_choice":"Gained Gold","floor":14.0,"damage_taken":0.0},{"event_name":"Bonfire Elementals","player_choice":"BASIC","floor":21,"damage_taken":0}],"is_beta":false,"boss_relics":[{"not_picked":["Empty Cage","Calling Bell"],"picked":"Busted Crown"}],"items_purged_floors":[22],"is_endless":false,"potions_floor_spawned":[1,10,12,16,18],"killed_by":"Slavers","ascension_level":3}