{"gold_per_floor":[114,130,140,140,140,165,177,177,177,177],"floor_reached":10,"playtime":196,"items_purged":[],"score":136,"play_id":"9957fc52-e9e0-4ec6-a67a-a81a9e93aa4c","local_time":"20190925105558","is_ascension_mode":true,"campfire_choices":[{"floor":8,"key":"REST"}],"neow_cost":"NONE","seed_source_timestamp":729961385065700,"circlet_count":0,"master_deck":["AscendersBane","Strike_R","Strike_R","Strike_R","Strike_R","Strike_R","Defend_R","Defend_R","Defend_R","Defend_R","Bash","Rampage+1","Seeing Red","Rage","Fire Breathing"],"relics":["Burning Blood","NeowsBlessing","The Courier","Letter Opener"],"potions_floor_usage":[6,7],"damage_taken":[{"damage":0,"enemies":"Cultist","floor":1,"turns":1},{"damage":0,"enemies":"Jaw Worm","floor":2,"turns":1},{"damage":0,"enemies":"2 Louse","floor":3,"turns":1},{"damage":44,"enemies":"Gremlin Nob","floor":6,"turns":5},{"damage":37,"enemies":"Exordium Wildlife","floor":7,"turns":7},{"damage":36,"enemies":"Lagavulin","floor":10,"turns":7}],"seed_played":"1818324196537394222","potions_obtained":[{"floor":2,"key":"Weak Potion"},{"floor":3,"key":"Explosive Potion"}],"is_trial":false,"path_per_floor":["M","M","M","?","?","E","M","R","T","E"],"character_chosen":"IRONCLAD","items_purchased":[],"campfire_rested":1,"item_purchase_floors":[],"current_hp_per_floor":[74,75,75,80,80,42,11,35,35,0],"gold":177,"neow_bonus":"THREE_ENEMY_KILL","is_prod":false,"is_daily":false,"chose_seed":false,"campfire_upgraded":0,"win_rate":0,"timestamp":1569434158,"path_taken":["M","?","?","?","?","E","M","R","T","E"],"build_version":"2019-09-24","purchased_purges":0,"victory":false,"max_hp_per_floor":[75,75,75,80,80,80,80,80,80,80],"card_choices":[{"not_picked":["Wild Strike","Whirlwind"],"picked":"Rampage","floor":1},{"not_picked":["Cleave","Perfected Strike","Twin Strike"],"picked":"SKIP","floor":2},{"not_picked":["Pommel Strike","Iron Wave"],"picked":"Seeing Red","floor":3},{"not_picked":["Sever Soul","Blood for Blood"],"picked":"Rage","floor":6},{"not_picked":["Sword Boomerang","Havoc"],"picked":"Fire Breathing","floor":7}],"player_experience":1025493,"relics_obtained":[{"floor":6,"key":"The Courier"},{"floor":9,"key":"Letter Opener"}],"event_choices":[{"damage_healed":0,"gold_gain":0,"player_choice":"Donut","damage_taken":0,"max_hp_gain":5,"max_hp_loss":0,"event_name":"Big Fish","floor":4,"gold_loss":0},{"damage_healed":0,"gold_gain":0,"player_choice":"Upgraded","damage_taken":0,"max_hp_gain":0,"max_hp_loss":0,"event_name":"Upgrade Shrine","floor":5,"gold_loss":0,"cards_upgraded":["Rampage"]}],"is_beta":true,"boss_relics":[],"items_purged_floors":[],"is_endless":false,"potions_floor_spawned":[2,3],"killed_by":"Lagavulin","ascension_level":20}