{"gold_per_floor":[116,130,130,144,161,161,175,193,193,193,193,212,244,262,262,333,333,352,39,52,121,132,132,86,86,86,101,101],"floor_reached":28,"playtime":1235,"items_purged":["Strike_R"],"score":452,"play_id":"62665b4b-d916-49a5-a967-74b0d3eda021","local_time":"20190925111641","is_ascension_mode":true,"campfire_choices":[{"data":"Demon Form","floor":6,"key":"SMITH"},{"floor":11,"key":"REST"},{"floor":15,"key":"REST"},{"data":"Heavy Blade","floor":23,"key":"SMITH"},{"floor":25,"key":"REST"}],"neow_cost":"NONE","seed_source_timestamp":730165263344700,"circlet_count":0,"master_deck":["AscendersBane","Strike_R","Strike_R","Strike_R","Strike_R+1","Defend_R","Defend_R","Defend_R+1","Defend_R","Bash","Battle Trance","Demon Form+1","True Grit","Disarm","Ghostly Armor","Offering","Carnage","Immolate","Spot Weakness","Heavy Blade+1","Disarm"],"relics":["Burning Blood","Happy Flower","SsserpentHead","Nunchaku","SlaversCollar","Membership Card","Lantern","Tiny Chest","Pantograph"],"potions_floor_usage":[4,5,13,20,22,22,28],"damage_taken":[{"damage":1,"enemies":"2 Louse","floor":1,"turns":3},{"damage":7,"enemies":"Cultist","floor":2,"turns":4},{"damage":8,"enemies":"Small Slimes","floor":4,"turns":5},{"damage":35,"enemies":"Gremlin Gang","floor":5,"turns":4},{"damage":21,"enemies":"Exordium Thugs","floor":7,"turns":5},{"damage":1,"enemies":"Large Slime","floor":8,"turns":7},{"damage":29,"enemies":"3 Louse","floor":12,"turns":4},{"damage":15,"enemies":"3 Sentries","floor":13,"turns":9},{"damage":10,"enemies":"Blue Slaver","floor":14,"turns":3},{"damage":24,"enemies":"Hexaghost","floor":16,"turns":9},{"damage":19,"enemies":"Spheric Guardian","floor":18,"turns":4},{"damage":20,"enemies":"3 Byrds","floor":20,"turns":5},{"damage":20,"enemies":"3 Cultists","floor":21,"turns":5},{"damage":6,"enemies":"Snecko","floor":22,"turns":4},{"damage":20,"enemies":"Snake Plant","floor":27,"turns":3},{"damage":54,"enemies":"Book of Stabbing","floor":28,"turns":4}],"seed_played":"8330965022759166357","potions_obtained":[{"floor":2,"key":"Regen Potion"},{"floor":4,"key":"Strength Potion"},{"floor":7,"key":"Energy Potion"},{"floor":16,"key":"SpeedPotion"},{"floor":20,"key":"Swift Potion"},{"floor":27,"key":"EssenceOfSteel"}],"is_trial":false,"path_per_floor":["M","M","?","M","M","R","M","M","T","?","R","M","E","M","R","B",null,"M","$","M","M","M","R","?","R","T","M","E"],"character_chosen":"IRONCLAD","items_purchased":["Membership Card","BloodPotion","Lantern"],"campfire_rested":3,"item_purchase_floors":[19,19,19],"current_hp_per_floor":[80,79,54,66,37,37,22,27,27,27,51,28,19,15,39,21,67,54,54,56,42,42,42,42,66,66,52,0],"gold":101,"neow_bonus":"TEN_PERCENT_HP_BONUS","is_prod":false,"is_daily":false,"chose_seed":false,"campfire_upgraded":2,"win_rate":0,"timestamp":1569435401,"path_taken":["M","M","?","M","M","R","M","M","T","?","R","M","E","M","R","BOSS","M","$","M","?","M","R","?","R","T","M","E"],"build_version":"2019-09-24","purchased_purges":1,"victory":false,"max_hp_per_floor":[82,82,82,82,82,82,82,82,82,82,82,82,82,82,82,82,82,82,82,82,82,82,82,82,82,82,82,82],"card_choices":[{"not_picked":["Iron Wave","Warcry","Heavy Blade"],"picked":"SKIP","floor":1},{"not_picked":["Flex","Clothesline"],"picked":"Battle Trance","floor":2},{"not_picked":["Clothesline","Pummel"],"picked":"Demon Form","floor":4},{"not_picked":["Havoc","Flex","Twin Strike"],"picked":"SKIP","floor":5},{"not_picked":["Havoc","Searing Blow"],"picked":"True Grit","floor":7},{"not_picked":["Clothesline","Twin Strike"],"picked":"Disarm","floor":8},{"not_picked":["Fire Breathing","Wild Strike"],"picked":"Ghostly Armor","floor":12},{"not_picked":["Heavy Blade","Body Slam"],"picked":"Offering","floor":13},{"not_picked":["Warcry","Sever Soul"],"picked":"Carnage","floor":14},{"not_picked":["Double Tap","Brutality"],"picked":"Immolate","floor":16},{"not_picked":["Sentinel","Warcry+1"],"picked":"Spot Weakness","floor":18},{"not_picked":["Twin Strike","Pommel Strike"],"picked":"Heavy Blade","floor":20},{"not_picked":["True Grit","Twin Strike","Intimidate"],"picked":"SKIP","floor":21},{"not_picked":["Clothesline","Flex"],"picked":"Disarm","floor":22},{"not_picked":["Clash","Anger","Havoc+1"],"picked":"SKIP","floor":27}],"player_experience":1025689,"relics_obtained":[{"floor":9,"key":"Happy Flower"},{"floor":13,"key":"Nunchaku"},{"floor":26,"key":"Pantograph"}],"event_choices":[{"damage_healed":0,"gold_gain":0,"player_choice":"Entered Light","damage_taken":25,"max_hp_gain":0,"max_hp_loss":0,"event_name":"Shining Light","floor":3,"gold_loss":0,"cards_upgraded":["Defend_R","Strike_R"]},{"damage_healed":0,"gold_gain":0,"player_choice":"Trade","damage_taken":0,"relics_obtained":["SsserpentHead"],"max_hp_gain":0,"max_hp_loss":0,"event_name":"FaceTrader","floor":10,"gold_loss":0},{"damage_healed":0,"gold_gain":0,"player_choice":"Paid Gold","damage_taken":0,"relics_obtained":["Tiny Chest"],"max_hp_gain":0,"max_hp_loss":0,"event_name":"WeMeetAgain","floor":24,"gold_loss":126}],"is_beta":true,"boss_relics":[{"not_picked":["Black Blood","Tiny House"],"picked":"SlaversCollar"}],"items_purged_floors":[19],"is_endless":false,"potions_floor_spawned":[2,4,7,16,20,21,27],"killed_by":"Book of Stabbing","ascension_level":20}