{"gold_per_floor":[114,129,144,47,122,122,152,152,152,182,32,62,77,92,92,192,192,177,92,18,18,33,33,63,90,152,164],"floor_reached":27,"playtime":890,"items_purged":["Strike_B"],"score":251,"play_id":"dcd4a656-fb39-4c27-a4e1-ab1f9e052b91","local_time":"20180804153212","daily_mods":["Allstar","Elite Swarm","Uncertain Future"],"is_ascension_mode":false,"campfire_choices":[{"data":"Zap","floor":6,"key":"SMITH"},{"data":"Go for the Eyes","floor":8,"key":"SMITH"},{"floor":15,"key":"REST"},{"data":"White Noise","floor":23,"key":"SMITH"}],"neow_cost":"","seed_source_timestamp":0,"circlet_count":0,"master_deck":["Strike_B","Strike_B","Strike_B","Defend_B","Defend_B","Defend_B","Defend_B","Zap+1","Dualcast","Trip","Forethought","Flash of Steel","Finesse","Transmutation","White Noise+1","Conserve Battery","Leap","Go for the Eyes+1","Thunder Strike","Echo Form","Electrodynamics","Ball Lightning","FTL","Thunder Strike","Ball Lightning","Capacitor+1","Storm+1","Leap","Buffer+1","White Noise+1"],"special_seed":17747,"relics":["Cracked Core","Blue Candle","Question Card","Ornamental Fan","Blood Vial","Vajra","Black Star","Frozen Egg 2","MawBank","Art of War","Oddly Smooth Stone"],"potions_floor_usage":[7,16,25,25,27,27,27],"damage_taken":[{"damage":0,"enemies":"Cultist","floor":1,"turns":3},{"damage":0,"enemies":"Small Slimes","floor":2,"turns":3},{"damage":0,"enemies":"2 Louse","floor":3,"turns":3},{"damage":28,"enemies":"Gremlin Nob","floor":7,"turns":5},{"damage":15,"enemies":"Lagavulin","floor":10,"turns":7},{"damage":12,"enemies":"Gremlin Nob","floor":12,"turns":5},{"damage":0,"enemies":"Large Slime","floor":13,"turns":4},{"damage":3,"enemies":"Looter","floor":14,"turns":2},{"damage":19,"enemies":"The Guardian","floor":16,"turns":7},{"damage":21,"enemies":"2 Thieves","floor":18,"turns":4},{"damage":6,"enemies":"Shell Parasite","floor":22,"turns":4},{"damage":37,"enemies":"Book of Stabbing","floor":24,"turns":5},{"damage":15,"enemies":"3 Cultists","floor":25,"turns":4},{"damage":7,"enemies":"Gremlin Leader","floor":27,"turns":4}],"seed_played":"1205906015399424776","potions_obtained":[{"floor":1,"key":"Ancient Potion"},{"floor":13,"key":"Swift Potion"},{"floor":16,"key":"EntropicBrew"},{"floor":25,"key":"FearPotion"}],"is_trial":false,"path_per_floor":["M","M","M","$","?","R","E","R","T","E","$","E","M","M","R","B",null,"M","?","$","?","M","R","E","M","T"],"character_chosen":"DEFECT","items_purchased":["Go for the Eyes","Blood Vial","Capacitor+1"],"campfire_rested":1,"item_purchase_floors":[4,11,20],"current_hp_per_floor":[75,75,75,75,64,64,36,36,36,25,25,15,17,16,38,21,75,54,54,54,54,50,50,15,2,2,0],"gold":164,"neow_bonus":"","is_prod":false,"is_daily":true,"chose_seed":false,"campfire_upgraded":3,"win_rate":0,"timestamp":1533371532,"path_taken":["M","M","?","?","?","R","E","R","T","E","$","E","M","M","R","BOSS","M","?","$","?","M","R","E","M","T","E"],"build_version":"2018-08-01","purchased_purges":1,"victory":false,"max_hp_per_floor":[75,75,75,75,75,75,75,75,75,75,75,75,75,75,75,75,75,75,75,75,75,75,75,75,75,75,75],"card_choices":[{"not_picked":["Cold Snap","Coolheaded"],"picked":"White Noise","floor":1},{"not_picked":["Beam Cell","Barrage"],"picked":"Conserve Battery","floor":2},{"not_picked":["Machine Learning","Chill"],"picked":"Leap","floor":3},{"not_picked":["Fission","All For One"],"picked":"Thunder Strike","floor":7},{"not_picked":["Creative AI","Core Surge","Rainbow"],"picked":"Echo Form","floor":10},{"not_picked":["Biased Cognition","Multi-Cast","Echo Form"],"picked":"Electrodynamics","floor":12},{"not_picked":["Redo","Barrage","Coolheaded"],"picked":"Ball Lightning","floor":13},{"not_picked":["Sweeping Beam","Barrage","Turbo"],"picked":"FTL","floor":14},{"not_picked":["Amplify","Buffer","Rainbow"],"picked":"Thunder Strike","floor":16},{"not_picked":["Hologram","Darkness+1","Sweeping Beam+1"],"picked":"Ball Lightning","floor":18},{"not_picked":["Gash","Sweeping Beam","Barrage"],"picked":"Leap","floor":22},{"not_picked":["Echo Form+1","Hyperbeam","Rainbow"],"picked":"Buffer+1","floor":24},{"not_picked":["Aggregate+1","Steam Power","Storm+1"],"picked":"White Noise+1","floor":25}],"player_experience":277258,"relics_obtained":[{"floor":7,"key":"Blue Candle"},{"floor":9,"key":"Question Card"},{"floor":10,"key":"Ornamental Fan"},{"floor":12,"key":"Vajra"},{"floor":24,"key":"MawBank"},{"floor":24,"key":"Art of War"},{"floor":26,"key":"Oddly Smooth Stone"}],"event_choices":[{"event_name":"World of Goop","player_choice":"Gather Gold","floor":5,"damage_taken":0},{"event_name":"Addict","player_choice":"Obtained Relic","floor":19,"damage_taken":0},{"event_name":"The Library","player_choice":"Read","floor":21,"damage_taken":0}],"is_beta":true,"boss_relics":[{"not_picked":["Empty Cage","White Beast Statue"],"picked":"Black Star"}],"items_purged_floors":[4],"is_endless":false,"potions_floor_spawned":[1,13,16,25],"killed_by":"Gremlin Leader","ascension_level":0}