{"gold_per_floor":[109,129,147,166,184,184,210,222,222,235,265,284,302,35,35,108,108,122,139,153,165,10,10,36,36,111,146,156,171,205,205,205,278,278,295,168,168,182,192,218,218,245,272,292,322,340,340,685,685,685],"floor_reached":50,"playtime":4219,"items_purged":["Strike_R","Strike_R"],"score":1470,"play_id":"d5e671be-2a8a-4feb-9bf6-06d702ea4c48","local_time":"20190409000740","is_ascension_mode":true,"campfire_choices":[{"data":"Hemokinesis","floor":6.0,"key":"SMITH"},{"data":"Bash","floor":15.0,"key":"SMITH"},{"floor":23.0,"key":"REST"},{"data":"Armaments","floor":32.0,"key":"SMITH"},{"data":"Uppercut","floor":41.0,"key":"SMITH"},{"floor":47.0,"key":"RECALL"},{"data":"Heavy Blade","floor":49,"key":"SMITH"}],"neow_cost":"TEN_PERCENT_HP_LOSS","seed_source_timestamp":128911241560788,"circlet_count":0,"master_deck":["AscendersBane","Strike_R","Strike_R","Strike_R","Defend_R","Defend_R","Defend_R","Defend_R","Bash+1","Feed","Rampage+1","Shrug It Off","Hemokinesis+1","True Grit","Armaments","Metallicize","Reaper","Pommel Strike","True Grit","Offering","Perfected Strike","Corruption","True Grit+1","Double Tap","Uppercut+1","Evolve","Writhe","Immolate","Armaments+1","Dual Wield","Bludgeon","Shame","Regret","Writhe","Shrug It Off","Rupture","Intimidate+1","Heavy Blade+1","Shrug It Off","Fiend Fire","Hemokinesis+1"],"special_seed":0,"relics":["Burning Blood","Thread and Needle","Juzu Bracelet","Mummified Hand","Snecko Eye","Red Skull","The Courier","Mercury Hourglass","Pen Nib","Vajra","Magic Flower","Calling Bell","PreservedInsect","Ornamental Fan","FossilizedHelix","Smiling Mask","Shuriken","Blood Vial","Torii","Old Coin"],"potions_floor_usage":[50,50],"damage_taken":[{"damage":18.0,"enemies":"Cultist","floor":1.0,"turns":5.0},{"damage":3.0,"enemies":"2 Louse","floor":2.0,"turns":5.0},{"damage":0.0,"enemies":"Jaw Worm","floor":3.0,"turns":3.0},{"damage":3.0,"enemies":"Exordium Wildlife","floor":4.0,"turns":4.0},{"damage":0.0,"enemies":"Gremlin Gang","floor":5.0,"turns":1.0},{"damage":41.0,"enemies":"3 Sentries","floor":7.0,"turns":11.0},{"damage":3.0,"enemies":"3 Louse","floor":8.0,"turns":7.0},{"damage":2.0,"enemies":"Exordium Wildlife","floor":10.0,"turns":3.0},{"damage":10.0,"enemies":"Lagavulin","floor":11.0,"turns":7.0},{"damage":1.0,"enemies":"Blue Slaver","floor":12.0,"turns":5.0},{"damage":5.0,"enemies":"Red Slaver","floor":13.0,"turns":6.0},{"damage":36.0,"enemies":"The Guardian","floor":16.0,"turns":15.0},{"damage":10.0,"enemies":"Chosen","floor":18.0,"turns":5.0},{"damage":5.0,"enemies":"2 Thieves","floor":19.0,"turns":4.0},{"damage":11.0,"enemies":"Centurion and Healer","floor":20.0,"turns":4.0},{"damage":56.0,"enemies":"Cultist and Chosen","floor":21.0,"turns":8.0},{"damage":24.0,"enemies":"Gremlin Leader","floor":24.0,"turns":4.0},{"damage":27.0,"enemies":"Book of Stabbing","floor":27.0,"turns":5.0},{"damage":18.0,"enemies":"Snake Plant","floor":28.0,"turns":3.0},{"damage":10.0,"enemies":"Centurion and Healer","floor":29.0,"turns":5.0},{"damage":14.0,"enemies":"Gremlin Leader","floor":30.0,"turns":6.0},{"damage":61.0,"enemies":"Champ","floor":33.0,"turns":10.0},{"damage":13.0,"enemies":"Orb Walker","floor":35.0,"turns":4.0},{"damage":32.0,"enemies":"3 Shapes","floor":38.0,"turns":7.0},{"damage":60.0,"enemies":"3 Darklings","floor":39.0,"turns":6.0},{"damage":53.0,"enemies":"Giant Head","floor":40.0,"turns":6.0},{"damage":59.0,"enemies":"Nemesis","floor":42.0,"turns":7.0},{"damage":11.0,"enemies":"Jaw Worm Horde","floor":44.0,"turns":5.0},{"damage":44.0,"enemies":"Reptomancer","floor":45.0,"turns":5.0},{"damage":31.0,"enemies":"Spire Growth","floor":46.0,"turns":4.0},{"damage":35,"enemies":"2 Orb Walkers","floor":48,"turns":6},{"damage":77,"enemies":"Awakened One","floor":50,"turns":6}],"seed_played":"8762467352711743164","potions_obtained":[{"floor":2.0,"key":"BloodPotion"},{"floor":3.0,"key":"Block Potion"},{"floor":4.0,"key":"AttackPotion"},{"floor":13.0,"key":"Explosive Potion"},{"floor":16.0,"key":"PowerPotion"},{"floor":24.0,"key":"EntropicBrew"},{"floor":27.0,"key":"FearPotion"},{"floor":38.0,"key":"Dexterity Potion"},{"floor":40.0,"key":"Weak Potion"},{"floor":44.0,"key":"Block Potion"},{"floor":46.0,"key":"EssenceOfSteel"}],"is_trial":false,"path_per_floor":["M","M","M","M","M","R","E","M","T","M","E","M","M","$","R","B",null,"M","M","M","M","$","R","E","?","T","E","M","M","E","T","R","B",null,"M","$","?","M","M","E","R","E","T","M","E","M","R","?","R","B"],"character_chosen":"IRONCLAD","items_purchased":["Mummified Hand","Uppercut","Shrug It Off"],"campfire_rested":1,"item_purchase_floors":[14,22,36],"current_hp_per_floor":[56,62,71,77,80,80,48,54,54,61,57,70,80,80,80,56,86,82,92,101,54,54,84,66,66,66,49,45,59,75,75,75,37,93,114,114,114,104,117,105,105,55,55,98,82,63,63,58,58,0],"gold":685,"neow_bonus":"THREE_RARE_CARDS","is_prod":false,"is_daily":false,"chose_seed":false,"campfire_upgraded":5,"win_rate":0,"timestamp":1554782860,"path_taken":["M","M","M","M","M","R","E","?","T","M","E","M","M","$","R","BOSS","M","M","M","M","$","R","E","?","T","E","M","M","E","?","R","BOSS","M","$","?","M","M","E","R","E","T","M","E","M","R","?","R","BOSS"],"build_version":"2019-01-23","purchased_purges":2,"victory":false,"max_hp_per_floor":[68,71,74,77,80,80,83,86,86,89,89,93,96,96,96,96,96,96,99,103,103,103,103,103,103,103,103,103,107,111,111,111,111,111,114,114,114,117,117,117,117,117,117,117,117,117,117,117,117,117],"card_choices":[{"not_picked":["Demon Form","Barricade"],"picked":"Feed","floor":0.0},{"not_picked":["Warcry","Iron Wave"],"picked":"Rampage","floor":1.0},{"not_picked":["Pummel","Infernal Blade"],"picked":"Shrug It Off","floor":2.0},{"not_picked":["True Grit","Sentinel"],"picked":"Hemokinesis","floor":3.0},{"not_picked":["Thunderclap","Infernal Blade","Power Through"],"picked":"SKIP","floor":4.0},{"not_picked":["Rupture","Perfected Strike"],"picked":"True Grit","floor":5.0},{"not_picked":["Power Through","Infernal Blade","Sentinel"],"picked":"SKIP","floor":7.0},{"not_picked":["Cleave","Dropkick"],"picked":"Armaments","floor":8.0},{"not_picked":["Iron Wave","Bloodletting"],"picked":"Metallicize","floor":10.0},{"not_picked":["Rampage","Brutality"],"picked":"Reaper","floor":11.0},{"not_picked":["Clash","Twin Strike"],"picked":"Pommel Strike","floor":12.0},{"not_picked":["Twin Strike","Infernal Blade"],"picked":"True Grit","floor":13.0},{"not_picked":["Immolate","Reaper"],"picked":"Offering","floor":16.0},{"not_picked":["Dropkick","Burning Pact"],"picked":"Perfected Strike","floor":18.0},{"not_picked":["Twin Strike","Second Wind"],"picked":"Corruption","floor":19.0},{"not_picked":["Sword Boomerang+1","Havoc"],"picked":"True Grit+1","floor":20.0},{"not_picked":["Cleave","Metallicize"],"picked":"Double Tap","floor":21.0},{"not_picked":["True Grit","Anger+1"],"picked":"Evolve","floor":24.0},{"not_picked":["True Grit","Whirlwind"],"picked":"Immolate","floor":27.0},{"not_picked":["Wild Strike","Sever Soul","Hemokinesis"],"picked":"SKIP","floor":28.0},{"not_picked":["Ghostly Armor+1","Body Slam"],"picked":"Armaments","floor":29.0},{"not_picked":["Reaper","Hemokinesis"],"picked":"Dual Wield","floor":30.0},{"not_picked":["Offering","Juggernaut"],"picked":"Bludgeon","floor":33.0},{"not_picked":["Sword Boomerang","Anger+1","Rampage+1"],"picked":"SKIP","floor":35.0},{"not_picked":["Sword Boomerang+1","Exhume"],"picked":"Rupture","floor":38.0},{"not_picked":["Perfected Strike","Sword Boomerang+1","Flex"],"picked":"SKIP","floor":39.0},{"not_picked":["Dual Wield","Armaments"],"picked":"Intimidate+1","floor":40.0},{"not_picked":["Anger","Searing Blow"],"picked":"Heavy Blade","floor":42.0},{"not_picked":["Cleave","Sword Boomerang"],"picked":"Shrug It Off","floor":44.0},{"not_picked":["True Grit","Sentinel"],"picked":"Fiend Fire","floor":45.0},{"not_picked":["Sever Soul","Searing Blow"],"picked":"Hemokinesis+1","floor":46.0}],"player_experience":675639,"relics_obtained":[{"floor":7.0,"key":"Thread and Needle"},{"floor":11.0,"key":"Juzu Bracelet"},{"floor":24.0,"key":"Red Skull"},{"floor":26.0,"key":"Mercury Hourglass"},{"floor":27.0,"key":"Pen Nib"},{"floor":30.0,"key":"Vajra"},{"floor":31.0,"key":"Magic Flower"},{"floor":34.0,"key":"PreservedInsect"},{"floor":34.0,"key":"Ornamental Fan"},{"floor":34.0,"key":"FossilizedHelix"},{"floor":40.0,"key":"Smiling Mask"},{"floor":42.0,"key":"Shuriken"},{"floor":43.0,"key":"Blood Vial"},{"floor":45.0,"key":"Torii"},{"floor":48,"key":"Old Coin"}],"event_choices":[{"damage_healed":0.0,"max_hp_gain":0.0,"max_hp_loss":0.0,"gold_gain":0.0,"event_name":"The Mausoleum","player_choice":"Opened","floor":25.0,"gold_loss":0.0,"damage_taken":0.0,"relics_obtained":["The Courier"],"cards_obtained":["Writhe"]},{"damage_healed":0.0,"max_hp_gain":0.0,"max_hp_loss":0.0,"gold_gain":0.0,"event_name":"Accursed Blacksmith","player_choice":"Forge","floor":37.0,"gold_loss":0.0,"damage_taken":0.0,"cards_upgraded":["Rampage"]},{"damage_healed":0,"gold_gain":0,"player_choice":"Fight","damage_taken":0,"max_hp_gain":0,"max_hp_loss":0,"event_name":"Mysterious Sphere","floor":48,"gold_loss":0}],"is_beta":false,"boss_relics":[{"not_picked":["White Beast Statue","Black Star"],"picked":"Snecko Eye"},{"not_picked":["Sozu","Eternal Feather"],"picked":"Calling Bell"}],"items_purged_floors":[22,36],"is_endless":false,"potions_floor_spawned":[2,3,4,13,16,24,27,28,30,38,40,44,46],"killed_by":"Awakened One","ascension_level":20}