{"path_per_floor":["M","?","M","M","$","R","E","M","T","E","M","E","T","E","R","B",null,"M","M","?","M","$","R","M","E","T","M","R","$","?","M","R","B",null,"M","?","?","M","$","E","R","T","T","T","R","E","R","M","R","B"],"character_chosen":"DEFECT","items_purchased":["Go for the Eyes","Scrape","Beam Cell"],"gold_per_floor":[114,114,129,144,23,23,53,68,148,178,193,223,248,278,278,378,378,393,408,333,348,213,213,228,258,308,323,323,172,95,110,110,210,210,225,225,258,273,123,153,153,153,178,178,178,208,208,223,223,223],"floor_reached":51,"campfire_rested":0,"playtime":2520,"item_purchase_floors":[5,22,29],"current_hp_per_floor":[75,85,85,84,84,84,84,79,85,85,79,79,85,85,85,103,121,121,118,118,107,107,107,106,106,112,89,89,89,89,74,74,77,133,99,99,77,69,69,68,68,74,80,86,86,82,82,86,86,52],"items_purged":["Strike_B","Defend_B","Writhe","Strike_B"],"gold":223,"score":1128,"play_id":"23f219d8-060e-4d69-bb0f-2f27b76c388e","local_time":"20180625085655","daily_mods":["Brewmaster","Cursed Run","Binary"],"is_prod":false,"is_daily":true,"chose_seed":false,"is_ascension_mode":false,"campfire_upgraded":9,"win_rate":0,"timestamp":1529893615,"campfire_choices":[{"data":"Go for the Eyes","floor":6,"key":"SMITH"},{"data":"Creative AI","floor":15,"key":"SMITH"},{"data":"Beam Cell","floor":23,"key":"SMITH"},{"data":"Scrape","floor":28,"key":"SMITH"},{"data":"Beam Cell","floor":32,"key":"SMITH"},{"data":"All For One","floor":41,"key":"SMITH"},{"data":"Steam Power","floor":45,"key":"SMITH"},{"data":"Hologram","floor":47,"key":"SMITH"},{"data":"BootSequence","floor":49,"key":"SMITH"}],"path_taken":["M","?","M","M","$","R","E","M","T","E","M","E","?","E","R","BOSS","M","M","?","M","$","R","M","E","T","?","R","$","?","M","R","BOSS","M","?","?","?","$","E","R","?","T","?","R","E","R","M","R","BOSS"],"build_version":"2018-06-21","seed_source_timestamp":0,"purchased_purges":4,"circlet_count":0,"victory":true,"master_deck":["Strike_B","Strike_B","Defend_B","Defend_B","Zap","Dualcast","Venomology","Venomology","Venomology","Venomology","Hologram+1","Ball Lightning","Conserve Battery","Go for the Eyes+1","Beam Cell+1","Creative AI+1","BootSequence+1","Writhe","Rip and Tear","Doubt","Clumsy","Clumsy","Normality","White Noise","Scrape+1","Scrape+1","Steam Power+1","Doubt","Beam Cell+1","J.A.X.","Gash+1","Parasite","All For One+1","Go for the Eyes","Leap","Leap","Leap+1","Beam Cell+1","Normality","Regret","Doubt","Pain"],"max_hp_per_floor":[75,85,85,85,85,85,85,85,91,91,91,91,97,97,97,103,121,121,121,121,121,121,121,121,121,127,127,127,127,127,127,127,133,133,133,133,133,133,133,133,133,139,145,151,151,151,151,151,151,157],"special_seed":17707,"relics":["Cursed Key","Darkstone Periapt","Du-Vu Doll","White Beast Statue","Potion Belt","Tiny Chest","Blue Candle","Incense Burner","Ancient Tea Set","Oddly Smooth Stone","Calling Bell","Vajra","Meat on the Bone","Prayer Wheel","Lantern","Happy Flower","Orrery","Turnip","Toolbox","Bird Faced Urn","Art of War","Mummified Hand","Mercury Hourglass"],"card_choices":[{"not_picked":["Force Field"],"picked":"Hologram","floor":1},{"not_picked":["Self Repair"],"picked":"Ball Lightning","floor":3},{"not_picked":["Blizzard"],"picked":"Conserve Battery","floor":4},{"not_picked":["Conserve Battery","Aggregate"],"picked":"SKIP","floor":7},{"not_picked":["Steam Power"],"picked":"Beam Cell","floor":8},{"not_picked":["Ball Lightning"],"picked":"Creative AI","floor":10},{"not_picked":["Steam","Streamline"],"picked":"SKIP","floor":11},{"not_picked":["Recycle"],"picked":"BootSequence","floor":12},{"not_picked":["Reinforced Body"],"picked":"Rip and Tear","floor":14},{"not_picked":["Leap"],"picked":"White Noise","floor":18},{"not_picked":["Stack","Redo"],"picked":"SKIP","floor":18},{"not_picked":["Steam","Rebound"],"picked":"SKIP","floor":19},{"not_picked":["Ball Lightning","Creative AI"],"picked":"SKIP","floor":19},{"not_picked":["Barrage+1","Reprogram"],"picked":"SKIP","floor":21},{"not_picked":["Stack+1","Double Energy"],"picked":"SKIP","floor":21},{"not_picked":["Defragment+1"],"picked":"Scrape+1","floor":24},{"not_picked":["Conserve Battery","Rebound"],"picked":"SKIP","floor":24},{"not_picked":["Cold Snap"],"picked":"Steam Power","floor":25},{"not_picked":["Streamline","White Noise"],"picked":"SKIP","floor":27},{"not_picked":["Redo","Barrage"],"picked":"SKIP","floor":27},{"not_picked":["Scrape"],"picked":"Gash+1","floor":31},{"not_picked":["Genetic Algorithm","Sweeping Beam"],"picked":"SKIP","floor":31},{"not_picked":["Machine Learning"],"picked":"All For One","floor":33},{"not_picked":["Coolheaded"],"picked":"Go for the Eyes","floor":34},{"not_picked":["Turbo"],"picked":"Leap","floor":34},{"not_picked":["Chill"],"picked":"Leap","floor":34},{"not_picked":["Compile Driver+1","Ball Lightning"],"picked":"SKIP","floor":35},{"not_picked":["Sweeping Beam","Aggregate+1"],"picked":"SKIP","floor":35},{"not_picked":["Reprogram"],"picked":"Leap+1","floor":37},{"not_picked":["Coolheaded+1"],"picked":"Beam Cell+1","floor":38},{"not_picked":["Coolheaded+1","Rainbow"],"picked":"SKIP","floor":38},{"not_picked":["Static Discharge+1","Streamline"],"picked":"SKIP","floor":40},{"not_picked":["Leap+1","Steam"],"picked":"SKIP","floor":46},{"not_picked":["Redo+1","Ball Lightning"],"picked":"SKIP","floor":48},{"not_picked":["Conserve Battery+1","Undo"],"picked":"SKIP","floor":48}],"player_experience":111228,"potions_floor_usage":[1,1,1,3,3,3,3,7,7,7,7,8,10,10,10,10,10,10,11,12,12,12,12,14,14,14,14,14,16,16,16,16,16,18,18,18,18,18,18,18,19,19,21,21,25,25,25,25,25,27,27,31,31,31,33,33,33,33,33,33,33,33,33,33,33,35,37,37,37,37,38,38,40,40,46,46,46,46,48,50,50,50,50,50,50,50,50,50],"damage_taken":[{"damage":0,"enemies":"Cultist","floor":1,"turns":4},{"damage":0,"enemies":"Small Slimes","floor":3,"turns":3},{"damage":1,"enemies":"Jaw Worm","floor":4,"turns":2},{"damage":0,"enemies":"Gremlin Nob","floor":7,"turns":3},{"damage":5,"enemies":"Large Slime","floor":8,"turns":6},{"damage":0,"enemies":"Lagavulin","floor":10,"turns":5},{"damage":6,"enemies":"2 Fungi Beasts","floor":11,"turns":4},{"damage":0,"enemies":"3 Sentries","floor":12,"turns":5},{"damage":0,"enemies":"Gremlin Nob","floor":14,"turns":3},{"damage":2,"enemies":"Hexaghost","floor":16,"turns":7},{"damage":0,"enemies":"3 Byrds","floor":18,"turns":3},{"damage":3,"enemies":"Shell Parasite","floor":19,"turns":4},{"damage":11,"enemies":"Cultist and Chosen","floor":21,"turns":6},{"damage":1,"enemies":"Snecko","floor":24,"turns":3},{"damage":0,"enemies":"Gremlin Leader","floor":25,"turns":5},{"damage":23,"enemies":"Chosen and Byrds","floor":27,"turns":4},{"damage":15,"enemies":"Snake Plant","floor":31,"turns":3},{"damage":15,"enemies":"Collector","floor":33,"turns":6},{"damage":34,"enemies":"3 Shapes","floor":35,"turns":4},{"damage":22,"floor":37,"turns":6},{"damage":8,"enemies":"3 Darklings","floor":38,"turns":7},{"damage":13,"enemies":"Nemesis","floor":40,"turns":7},{"damage":25,"enemies":"Giant Head","floor":46,"turns":7},{"damage":10,"enemies":"Sphere and 2 Shapes","floor":48,"turns":3},{"damage":74,"enemies":"Time Eater","floor":50,"turns":13}],"relics_obtained":[{"floor":7,"key":"Potion Belt"},{"floor":9,"key":"Tiny Chest"},{"floor":10,"key":"Blue Candle"},{"floor":12,"key":"Incense Burner"},{"floor":13,"key":"Ancient Tea Set"},{"floor":14,"key":"Oddly Smooth Stone"},{"floor":17,"key":"Vajra"},{"floor":17,"key":"Meat on the Bone"},{"floor":17,"key":"Prayer Wheel"},{"floor":25,"key":"Lantern"},{"floor":26,"key":"Happy Flower"},{"floor":37,"key":"Turnip"},{"floor":40,"key":"Toolbox"},{"floor":42,"key":"Bird Faced Urn"},{"floor":43,"key":"Art of War"},{"floor":44,"key":"Mummified Hand"},{"floor":46,"key":"Mercury Hourglass"}],"event_choices":[{"event_name":"Bonfire Elementals","player_choice":"RARE","floor":2,"damage_taken":0},{"event_name":"Beggar","player_choice":"Gave Gold","floor":20,"damage_taken":0},{"event_name":"Drug Dealer","player_choice":"Got JAXXED","floor":30,"damage_taken":0},{"event_name":"SecretPortal","player_choice":"Rejected Portal.","floor":36,"damage_taken":0},{"event_name":"Mysterious Sphere","player_choice":"Fight","floor":37,"damage_taken":0}],"boss_relics":[{"not_picked":["Lizard Tail","Sozu"],"picked":"Calling Bell"},{"not_picked":["Inserter","Runic Dome"],"picked":"Orrery"}],"items_purged_floors":[5,22,29,39],"is_endless":false,"potions_floor_spawned":[1,3,4,7,8,10,11,12,14,16,18,19,21,24,25,27,31,33,35,37,38,40,46,48],"seed_played":"7310111369366401592","ascension_level":0,"potions_obtained":[{"floor":1,"key":"Fire Potion"},{"floor":7,"key":"Strength Potion"},{"floor":10,"key":"Explosive Potion"},{"floor":11,"key":"SteroidPotion"},{"floor":12,"key":"Poison Potion"},{"floor":14,"key":"GamblersBrew"},{"floor":16,"key":"Poison Potion"},{"floor":25,"key":"FocusPotion"},{"floor":33,"key":"Dexterity Potion"},{"floor":35,"key":"Poison Potion"},{"floor":37,"key":"Ancient Potion"},{"floor":46,"key":"SpeedPotion"}],"is_trial":false}