{"gold_per_floor":[113,128,128,144,156,156,187,112,135,135,150,166,166,180,180,180],"floor_reached":16,"playtime":4730,"items_purged":["Strike_G"],"score":192,"play_id":"4b1566d7-1226-413b-a825-0bd53cd7167d","local_time":"20190728143629","is_ascension_mode":true,"campfire_choices":[{"data":"Night Terror","floor":6,"key":"SMITH"},{"floor":13,"key":"REST"},{"data":"Neutralize","floor":15,"key":"SMITH"}],"neow_cost":"NONE","seed_source_timestamp":354123002483771,"circlet_count":0,"master_deck":["AscendersBane","Strike_G","Strike_G","Defend_G","Defend_G","Defend_G","Defend_G","Defend_G","Survivor","Neutralize+1","Night Terror+1","Deadly Poison","Cloak And Dagger","Flechettes","Dagger Spray","Setup","Deadly Poison","Bane","Deadly Poison"],"relics":["Ring of the Snake","Ancient Tea Set","Vajra"],"potions_floor_usage":[7,14],"damage_taken":[{"damage":0,"enemies":"Small Slimes","floor":1,"turns":7},{"damage":0,"enemies":"2 Louse","floor":2,"turns":3},{"damage":0,"enemies":"Cultist","floor":4,"turns":4},{"damage":4,"enemies":"Exordium Thugs","floor":5,"turns":9},{"damage":25,"enemies":"Gremlin Nob","floor":7,"turns":5},{"damage":0,"enemies":"Exordium Wildlife","floor":11,"turns":2},{"damage":2,"enemies":"Blue Slaver","floor":12,"turns":3},{"damage":0,"enemies":"3 Louse","floor":14,"turns":2},{"damage":48,"enemies":"Slime Boss","floor":16,"turns":9}],"seed_played":"-1171021322029179945","potions_obtained":[{"floor":5,"key":"Strength Potion"},{"floor":7,"key":"Swift Potion"}],"is_trial":false,"path_per_floor":["M","M","?","M","M","R","E","$","T","?","M","M","R","M","R","B"],"character_chosen":"THE_SILENT","items_purchased":[],"campfire_rested":1,"item_purchase_floors":[],"current_hp_per_floor":[59,59,59,59,55,55,30,30,30,30,30,28,47,47,47,0],"gold":180,"neow_bonus":"ONE_RANDOM_RARE_CARD","is_prod":false,"is_daily":false,"chose_seed":false,"campfire_upgraded":2,"win_rate":0,"timestamp":1564342589,"path_taken":["M","M","?","M","M","R","E","$","T","?","M","M","R","?","R","BOSS"],"build_version":"2019-07-17","purchased_purges":1,"victory":false,"max_hp_per_floor":[66,66,66,66,66,66,66,66,66,66,66,66,66,66,66,66],"card_choices":[{"not_picked":["Blade Dance","Eviscerate"],"picked":"Deadly Poison","floor":1},{"not_picked":["Sucker Punch","Dagger Throw"],"picked":"Cloak And Dagger","floor":2},{"not_picked":["Slice","Dagger Throw","Choke"],"picked":"SKIP","floor":4},{"not_picked":["Heel Hook","Bane"],"picked":"Flechettes","floor":5},{"not_picked":["All Out Attack","PiercingWail"],"picked":"Dagger Spray","floor":7},{"not_picked":["Terror","Storm of Steel"],"picked":"Deadly Poison","floor":11},{"not_picked":["Underhanded Strike","Cloak And Dagger"],"picked":"Bane","floor":12},{"not_picked":["Slice","Grand Finale"],"picked":"Deadly Poison","floor":14}],"player_experience":1644218,"relics_obtained":[{"floor":7,"key":"Ancient Tea Set"},{"floor":9,"key":"Vajra"}],"event_choices":[{"cards_removed":["Strike_G"],"damage_healed":0,"gold_gain":0,"player_choice":"Forget","damage_taken":0,"max_hp_gain":0,"max_hp_loss":0,"event_name":"Living Wall","floor":3,"gold_loss":0},{"damage_healed":0,"gold_gain":0,"cards_transformed":["Strike_G"],"player_choice":"Transformed","damage_taken":0,"max_hp_gain":0,"max_hp_loss":0,"event_name":"Transmorgrifier","floor":10,"gold_loss":0,"cards_obtained":["Setup"]}],"is_beta":false,"boss_relics":[],"items_purged_floors":[8],"is_endless":false,"potions_floor_spawned":[5,7],"killed_by":"Slime Boss","ascension_level":17}