{"gold_per_floor":[116,116,116,116,116,116,152,171,224,149,149],"floor_reached":11,"playtime":230,"items_purged":["Strike_P"],"score":135,"play_id":"edc809fa-a193-4901-9ebc-520efc974c43","local_time":"20190923172404","is_ascension_mode":true,"campfire_choices":[{"data":"Eruption","floor":6.0,"key":"SMITH"}],"neow_cost":"NONE","seed_source_timestamp":48548373297600,"circlet_count":0,"master_deck":["AscendersBane","Strike_P","Strike_P","Strike_P","Defend_P","Defend_P","Defend_P","Eruption+1","Vigilance","BattleHymn"],"special_seed":0,"relics":["SacredBark","Golden Idol","Art of War","Shovel","Tiny Chest"],"potions_floor_usage":[7],"damage_taken":[{"damage":2.0,"enemies":"2 Louse","floor":1.0,"turns":4.0},{"damage":50,"enemies":"Lagavulin","floor":7,"turns":9},{"damage":4,"enemies":"Jaw Worm","floor":8,"turns":3},{"damage":36,"enemies":"Gremlin Nob","floor":11,"turns":3}],"seed_played":"-1123941244824450061","potions_obtained":[{"floor":1.0,"key":"Energy Potion"},{"floor":5.0,"key":"Regen Potion"},{"floor":5.0,"key":"LiquidBronze"}],"is_trial":false,"path_per_floor":["M","?","?","?","?","R","E","M","T","$","E"],"character_chosen":"WATCHER","items_purchased":[],"campfire_rested":0,"item_purchase_floors":[],"current_hp_per_floor":[53,53,53,42,42,42,35,31,31,31,0],"gold":149,"neow_bonus":"BOSS_RELIC","is_prod":false,"is_daily":false,"chose_seed":false,"campfire_upgraded":1,"win_rate":0,"timestamp":1569234244,"path_taken":["M","?","?","?","?","R","E","M","T","$","E"],"build_version":"2019-09-20","purchased_purges":1,"victory":false,"max_hp_per_floor":[61,55,55,55,55,55,55,55,55,55,55],"card_choices":[{"not_picked":["Halt","Collect","Wireheading"],"picked":"SKIP","floor":1.0},{"not_picked":["Conclude","Consecrate"],"picked":"BattleHymn","floor":7},{"not_picked":["WaveOfTheHand","BowlingBash","JustLucky"],"picked":"SKIP","floor":8}],"player_experience":1135178,"relics_obtained":[{"floor":7,"key":"Shovel"},{"floor":9,"key":"Tiny Chest"}],"event_choices":[{"damage_healed":0.0,"max_hp_gain":0.0,"max_hp_loss":6.0,"gold_gain":0.0,"event_name":"Golden Idol","player_choice":"Lose Max HP","floor":2.0,"gold_loss":0.0,"damage_taken":0.0,"relics_obtained":["Golden Idol"]},{"cards_removed":["Defend_P"],"damage_healed":0.0,"max_hp_gain":0.0,"max_hp_loss":0.0,"gold_gain":0.0,"event_name":"Living Wall","player_choice":"Forget","floor":3.0,"gold_loss":0.0,"damage_taken":0.0},{"damage_healed":0.0,"max_hp_gain":0.0,"max_hp_loss":0.0,"gold_gain":0.0,"event_name":"Scrap Ooze","player_choice":"Success","floor":4.0,"gold_loss":0.0,"damage_taken":11.0,"relics_obtained":["Art of War"]},{"damage_healed":0.0,"max_hp_gain":0.0,"max_hp_loss":0.0,"gold_gain":0.0,"event_name":"Lab","player_choice":"Got Potions","floor":5.0,"gold_loss":0.0,"damage_taken":0.0}],"is_beta":true,"boss_relics":[],"items_purged_floors":[10],"is_endless":false,"potions_floor_spawned":[1],"killed_by":"Gremlin Nob","ascension_level":19}