{"gold_per_floor":[110,123,138,157,174,174,204,204,204,235,59,70,70,33,33,111,111,126,144,156,173,173,173,206,206,255,275,275,275,325,353,353,430,430,442,452,469,479,479,512,512,545,568,568,602,62,62,62,62,62],"floor_reached":50,"playtime":3308,"items_purged":["Zap"],"score":1435,"play_id":"c3047526-71e0-47a2-93f6-df6c3c0af492","local_time":"20190626000702","is_ascension_mode":true,"campfire_choices":[{"data":"Electrodynamics","floor":6.0,"key":"SMITH"},{"floor":8.0,"key":"REST"},{"data":"Coolheaded","floor":13.0,"key":"SMITH"},{"data":"Doom and Gloom","floor":15.0,"key":"SMITH"},{"floor":23.0,"key":"REST"},{"data":"Buffer","floor":28.0,"key":"SMITH"},{"data":"Reinforced Body","floor":32.0,"key":"SMITH"},{"data":"Loop","floor":44.0,"key":"SMITH"},{"data":"Hologram","floor":47,"key":"SMITH"},{"floor":49,"key":"RECALL"}],"neow_cost":"NONE","seed_source_timestamp":526888765158722,"circlet_count":0,"master_deck":["AscendersBane","Defend_B","Defend_B","Defend_B","Defend_B","Dualcast","Sweeping Beam","Electrodynamics+1","Hologram+1","Glacier","Ball Lightning","Gash","Echo Form","Coolheaded+1","Doom and Gloom+1","Conserve Battery","Reinforced Body+1","Conserve Battery","Stack+1","Compile Driver","Leap","Buffer+1","Biased Cognition","All For One+1","Chaos+1","Go for the Eyes+1","Hologram","Sunder+1","Coolheaded","Loop+1","Hologram+1"],"special_seed":0,"relics":["Cracked Core","Bag of Marbles","Oddly Smooth Stone","PreservedInsect","Regal Pillow","Snecko Eye","Singing Bowl","Potion Belt","Astrolabe","Du-Vu Doll","Shuriken","Ancient Tea Set","Vajra","Membership Card","Pear","Letter Opener"],"potions_floor_usage":[],"damage_taken":[{"damage":0.0,"enemies":"Cultist","floor":1.0,"turns":3.0},{"damage":0.0,"enemies":"Small Slimes","floor":2.0,"turns":2.0},{"damage":2.0,"enemies":"Jaw Worm","floor":3.0,"turns":2.0},{"damage":0.0,"enemies":"3 Louse","floor":4.0,"turns":1.0},{"damage":16.0,"enemies":"Exordium Thugs","floor":5.0,"turns":3.0},{"damage":31.0,"enemies":"Lagavulin","floor":7.0,"turns":7.0},{"damage":8.0,"enemies":"Gremlin Nob","floor":10.0,"turns":3.0},{"damage":0.0,"enemies":"2 Fungi Beasts","floor":12.0,"turns":2.0},{"damage":12.0,"enemies":"The Guardian","floor":16.0,"turns":11.0},{"damage":12.0,"enemies":"Chosen","floor":18.0,"turns":3.0},{"damage":32.0,"enemies":"3 Byrds","floor":19.0,"turns":3.0},{"damage":2.0,"enemies":"Centurion and Healer","floor":20.0,"turns":5.0},{"damage":6.0,"enemies":"Sentry and Sphere","floor":21.0,"turns":4.0},{"damage":1.0,"enemies":"Colosseum Slavers","floor":22.0,"turns":2.0},{"damage":0.0,"enemies":"Gremlin Leader","floor":24.0,"turns":4.0},{"damage":1.0,"enemies":"Cultist and Chosen","floor":27.0,"turns":5.0},{"damage":3.0,"enemies":"Slavers","floor":31.0,"turns":3.0},{"damage":18.0,"enemies":"Champ","floor":33.0,"turns":18.0},{"damage":10.0,"enemies":"3 Shapes","floor":35.0,"turns":3.0},{"damage":11.0,"enemies":"Orb Walker","floor":36.0,"turns":3.0},{"damage":4.0,"enemies":"3 Darklings","floor":37.0,"turns":5.0},{"damage":0.0,"enemies":"Transient","floor":38.0,"turns":6.0},{"damage":0.0,"enemies":"Nemesis","floor":40.0,"turns":3.0},{"damage":0.0,"enemies":"Giant Head","floor":42.0,"turns":8.0},{"damage":0.0,"enemies":"Reptomancer","floor":45.0,"turns":1.0},{"damage":64,"enemies":"Time Eater","floor":50,"turns":13}],"seed_played":"8403173021708278751","potions_obtained":[{"floor":2.0,"key":"SteroidPotion"},{"floor":3.0,"key":"SteroidPotion"},{"floor":10.0,"key":"SkillPotion"},{"floor":16.0,"key":"Block Potion"},{"floor":19.0,"key":"SpeedPotion"},{"floor":21.0,"key":"LiquidBronze"},{"floor":27.0,"key":"PowerPotion"},{"floor":33.0,"key":"Regen Potion"},{"floor":35.0,"key":"Fire Potion"},{"floor":42.0,"key":"PowerPotion"},{"floor":45.0,"key":"EssenceOfSteel"}],"is_trial":false,"path_per_floor":["M","M","M","M","M","R","E","R","T","E","$","M","R","$","R","B",null,"M","M","M","M","?","R","E","?","T","M","R","T","?","E","R","B",null,"M","M","M","M","?","E","?","E","T","R","E","$","R","?","R","B"],"character_chosen":"DEFECT","items_purchased":["Echo Form","Doom and Gloom","Membership Card","Pear","Letter Opener"],"campfire_rested":2,"item_purchase_floors":[11,14,46,46,46],"current_hp_per_floor":[64,64,62,62,46,46,15,36,36,28,28,28,28,28,28,16,57,45,13,11,5,4,40,40,40,40,41,41,41,41,40,40,22,62,54,43,39,41,41,41,41,56,56,56,56,66,66,62,62,0],"gold":62,"neow_bonus":"RANDOM_COMMON_RELIC","is_prod":false,"is_daily":false,"chose_seed":false,"campfire_upgraded":7,"win_rate":0,"timestamp":1561522022,"path_taken":["M","M","M","M","M","R","E","R","T","E","?","M","R","$","R","BOSS","M","M","M","M","?","R","E","?","T","M","R","?","?","E","R","BOSS","M","M","M","M","?","E","?","E","T","R","E","$","R","?","R","BOSS"],"build_version":"2019-01-23","purchased_purges":1,"victory":false,"max_hp_per_floor":[71,71,71,71,71,71,71,71,71,71,71,71,71,71,71,71,71,71,71,71,71,71,71,71,71,71,73,73,73,73,75,75,75,75,77,77,77,79,79,79,79,79,79,79,79,89,89,95,95,95],"card_choices":[{"not_picked":["Stack","Rip and Tear"],"picked":"Sweeping Beam","floor":1.0},{"not_picked":["Go for the Eyes","Turbo"],"picked":"Gash","floor":2.0},{"not_picked":["Stack","Redo"],"picked":"Electrodynamics","floor":3.0},{"not_picked":["Aggregate","Steam"],"picked":"Hologram","floor":4.0},{"not_picked":["Beam Cell","Blizzard"],"picked":"Glacier","floor":5.0},{"not_picked":["Blizzard","Rebound"],"picked":"Ball Lightning","floor":7.0},{"not_picked":["Reprogram","Hologram"],"picked":"Gash","floor":10.0},{"not_picked":["Loop","Ball Lightning"],"picked":"Coolheaded","floor":12.0},{"not_picked":["Machine Learning","Fission"],"picked":"Hyperbeam","floor":16.0},{"not_picked":["Turbo","Steam Power"],"picked":"Conserve Battery","floor":18.0},{"not_picked":["Cold Snap","Steam+1"],"picked":"Reinforced Body","floor":19.0},{"not_picked":["Steam","Stack+1"],"picked":"Conserve Battery","floor":20.0},{"not_picked":["Barrage","Leap"],"picked":"Stack+1","floor":21.0},{"not_picked":["Conserve Battery","Auto Shields"],"picked":"Compile Driver","floor":24.0},{"not_picked":["Sweeping Beam","Rip and Tear","Gash"],"picked":"Singing Bowl","floor":27.0},{"not_picked":["Beam Cell","Machine Learning","Ball Lightning"],"picked":"Singing Bowl","floor":31.0},{"not_picked":["Seek","Multi-Cast"],"picked":"Biased Cognition","floor":33.0},{"not_picked":["Leap","BootSequence+1","Redo"],"picked":"Singing Bowl","floor":35.0},{"not_picked":["Barrage","Fusion"],"picked":"Hologram","floor":36.0},{"not_picked":["Redo","Coolheaded+1"],"picked":"Sunder+1","floor":37.0},{"not_picked":["Rebound","Storm","Tempest+1"],"picked":"Singing Bowl","floor":38.0},{"not_picked":["Compile Driver","Leap"],"picked":"Coolheaded","floor":40.0},{"not_picked":["Electrodynamics","Conserve Battery"],"picked":"Loop","floor":42.0},{"not_picked":["Go for the Eyes","Rebound"],"picked":"Hologram+1","floor":45.0},{"not_picked":["Trip","Magnetism","Forethought"],"picked":"Singing Bowl","floor":48},{"not_picked":["Metamorphosis","Jack Of All Trades","Mind Blast"],"picked":"Singing Bowl","floor":48},{"not_picked":["Madness","Deep Breath","Panache"],"picked":"Singing Bowl","floor":48}],"player_experience":945170,"relics_obtained":[{"floor":7.0,"key":"Oddly Smooth Stone"},{"floor":9.0,"key":"PreservedInsect"},{"floor":10.0,"key":"Regal Pillow"},{"floor":24.0,"key":"Singing Bowl"},{"floor":26.0,"key":"Potion Belt"},{"floor":40.0,"key":"Du-Vu Doll"},{"floor":42.0,"key":"Shuriken"},{"floor":43.0,"key":"Ancient Tea Set"},{"floor":45.0,"key":"Vajra"}],"event_choices":[{"damage_healed":0.0,"max_hp_gain":0.0,"max_hp_loss":0.0,"gold_gain":0.0,"event_name":"Colosseum","player_choice":"Fight","floor":22.0,"gold_loss":0.0,"damage_taken":0.0},{"damage_healed":0.0,"max_hp_gain":0.0,"max_hp_loss":0.0,"gold_gain":0.0,"event_name":"Colosseum","player_choice":"Fled From Nobs","floor":22.0,"gold_loss":0.0,"damage_taken":0.0},{"damage_healed":0.0,"max_hp_gain":0.0,"max_hp_loss":0.0,"gold_gain":0.0,"cards_transformed":["Strike_B","Strike_B"],"event_name":"Drug Dealer","player_choice":"Became Test Subject","floor":25.0,"gold_loss":0.0,"damage_taken":0.0,"cards_obtained":["Leap","Buffer"]},{"damage_healed":0.0,"max_hp_gain":0.0,"max_hp_loss":0.0,"gold_gain":50.0,"event_name":"Golden Shrine","player_choice":"Pray","floor":30.0,"gold_loss":0.0,"damage_taken":0.0},{"cards_removed":["Hyperbeam"],"damage_healed":0.0,"max_hp_gain":0.0,"max_hp_loss":0.0,"gold_gain":0.0,"event_name":"Falling","player_choice":"Removed Attack","floor":39.0,"gold_loss":0.0,"damage_taken":0.0},{"damage_healed":0.0,"max_hp_gain":0.0,"max_hp_loss":0.0,"gold_gain":0.0,"event_name":"Tomb of Lord Red Mask","player_choice":"Ignored","floor":41.0,"gold_loss":0.0,"damage_taken":0.0},{"damage_healed":0,"gold_gain":0,"player_choice":"Memory 3","damage_taken":10,"max_hp_gain":0,"max_hp_loss":0,"event_name":"SensoryStone","floor":48,"gold_loss":0}],"is_beta":false,"boss_relics":[{"not_picked":["Philosopher\u0027s Stone","Pandora\u0027s Box"],"picked":"Snecko Eye"},{"not_picked":["Coffee Dripper","FrozenCore"],"picked":"Astrolabe"}],"items_purged_floors":[46],"is_endless":false,"potions_floor_spawned":[2,3,10,16,19,21,27,33,35,40,42,45],"killed_by":"Time Eater","ascension_level":20}