{"gold_per_floor":[118,138,154,169,169,183,183,208,208,208,243,243,243,256,256,355,355,368,163,177,43,43,43,54,54,130,158,176,276,276,294,294,398,398,412,412,85,85,103,131,145,165,165,180,180,211,223,243,243,243],"floor_reached":51,"playtime":6496,"items_purged":["Regret","Writhe","Strike_G"],"score":969,"play_id":"06ff5e95-9354-458b-b984-f610b0e21e5c","local_time":"20190930183929","is_ascension_mode":true,"campfire_choices":[{"data":"Malaise","floor":7.0,"key":"SMITH"},{"data":"Deadly Poison","floor":10.0,"key":"SMITH"},{"data":"Neutralize","floor":13.0,"key":"SMITH"},{"data":"Skewer","floor":15.0,"key":"SMITH"},{"data":"Poisoned Stab","floor":23.0,"key":"SMITH"},{"floor":25.0,"key":"REST"},{"floor":30.0,"key":"REST"},{"floor":32.0,"key":"REST"},{"floor":45.0,"key":"REST"},{"floor":49,"key":"REST"}],"neow_cost":"NONE","seed_source_timestamp":0,"circlet_count":0,"master_deck":["Strike_G","Strike_G","Strike_G","Strike_G","Defend_G","Defend_G","Defend_G","Defend_G","Defend_G","Survivor","Neutralize+1","Quick Slash","Deadly Poison+1","Malaise+1","Skewer+1","Reflex","After Image+1","Well Laid Plans+1","Noxious Fumes+1","Acrobatics+1","Poisoned Stab+1","Crippling Poison+1","Concentrate+1","Corpse Explosion+1","Endless Agony+1","Prepared+1","Tools of the Trade+1","Doppelganger+1","Bane+1","Madness+1","Madness+1","Decay","Dodge and Roll+1","Cloak And Dagger+1","Acrobatics+1","Outmaneuver+1","PiercingWail+1","Tactician+1","Prepared+1","Dagger Throw+1"],"special_seed":0,"relics":["Ring of the Snake","Pen Nib","Dodecahedron","StoneCalendar","Darkstone Periapt","Frozen Egg 2","Orichalcum","Calling Bell","Centennial Puzzle","Toxic Egg 2","The Specimen","Gremlin Horn","Ancient Tea Set","FossilizedHelix","Paper Crane","Philosopher\u0027s Stone","TwistedFunnel","Anchor","Ornamental Fan","Mummified Hand"],"potions_floor_usage":[50],"damage_taken":[{"damage":0.0,"enemies":"Jaw Worm","floor":1.0,"turns":4.0},{"damage":0.0,"enemies":"2 Louse","floor":2.0,"turns":2.0},{"damage":0.0,"enemies":"Cultist","floor":3.0,"turns":3.0},{"damage":4.0,"enemies":"2 Fungi Beasts","floor":4.0,"turns":5.0},{"damage":1.0,"enemies":"Exordium Thugs","floor":6.0,"turns":4.0},{"damage":14.0,"enemies":"3 Sentries","floor":8.0,"turns":7.0},{"damage":24.0,"enemies":"Gremlin Nob","floor":11.0,"turns":4.0},{"damage":5.0,"enemies":"Looter","floor":14.0,"turns":4.0},{"damage":5.0,"enemies":"The Guardian","floor":16.0,"turns":11.0},{"damage":10.0,"enemies":"3 Byrds","floor":18.0,"turns":4.0},{"damage":8.0,"enemies":"Chosen","floor":20.0,"turns":6.0},{"damage":9.0,"enemies":"Shelled Parasite and Fungi","floor":24.0,"turns":6.0},{"damage":17.0,"enemies":"Slavers","floor":27.0,"turns":4.0},{"damage":0.0,"enemies":"Cultist and Chosen","floor":28.0,"turns":6.0},{"damage":20.0,"enemies":"Colosseum Slavers","floor":29.0,"turns":3.0},{"damage":35.0,"enemies":"Colosseum Nobs","floor":29.0,"turns":5.0},{"damage":0.0,"enemies":"Snecko","floor":31.0,"turns":3.0},{"damage":3.0,"enemies":"Collector","floor":33.0,"turns":6.0},{"damage":0.0,"enemies":"3 Shapes","floor":35.0,"turns":1.0},{"damage":0.0,"enemies":"3 Darklings","floor":39.0,"turns":2.0},{"damage":1.0,"enemies":"Giant Head","floor":40.0,"turns":8.0},{"damage":0.0,"enemies":"Maw","floor":41.0,"turns":7.0},{"damage":0.0,"enemies":"Sphere and 2 Shapes","floor":42.0,"turns":4.0},{"damage":0.0,"enemies":"Transient","floor":44.0,"turns":5.0},{"damage":7.0,"enemies":"Reptomancer","floor":46.0,"turns":4.0},{"damage":0.0,"enemies":"Maw","floor":47.0,"turns":6.0},{"damage":0,"enemies":"Writhing Mass","floor":48,"turns":7},{"damage":0,"enemies":"Donu and Deca","floor":50,"turns":6}],"seed_played":"3184413256377181912","potions_obtained":[{"floor":4.0,"key":"Energy Potion"},{"floor":11.0,"key":"Dexterity Potion"},{"floor":14.0,"key":"Dexterity Potion"},{"floor":16.0,"key":"Explosive Potion"},{"floor":24.0,"key":"Explosive Potion"},{"floor":27.0,"key":"Swift Potion"},{"floor":28.0,"key":"AttackPotion"},{"floor":29.0,"key":"GhostInAJar"},{"floor":31.0,"key":"GhostInAJar"},{"floor":39.0,"key":"Block Potion"},{"floor":40.0,"key":"SteroidPotion"},{"floor":42.0,"key":"Explosive Potion"},{"floor":48,"key":"EssenceOfSteel"}],"is_trial":false,"path_per_floor":["M","M","M","M","?","M","R","E","T","R","E","?","R","M","R","B",null,"M","$","M","$","?","R","M","R","T","E","M","?","R","M","R","B",null,"M","?","$","?","M","E","M","M","T","M","R","E","M","M","R","B",null],"character_chosen":"THE_SILENT","items_purchased":["Noxious Fumes+1","Acrobatics+1","Crippling Poison+1","TwistedFunnel"],"campfire_rested":5,"item_purchase_floors":[19,19,21,37],"current_hp_per_floor":[70,70,70,66,63,62,62,48,48,48,24,30,30,25,25,20,94,84,84,76,76,76,76,67,91,91,74,74,19,46,46,73,70,91,91,80,80,86,86,85,85,85,85,85,97,90,90,90,97,97],"gold":243,"neow_bonus":"RANDOM_COMMON_RELIC","is_prod":false,"is_daily":false,"chose_seed":false,"campfire_upgraded":5,"win_rate":0,"timestamp":1569883169,"path_taken":["M","M","M","M","?","M","R","E","T","R","E","?","R","M","R","BOSS","M","$","M","$","?","R","?","R","T","E","M","?","R","M","R","BOSS","M","?","$","?","?","E","M","M","T","M","R","E","M","M","R","BOSS"],"build_version":"2019-07-17","purchased_purges":3,"victory":true,"max_hp_per_floor":[70,70,70,70,70,70,70,70,70,70,70,76,76,76,76,76,94,94,94,94,94,91,91,91,91,91,91,91,91,91,91,91,91,91,91,91,91,97,97,97,97,97,97,97,97,97,97,97,97,97],"card_choices":[{"not_picked":["Outmaneuver","Dodge and Roll"],"picked":"Quick Slash","floor":1.0},{"not_picked":["Finisher","Flying Knee","Slice"],"picked":"SKIP","floor":2.0},{"not_picked":["Sucker Punch","Dagger Spray"],"picked":"Deadly Poison","floor":3.0},{"not_picked":["Poisoned Stab","Infinite Blades"],"picked":"Malaise","floor":4.0},{"not_picked":["Sucker Punch","Backstab"],"picked":"Skewer","floor":6.0},{"not_picked":["Flying Knee","Terror","Blade Dance"],"picked":"SKIP","floor":8.0},{"not_picked":["Deflect","Glass Knife","Bane"],"picked":"SKIP","floor":11.0},{"not_picked":["Setup","Poisoned Stab"],"picked":"Reflex","floor":14.0},{"not_picked":["Bullet Time","Envenom+1"],"picked":"After Image+1","floor":16.0},{"not_picked":["PiercingWail+1","Distraction+1"],"picked":"Well Laid Plans+1","floor":18.0},{"not_picked":["Riddle With Holes+1","Quick Slash"],"picked":"Poisoned Stab","floor":20.0},{"not_picked":["Acrobatics+1","Bane+1"],"picked":"Concentrate+1","floor":24.0},{"not_picked":["Cloak And Dagger+1","Dodge and Roll+1"],"picked":"Corpse Explosion+1","floor":27.0},{"not_picked":["Riddle With Holes","Acrobatics+1"],"picked":"Endless Agony+1","floor":28.0},{"not_picked":["Deadly Poison+1","Dagger Spray"],"picked":"Prepared+1","floor":29.0},{"not_picked":["Flying Knee","Deflect+1"],"picked":"Tools of the Trade+1","floor":31.0},{"not_picked":["Storm of Steel+1","Wraith Form v2+1"],"picked":"Doppelganger+1","floor":33.0},{"not_picked":["Flying Knee+1","Expertise+1"],"picked":"Bane+1","floor":35.0},{"not_picked":["Deflect+1","Dagger Spray+1"],"picked":"Dodge and Roll+1","floor":39.0},{"not_picked":["Phantasmal Killer+1","Flying Knee"],"picked":"Cloak And Dagger+1","floor":40.0},{"not_picked":["Blade Dance+1","Bane"],"picked":"Acrobatics+1","floor":41.0},{"not_picked":["Dodge and Roll+1","Masterful Stab"],"picked":"Outmaneuver+1","floor":42.0},{"not_picked":["Underhanded Strike","Poisoned Stab"],"picked":"PiercingWail+1","floor":44.0},{"not_picked":["Dodge and Roll+1","Acrobatics+1"],"picked":"Tactician+1","floor":46.0},{"not_picked":["Dagger Throw","PiercingWail+1"],"picked":"Prepared+1","floor":47.0},{"not_picked":["Acrobatics+1","Cloak And Dagger+1"],"picked":"Dagger Throw+1","floor":48}],"player_experience":554913,"relics_obtained":[{"floor":8.0,"key":"StoneCalendar"},{"floor":9.0,"key":"Darkstone Periapt"},{"floor":11.0,"key":"Frozen Egg 2"},{"floor":17.0,"key":"Centennial Puzzle"},{"floor":17.0,"key":"Toxic Egg 2"},{"floor":17.0,"key":"The Specimen"},{"floor":26.0,"key":"Gremlin Horn"},{"floor":27.0,"key":"Ancient Tea Set"},{"floor":29.0,"key":"FossilizedHelix"},{"floor":29.0,"key":"Paper Crane"},{"floor":40.0,"key":"Anchor"},{"floor":43.0,"key":"Ornamental Fan"},{"floor":46.0,"key":"Mummified Hand"}],"event_choices":[{"damage_healed":0.0,"max_hp_gain":0.0,"max_hp_loss":0.0,"gold_gain":0.0,"event_name":"Scrap Ooze","player_choice":"Success","floor":5.0,"gold_loss":0.0,"damage_taken":3.0,"relics_obtained":["Dodecahedron"]},{"damage_healed":0.0,"max_hp_gain":0.0,"max_hp_loss":0.0,"gold_gain":0.0,"event_name":"Big Fish","player_choice":"Box","floor":12.0,"gold_loss":0.0,"damage_taken":0.0,"relics_obtained":["Orichalcum"],"cards_obtained":["Regret"]},{"cards_removed":["Parasite","Clumsy"],"damage_healed":0.0,"max_hp_gain":0.0,"max_hp_loss":0.0,"gold_gain":0.0,"event_name":"Fountain of Cleansing","player_choice":"Removed Curses","floor":22.0,"gold_loss":0.0,"damage_taken":0.0},{"damage_healed":0.0,"max_hp_gain":0.0,"max_hp_loss":0.0,"gold_gain":0.0,"event_name":"Colosseum","player_choice":"Fight","floor":29.0,"gold_loss":0.0,"damage_taken":0.0},{"damage_healed":0.0,"max_hp_gain":0.0,"max_hp_loss":0.0,"gold_gain":0.0,"event_name":"Colosseum","player_choice":"Fought Nobs","floor":29.0,"gold_loss":0.0,"damage_taken":0.0},{"damage_healed":0.0,"max_hp_gain":0.0,"max_hp_loss":0.0,"gold_gain":0.0,"event_name":"Winding Halls","player_choice":"Embrace Madness","floor":36.0,"gold_loss":0.0,"damage_taken":11.0,"cards_obtained":["Madness","Madness"]},{"damage_healed":0.0,"max_hp_gain":0.0,"max_hp_loss":0.0,"gold_gain":0.0,"event_name":"Wheel of Change","player_choice":"Cursed","floor":38.0,"gold_loss":0.0,"damage_taken":0.0,"cards_obtained":["Decay"]}],"is_beta":false,"boss_relics":[{"not_picked":["Ring of the Serpent","Eternal Feather"],"picked":"Calling Bell"},{"not_picked":["Empty Cage","HoveringKite"],"picked":"Philosopher\u0027s Stone"}],"items_purged_floors":[19,21,37],"is_endless":false,"potions_floor_spawned":[4,11,14,16,24,27,28,29,31,39,40,42,48],"ascension_level":4}