{"gold_per_floor":[115,115,190,190,190,251,251,291,291,291,101,26,26,26,26,122,122,146,146,169,169,190,190,112,112,112,112,127,148,199,199,199,199],"floor_reached":33,"playtime":2869,"items_purged":["Strike_B"],"score":515,"play_id":"7f85ed10-8f19-4dc8-b3cd-ae8ba9159eab","local_time":"20181226220507","is_ascension_mode":true,"campfire_choices":[{"floor":7.0,"key":"REST"},{"floor":10,"key":"REST"},{"data":"Metamorphosis","floor":15,"key":"SMITH"},{"data":"Zap","floor":23,"key":"SMITH"},{"data":"Dualcast","floor":25,"key":"SMITH"},{"data":"Leap","floor":27,"key":"SMITH"},{"data":"Defend_B","floor":32,"key":"SMITH"}],"neow_cost":"NONE","seed_source_timestamp":0,"circlet_count":0,"master_deck":["AscendersBane","Defend_B+1","Defend_B+1","Defend_B+1","Zap+1","Dualcast+1","Leap+1","Seek","Metamorphosis+1","Reboot","Bite","Bite","Bite","Bite","Bite","Steam+1","Cold Snap","Seek","Reprogram","Skim"],"special_seed":0,"relics":["Cracked Core","NeowsBlessing","Golden Idol","Tiny Chest","Sundial","Matryoshka","Ancient Tea Set","Coffee Dripper","Bag of Marbles","Pantograph","Lantern","Boot"],"potions_floor_usage":[33],"damage_taken":[{"damage":0.0,"enemies":"Small Slimes","floor":1.0,"turns":1.0},{"damage":0.0,"enemies":"Lagavulin","floor":6.0,"turns":1.0},{"damage":0.0,"enemies":"3 Sentries","floor":8.0,"turns":1.0},{"damage":38,"enemies":"The Guardian","floor":16,"turns":11},{"damage":20,"enemies":"3 Byrds","floor":18,"turns":5},{"damage":24,"enemies":"Shell Parasite","floor":20,"turns":6},{"damage":17,"enemies":"3 Cultists","floor":22,"turns":5},{"damage":5,"enemies":"Centurion and Healer","floor":28,"turns":4},{"damage":13,"enemies":"Snake Plant","floor":29,"turns":4},{"damage":70,"enemies":"Collector","floor":33,"turns":7}],"seed_played":"-5530630624378259617","potions_obtained":[{"floor":6.0,"key":"Ancient Potion"},{"floor":29,"key":"EssenceOfSteel"}],"is_trial":false,"path_per_floor":["M","?","?","?","?","E","R","E","E","T","R","$","$","?","$","R","B",null,"M","?","M","?","M","R","$","R","T","R","M","M","T","?","R","B"],"character_chosen":"DEFECT","items_purchased":["Metamorphosis","Seek"],"campfire_rested":2,"item_purchase_floors":[11,24],"current_hp_per_floor":[68,61,50,32,17,17,39,39,39,61,61,61,43,43,43,5,58,38,38,30,30,25,25,25,25,25,25,32,29,29,29,29,0],"gold":199,"neow_bonus":"THREE_ENEMY_KILL","is_prod":false,"is_daily":false,"chose_seed":false,"campfire_upgraded":5,"win_rate":0,"timestamp":1545883507,"path_taken":["M","?","?","?","?","E","R","E","T","R","?","$","?","$","R","BOSS","M","?","M","?","M","R","$","R","T","R","?","M","?","?","R","BOSS"],"build_version":"2018-12-20","purchased_purges":1,"victory":false,"max_hp_per_floor":[75,75,75,75,75,75,75,75,75,75,75,75,75,75,75,75,75,75,52,52,52,52,52,52,52,52,52,52,52,52,52,52,52],"card_choices":[{"not_picked":["Steam","Barrage"],"picked":"Leap","floor":1.0},{"not_picked":["Stack","Streamline","Force Field"],"picked":"SKIP","floor":6.0},{"not_picked":["Cold Snap","Conserve Battery"],"picked":"Seek","floor":8},{"not_picked":["Core Surge","Thunder Strike"],"picked":"Reboot","floor":16},{"not_picked":["Loop","Chaos","Steam"],"picked":"SKIP","floor":18},{"not_picked":["Go for the Eyes","Hello World"],"picked":"Steam+1","floor":20},{"not_picked":["Storm","Leap"],"picked":"Cold Snap","floor":22},{"not_picked":["Aggregate","Doom and Gloom","Tempest"],"picked":"SKIP","floor":28},{"not_picked":["Cold Snap","Go for the Eyes"],"picked":"Reprogram","floor":29}],"player_experience":975923,"relics_obtained":[{"floor":6.0,"key":"Tiny Chest"},{"floor":8,"key":"Sundial"},{"floor":9,"key":"Matryoshka"},{"floor":26,"key":"Bag of Marbles"},{"floor":26,"key":"Pantograph"},{"floor":30,"key":"Lantern"},{"floor":30,"key":"Boot"}],"event_choices":[{"cards_removed":["Strike_B"],"damage_healed":0.0,"max_hp_gain":0.0,"max_hp_loss":0.0,"gold_gain":0.0,"event_name":"Golden Wing","player_choice":"Card Removal","floor":2.0,"gold_loss":0.0,"damage_taken":7.0},{"damage_healed":0.0,"max_hp_gain":0.0,"max_hp_loss":0.0,"gold_gain":75.0,"event_name":"World of Goop","player_choice":"Gather Gold","floor":3.0,"gold_loss":0.0,"damage_taken":11.0},{"damage_healed":0.0,"max_hp_gain":0.0,"max_hp_loss":0.0,"gold_gain":0.0,"event_name":"Golden Idol","player_choice":"Take Damage","floor":4.0,"gold_loss":0.0,"damage_taken":18.0,"relics_obtained":["Golden Idol"]},{"damage_healed":0.0,"max_hp_gain":0.0,"max_hp_loss":0.0,"gold_gain":0.0,"event_name":"Shining Light","player_choice":"Entered Light","floor":5.0,"gold_loss":0.0,"damage_taken":15.0,"cards_upgraded":["Defend_B","Defend_B"]},{"damage_healed":0,"gold_gain":0,"player_choice":"Success","damage_taken":18,"relics_obtained":["Ancient Tea Set"],"max_hp_gain":0,"max_hp_loss":0,"event_name":"Scrap Ooze","floor":13,"gold_loss":0},{"damage_healed":0,"gold_gain":0,"player_choice":"Became a vampire","damage_taken":0,"max_hp_gain":0,"max_hp_loss":23,"event_name":"Vampires","floor":19,"gold_loss":0,"cards_obtained":["Bite","Bite","Bite","Bite","Bite"]},{"cards_removed":["Defend_B"],"damage_healed":0,"gold_gain":0,"player_choice":"Elegance","damage_taken":0,"max_hp_gain":0,"max_hp_loss":0,"event_name":"Back to Basics","floor":21,"gold_loss":0},{"damage_healed":0,"gold_gain":0,"player_choice":"1 cards matched","damage_taken":0,"max_hp_gain":0,"max_hp_loss":0,"event_name":"Match and Keep!","floor":31,"gold_loss":0,"cards_obtained":["Skim"]}],"is_beta":false,"boss_relics":[{"not_picked":["Tiny House","Runic Dome"],"picked":"Coffee Dripper"}],"items_purged_floors":[12],"is_endless":false,"potions_floor_spawned":[6,29],"killed_by":"Collector","ascension_level":13}