{"gold_per_floor":[114,39,50,50,50,50,76,76,157,157,172,189,203,203,203,307,307,278,288,288,288,258,285,285,285,340,355,375,119,134,149,149,251,251,261,280,280,5,5,38,57,76,100,112,23,23,48,58,58,58],"floor_reached":51,"playtime":9630,"items_purged":["Strike_G","Strike_G"],"score":913,"play_id":"283c0602-f4a6-462b-b1b7-a9ceddd7738b","local_time":"20180912145415","is_ascension_mode":true,"campfire_choices":[{"data":"Neutralize","floor":6.0,"key":"SMITH"},{"floor":8.0,"key":"REST"},{"floor":15.0,"key":"REST"},{"data":"After Image","floor":24.0,"key":"SMITH"},{"floor":32.0,"key":"REST"},{"data":"Noxious Fumes","floor":44,"key":"SMITH"},{"floor":49,"key":"REST"}],"neow_cost":"NONE","seed_source_timestamp":0,"circlet_count":0,"master_deck":["Defend_G","Defend_G","Defend_G","Defend_G","Strike_G","Survivor","Neutralize+1","Acrobatics","Well Laid Plans","Finisher","Malaise","Poisoned Stab","Calculated Gamble+1","After Image+1","Backstab","Deadly Poison+1","Acrobatics+1","Masterful Stab","Skewer+1","Backflip+1","Noxious Fumes+1","Crippling Poison+1","Deflect+1","Wraith Form v2","Infinite Blades","Swift Strike","Cloak And Dagger+1","Trip+1","Dodge and Roll+1"],"special_seed":0,"relics":["Lizard Tail","Incense Burner","Tiny Chest","Toxic Egg 2","Dodecahedron","Busted Crown","Shuriken","Regal Pillow","StoneCalendar","Vajra","Runic Dome","TwistedFunnel","Mango","MawBank","Bottled Flame"],"potions_floor_usage":[50,50,50],"damage_taken":[{"damage":1.0,"enemies":"Small Slimes","floor":1.0,"turns":5.0},{"damage":1.0,"enemies":"Cultist","floor":3.0,"turns":5.0},{"damage":38.0,"enemies":"Lagavulin","floor":7.0,"turns":11.0},{"damage":1.0,"enemies":"2 Louse","floor":11.0,"turns":4.0},{"damage":2.0,"enemies":"Looter","floor":12.0,"turns":4.0},{"damage":13.0,"enemies":"3 Louse","floor":13.0,"turns":3.0},{"damage":79.0,"enemies":"Slime Boss","floor":16.0,"turns":17.0},{"damage":6.0,"enemies":"2 Thieves","floor":18.0,"turns":5.0},{"damage":0.0,"enemies":"Spheric Guardian","floor":19.0,"turns":6.0},{"damage":5.0,"enemies":"Book of Stabbing","floor":23.0,"turns":6.0},{"damage":16.0,"enemies":"Centurion and Healer","floor":27.0,"turns":5.0},{"damage":0.0,"enemies":"Chosen and Byrds","floor":28.0,"turns":6.0},{"damage":6.0,"enemies":"Snecko","floor":30.0,"turns":5.0},{"damage":0.0,"enemies":"Snake Plant","floor":31.0,"turns":4.0},{"damage":26.0,"enemies":"Automaton","floor":33.0,"turns":9.0},{"damage":2.0,"enemies":"3 Shapes","floor":35.0,"turns":4.0},{"damage":43,"enemies":"3 Darklings","floor":36,"turns":6},{"damage":20,"enemies":"Nemesis","floor":40,"turns":7},{"damage":2,"enemies":"Sphere and 2 Shapes","floor":41,"turns":5},{"damage":4,"enemies":"4 Shapes","floor":42,"turns":5},{"damage":0,"enemies":"Giant Head","floor":47,"turns":8},{"damage":9,"enemies":"3 Darklings","floor":48,"turns":5},{"damage":63,"enemies":"Time Eater","floor":50,"turns":13}],"seed_played":"-5412402065675962259","potions_obtained":[{"floor":11.0,"key":"Strength Potion"},{"floor":16.0,"key":"FearPotion"},{"floor":22.0,"key":"SkillPotion"},{"floor":22.0,"key":"LiquidBronze"},{"floor":28.0,"key":"Explosive Potion"},{"floor":30.0,"key":"SpeedPotion"},{"floor":31.0,"key":"GamblersBrew"},{"floor":33.0,"key":"SkillPotion"},{"floor":41,"key":"LiquidBronze"},{"floor":42,"key":"Dexterity Potion"},{"floor":47,"key":"Regen Potion"}],"is_trial":false,"path_per_floor":["M","$","M","?","?","R","E","R","T","T","M","M","M","T","R","B",null,"M","M","?","T","?","E","R","T","T","M","M","$","M","M","R","B",null,"M","M","?","$","?","E","M","M","T","R","$","?","E","M","R","B"],"character_chosen":"THE_SILENT","items_purchased":["Noxious Fumes","Crippling Poison+1","Infinite Blades","TwistedFunnel","Trip+1"],"campfire_rested":4,"item_purchase_floors":[29,29,38,38,45],"current_hp_per_floor":[62,62,61,61,61,61,23,44,44,44,43,41,28,28,49,13,56,50,50,50,50,50,45,45,45,45,29,29,29,23,23,59,33,61,59,16,61,61,61,55,53,49,49,49,49,49,49,40,75,27],"gold":58,"neow_bonus":"BOSS_RELIC","is_prod":false,"is_daily":false,"chose_seed":false,"campfire_upgraded":3,"win_rate":0,"timestamp":1536782055,"path_taken":["M","$","M","?","?","R","E","R","T","?","M","M","M","?","R","BOSS","M","M","?","?","?","E","R","?","T","?","M","$","M","?","R","BOSS","M","M","?","$","?","E","M","M","T","R","$","?","E","M","R","BOSS"],"build_version":"2018-09-06","purchased_purges":2,"victory":true,"max_hp_per_floor":[70,70,70,70,70,70,70,70,70,70,70,70,70,70,70,70,70,70,70,70,70,70,70,70,70,70,70,70,70,70,70,70,70,70,70,70,61,61,61,75,75,75,75,75,75,75,75,75,75,75],"card_choices":[{"not_picked":["Outmaneuver","Bane"],"picked":"Caltrops","floor":1.0},{"not_picked":["Masterful Stab","Underhanded Strike"],"picked":"Acrobatics","floor":3.0},{"not_picked":["Reflex","Quick Slash"],"picked":"Malaise","floor":7.0},{"not_picked":["Setup+1","Concentrate+1"],"picked":"Poisoned Stab","floor":11.0},{"not_picked":["Flying Knee","Blade Dance+1"],"picked":"Calculated Gamble+1","floor":12.0},{"not_picked":["Blade Dance+1","Dagger Throw"],"picked":"Backflip+1","floor":13.0},{"not_picked":["Storm of Steel+1","A Thousand Cuts"],"picked":"After Image","floor":16.0},{"not_picked":[],"picked":"Blur+1","floor":18.0},{"not_picked":[],"picked":"Backstab","floor":19.0},{"not_picked":[],"picked":"Skewer+1","floor":23.0},{"not_picked":[],"picked":"Backflip+1","floor":27.0},{"not_picked":["Quick Slash"],"picked":"SKIP","floor":28.0},{"not_picked":[],"picked":"Deflect+1","floor":30.0},{"not_picked":["Quick Slash"],"picked":"SKIP","floor":31.0},{"not_picked":[],"picked":"Wraith Form v2","floor":33.0},{"not_picked":["Flying Knee"],"picked":"SKIP","floor":35},{"not_picked":["Slice"],"picked":"SKIP","floor":36},{"not_picked":[],"picked":"Swift Strike","floor":39},{"not_picked":["Dagger Spray+1"],"picked":"SKIP","floor":40},{"not_picked":["Accuracy+1"],"picked":"SKIP","floor":41},{"not_picked":[],"picked":"Cloak And Dagger+1","floor":42},{"not_picked":[],"picked":"Dodge and Roll+1","floor":47},{"not_picked":["Dagger Spray"],"picked":"SKIP","floor":48}],"player_experience":491010,"relics_obtained":[{"floor":7.0,"key":"Incense Burner"},{"floor":9.0,"key":"Tiny Chest"},{"floor":10.0,"key":"Toxic Egg 2"},{"floor":14.0,"key":"Dodecahedron"},{"floor":21.0,"key":"Shuriken"},{"floor":23.0,"key":"Regal Pillow"},{"floor":25.0,"key":"StoneCalendar"},{"floor":26.0,"key":"Vajra"},{"floor":40,"key":"Mango"},{"floor":43,"key":"MawBank"},{"floor":47,"key":"Bottled Flame"}],"event_choices":[{"event_name":"Transmorgrifier","player_choice":"Transform","floor":4.0,"damage_taken":0.0},{"event_name":"Living Wall","player_choice":"Change","floor":5.0,"damage_taken":0.0},{"event_name":"Drug Dealer","player_choice":"Became Test Subject","floor":20.0,"damage_taken":0.0},{"event_name":"The Woman in Blue","player_choice":"Bought 2 Potions","floor":22.0,"damage_taken":0.0},{"event_name":"The Moai Head","player_choice":"Heal","floor":37,"damage_taken":0},{"event_name":"SensoryStone","player_choice":"Memory 1","floor":39,"damage_taken":0},{"event_name":"Purifier","player_choice":"One Purge","floor":46,"damage_taken":0}],"is_beta":false,"boss_relics":[{"not_picked":["Orrery","Tiny House"],"picked":"Busted Crown"},{"not_picked":["Cursed Key","HoveringKite"],"picked":"Runic Dome"}],"items_purged_floors":[2,29],"is_endless":false,"potions_floor_spawned":[11,16,28,30,31,33,41,42,47],"ascension_level":6}