{"gold_per_floor":[116,130,130,130,130,130,130,5,5,37,47,80,80,115,115,217,217,228,228,43,43,59,86,103,138,138,138,61,75,75,108,108,205,205,221,231,231],"floor_reached":37,"playtime":5225,"items_purged":["Regret"],"score":468,"play_id":"19d0ae92-b28a-47b5-92bd-f6d569ef9dc7","local_time":"20190526154950","is_ascension_mode":false,"campfire_choices":[{"data":"Chill","floor":6,"key":"SMITH"},{"floor":13,"key":"REST"},{"data":"Consume","floor":15,"key":"SMITH"},{"data":"Creative AI","floor":27,"key":"SMITH"},{"floor":32,"key":"REST"}],"neow_cost":"NONE","seed_source_timestamp":18105826037855,"circlet_count":0,"master_deck":["Strike_B","Strike_B","Strike_B+1","Defend_B","Defend_B+1","Defend_B","Defend_B","Zap","Dualcast","Cold Snap","Chill+1","Cold Snap","Cold Snap","Compile Driver","Consume+1","Darkness","Fission","Hello World","Defragment","Redo","Bandage Up","Sweeping Beam","Sweeping Beam+1","Self Repair","Creative AI+1","Loop","Loop","Amplify","White Noise+1"],"relics":["FrozenCore","StoneCalendar","Ice Cream","Sundial","Blood Vial","Happy Flower","Bottled Tornado","FaceOfCleric","Matryoshka","FossilizedHelix","Mercury Hourglass","Darkstone Periapt","Ancient Tea Set","Black Star"],"potions_floor_usage":[23,25,25,31,31,31],"damage_taken":[{"damage":0,"enemies":"2 Louse","floor":1,"turns":3},{"damage":4,"enemies":"Jaw Worm","floor":2,"turns":3},{"damage":14,"enemies":"Gremlin Nob","floor":10,"turns":5},{"damage":0,"enemies":"Small Slimes","floor":11,"turns":3},{"damage":6,"enemies":"Lagavulin","floor":12,"turns":6},{"damage":12,"enemies":"3 Sentries","floor":14,"turns":7},{"damage":12,"enemies":"Slime Boss","floor":16,"turns":9},{"damage":11,"enemies":"3 Byrds","floor":18,"turns":6},{"damage":2,"enemies":"Spheric Guardian","floor":22,"turns":7},{"damage":16,"enemies":"Book of Stabbing","floor":23,"turns":7},{"damage":11,"enemies":"Shelled Parasite and Fungi","floor":24,"turns":6},{"damage":25,"enemies":"Slavers","floor":25,"turns":7},{"damage":6,"enemies":"Centurion and Healer","floor":29,"turns":7},{"damage":40,"enemies":"Gremlin Leader","floor":31,"turns":8},{"damage":16,"enemies":"Collector","floor":33,"turns":12},{"damage":0,"enemies":"3 Shapes","floor":35,"turns":4},{"damage":24,"enemies":"3 Darklings","floor":36,"turns":7},{"damage":85,"enemies":"Transient","floor":37,"turns":5}],"seed_played":"-5259197970301115912","potions_obtained":[{"floor":2,"key":"EssenceOfSteel"},{"floor":14,"key":"Swift Potion"},{"floor":22,"key":"FearPotion"},{"floor":24,"key":"EssenceOfSteel"},{"floor":25,"key":"Explosive Potion"},{"floor":29,"key":"Fire Potion"},{"floor":35,"key":"Regen Potion"}],"is_trial":false,"path_per_floor":["M","M","?","?","?","R","?","$","T","E","M","E","R","E","R","B",null,"M","T","$","?","M","E","M","E","T","R","$","M","$","E","R","B",null,"M","M","M"],"character_chosen":"DEFECT","items_purchased":["Cold Snap","Defragment","Redo","Bandage Up","Loop"],"campfire_rested":2,"item_purchase_floors":[8,20,20,20,28],"current_hp_per_floor":[82,78,78,71,55,55,55,55,55,41,41,35,59,49,49,39,82,71,71,71,71,76,67,63,45,45,45,45,53,53,27,53,51,89,90,78,0],"gold":231,"neow_bonus":"TEN_PERCENT_HP_BONUS","is_prod":false,"is_daily":false,"chose_seed":false,"campfire_upgraded":3,"win_rate":0.0,"timestamp":1558878590,"path_taken":["M","M","?","?","?","R","?","?","T","E","?","E","R","E","R","BOSS","M","?","$","?","?","E","M","E","T","R","?","M","$","E","R","BOSS","M","M","M"],"build_version":"2019-01-23","purchased_purges":1,"victory":false,"max_hp_per_floor":[82,82,82,82,82,82,82,82,82,82,82,82,82,82,82,82,82,82,82,82,82,83,84,85,86,86,86,86,87,87,88,88,89,89,90,91,91],"card_choices":[{"not_picked":["Hologram","Self Repair"],"picked":"Cold Snap","floor":1},{"not_picked":["Go for the Eyes","Hologram"],"picked":"Chill","floor":2},{"not_picked":["BootSequence","Gash"],"picked":"Cold Snap","floor":10},{"not_picked":["Seek","Coolheaded"],"picked":"Compile Driver","floor":11},{"not_picked":["Force Field","Beam Cell"],"picked":"Consume","floor":12},{"not_picked":["Hello World","Barrage"],"picked":"Darkness","floor":14},{"not_picked":["Seek","Machine Learning"],"picked":"Fission","floor":16},{"not_picked":["FTL","Scrape"],"picked":"Hello World","floor":18},{"not_picked":["Cold Snap","Beam Cell+1"],"picked":"Sweeping Beam","floor":22},{"not_picked":["Leap","Biased Cognition"],"picked":"Sweeping Beam+1","floor":23},{"not_picked":["Chill","Hologram"],"picked":"Self Repair","floor":24},{"not_picked":["White Noise","Gash"],"picked":"Creative AI","floor":25},{"not_picked":["Go for the Eyes","Leap+1","Thunder Strike"],"picked":"SKIP","floor":29},{"not_picked":["Coolheaded","Sweeping Beam"],"picked":"Loop","floor":31},{"not_picked":["Machine Learning","Creative AI"],"picked":"Amplify","floor":33},{"not_picked":["Streamline","Auto Shields","Sweeping Beam"],"picked":"SKIP","floor":35},{"not_picked":["Ball Lightning+1","FTL+1"],"picked":"White Noise+1","floor":36}],"player_experience":15785,"relics_obtained":[{"floor":9,"key":"Ice Cream"},{"floor":10,"key":"Sundial"},{"floor":12,"key":"Blood Vial"},{"floor":14,"key":"Happy Flower"},{"floor":19,"key":"Bottled Tornado"},{"floor":23,"key":"Matryoshka"},{"floor":25,"key":"FossilizedHelix"},{"floor":26,"key":"Mercury Hourglass"},{"floor":26,"key":"Darkstone Periapt"},{"floor":31,"key":"Ancient Tea Set"}],"event_choices":[{"damage_healed":0,"gold_gain":0,"player_choice":"Ignored","damage_taken":0,"max_hp_gain":0,"max_hp_loss":0,"event_name":"Liars Game","floor":3,"gold_loss":0},{"cards_removed":["Strike_B"],"damage_healed":0,"gold_gain":0,"player_choice":"Card Removal","damage_taken":7,"max_hp_gain":0,"max_hp_loss":0,"event_name":"Golden Wing","floor":4,"gold_loss":0},{"damage_healed":0,"gold_gain":0,"player_choice":"Entered Light","damage_taken":16,"max_hp_gain":0,"max_hp_loss":0,"event_name":"Shining Light","floor":5,"gold_loss":0,"cards_upgraded":["Defend_B","Strike_B"]},{"damage_healed":0,"gold_gain":0,"player_choice":"Box","damage_taken":0,"relics_obtained":["StoneCalendar"],"max_hp_gain":0,"max_hp_loss":0,"event_name":"Big Fish","floor":7,"gold_loss":0,"cards_obtained":["Regret"]},{"damage_healed":0,"gold_gain":0,"player_choice":"Trade","damage_taken":0,"relics_obtained":["FaceOfCleric"],"max_hp_gain":0,"max_hp_loss":0,"event_name":"FaceTrader","floor":21,"gold_loss":0}],"is_beta":false,"boss_relics":[{"not_picked":["Busted Crown","Runic Dome"],"picked":"FrozenCore"},{"not_picked":["Tiny House","Velvet Choker"],"picked":"Black Star"}],"items_purged_floors":[8],"is_endless":false,"potions_floor_spawned":[2,14,22,24,25,29,35],"killed_by":"Transient","ascension_level":0}