{"gold_per_floor":[116,129,129,279,279,323,323],"floor_reached":7,"playtime":43,"items_purged":[],"score":152,"play_id":"4f5e1800-7af7-4726-9386-ec7c44995c79","local_time":"20190826133556","is_ascension_mode":true,"campfire_choices":[],"neow_cost":"NONE","seed_source_timestamp":86520467397320,"circlet_count":0,"master_deck":["AscendersBane","Strike_G","Strike_G","Strike_G","Strike_G","Strike_G","Defend_G","Defend_G","Defend_G","Defend_G","Defend_G","Survivor","Neutralize","Doubt","Regret","Grand Finale"],"relics":["Ring of the Snake","NeowsBlessing","Golden Idol","Regal Pillow","Strawberry"],"potions_floor_usage":[],"damage_taken":[{"damage":0,"enemies":"Small Slimes","floor":1,"turns":1},{"damage":0,"enemies":"Jaw Worm","floor":2,"turns":1},{"damage":4,"enemies":"3 Sentries","floor":6,"turns":2},{"damage":0,"enemies":"2 Louse","floor":7,"turns":1}],"seed_played":"5190297276156341197","potions_obtained":[{"floor":1,"key":"FearPotion"}],"is_trial":false,"path_per_floor":["M","M","?","?","?","E","M"],"character_chosen":"THE_SILENT","items_purchased":[],"campfire_rested":0,"item_purchase_floors":[],"current_hp_per_floor":[59,59,36,36,36,39,39],"gold":323,"neow_bonus":"THREE_ENEMY_KILL","is_prod":false,"is_daily":false,"chose_seed":false,"campfire_upgraded":0,"win_rate":0,"timestamp":1566801356,"path_taken":["M","M","?","?","?","E","?"],"build_version":"2019-07-17","purchased_purges":0,"victory":false,"max_hp_per_floor":[66,66,66,66,66,73,73],"card_choices":[{"not_picked":["Finisher","Quick Slash","Deadly Poison"],"picked":"SKIP","floor":1},{"not_picked":["Blur","Expertise","Terror"],"picked":"SKIP","floor":2},{"not_picked":["Underhanded Strike","Prepared"],"picked":"Grand Finale","floor":6}],"player_experience":1083296,"relics_obtained":[{"floor":6,"key":"Strawberry"}],"event_choices":[{"damage_healed":0,"gold_gain":0,"player_choice":"Take Damage","damage_taken":23,"relics_obtained":["Golden Idol"],"max_hp_gain":0,"max_hp_loss":0,"event_name":"Golden Idol","floor":3,"gold_loss":0},{"damage_healed":0,"gold_gain":150,"player_choice":"AGREE","damage_taken":0,"max_hp_gain":0,"max_hp_loss":0,"event_name":"Liars Game","floor":4,"gold_loss":0,"cards_obtained":["Doubt"]},{"damage_healed":0,"gold_gain":0,"player_choice":"Box","damage_taken":0,"relics_obtained":["Regal Pillow"],"max_hp_gain":0,"max_hp_loss":0,"event_name":"Big Fish","floor":5,"gold_loss":0,"cards_obtained":["Regret"]}],"is_beta":false,"boss_relics":[],"items_purged_floors":[],"is_endless":false,"potions_floor_spawned":[1],"killed_by":"2 Louse","ascension_level":21}