{"gold_per_floor":[114,189,39,214,229,259,274,274,299,314,344,344,359,374,374,474,474,489,439,439,454,469,499,499,414,414,429,429,459,474,92,92,192,192,207,238,253,253,268,298,313,313,388,403,418,448,463,478,478,478],"floor_reached":51,"playtime":2730,"items_purged":["Strike_B"],"score":1063,"play_id":"95acf62a-bbff-4010-b8f1-ca80941b7b89","local_time":"20180715114320","daily_mods":["Insanity","Terminal","Vintage"],"is_ascension_mode":false,"campfire_choices":[{"data":"Storm","floor":8,"key":"SMITH"},{"data":"Buffer","floor":15,"key":"SMITH"},{"data":"Storm","floor":28,"key":"SMITH"},{"data":"Storm","floor":32,"key":"SMITH"},{"data":"Thunder Strike","floor":49,"key":"SMITH"}],"neow_cost":"","seed_source_timestamp":0,"circlet_count":0,"master_deck":["Force Field","Defragment","All For One","Turbo","Core Surge","Rainbow","Storm+1","Heatsinks","Consume","All For One","Coolheaded","Storm","Echo Form+1","Defend_B","Coolheaded","Chill","Strike_B","Defend_B","Dualcast","Aggregate","Fusion","Rip and Tear+1","Cold Snap","Steam Power","Redo","Sweeping Beam","Darkness","Steam","Buffer+1","Static Discharge","Recycle","Scrape","Turbo","Meteor Strike","Thunder Strike+1","Multi-Cast+1","Force Field","Dualcast","Streamline","Glacier","Fusion","Reboot","All For One","Multi-Cast","Sunder+1","Rip and Tear","Conserve Battery","Leap+1","Doubt","Conserve Battery","Seek","Storm+1","Coolheaded","Storm+1","Creative AI","Hologram+1","Conserve Battery","Leap+1"],"special_seed":17727,"relics":["Cracked Core","Bottled Tornado","Art of War","Sundial","Happy Flower","Shuriken","Ancient Tea Set","Whetstone","War Paint","Peace Pipe","Torii","Bag of Preparation","Smiling Mask","Velvet Choker","Omamori","Calipers","Bottled Lightning","Bird Faced Urn","Pear","DataDisk","Oddly Smooth Stone","Lantern","Blood Vial","Thread and Needle","Cables","Cursed Key","Ginger","Shovel","Kunai","Anchor","Question Card","Strawberry","Gremlin Horn","Symbiotic Virus","Du-Vu Doll","Darkstone Periapt","Singing Bowl","Frozen Egg 2","Bag of Marbles"],"potions_floor_usage":[6,11,16,16,16,16,16,33,40,40,50,50,50],"damage_taken":[{"damage":3,"enemies":"Small Slimes","floor":1,"turns":3},{"damage":6,"enemies":"Jaw Worm","floor":5,"turns":3},{"damage":11,"enemies":"Gremlin Nob","floor":6,"turns":3},{"damage":0,"enemies":"2 Louse","floor":7,"turns":3},{"damage":0,"enemies":"Large Slime","floor":10,"turns":3},{"damage":0,"enemies":"3 Sentries","floor":11,"turns":6},{"damage":0,"enemies":"2 Fungi Beasts","floor":13,"turns":2},{"damage":1,"enemies":"Gremlin Gang","floor":14,"turns":4},{"damage":5,"enemies":"Hexaghost","floor":16,"turns":4},{"damage":0,"enemies":"Shell Parasite","floor":18,"turns":2},{"damage":0,"enemies":"Chosen","floor":21,"turns":3},{"damage":0,"enemies":"Snecko","floor":22,"turns":3},{"damage":21,"enemies":"Slavers","floor":23,"turns":4},{"damage":0,"enemies":"3 Cultists","floor":27,"turns":4},{"damage":0,"enemies":"Gremlin Leader","floor":29,"turns":3},{"damage":2,"enemies":"Centurion and Healer","floor":30,"turns":3},{"damage":0,"enemies":"Collector","floor":33,"turns":5},{"damage":0,"enemies":"Orb Walker","floor":35,"turns":2},{"damage":0,"floor":36,"turns":4},{"damage":0,"enemies":"Flame Bruiser 1 Orb","floor":37,"turns":3},{"damage":6,"enemies":"4 Shapes","floor":39,"turns":3},{"damage":20,"enemies":"2 Orb Walkers","floor":40,"turns":4},{"damage":0,"enemies":"Flame Bruiser 2 Orb","floor":41,"turns":3},{"damage":0,"enemies":"Spire Growth","floor":44,"turns":2},{"damage":0,"enemies":"3 Darklings","floor":45,"turns":3},{"damage":0,"enemies":"Nemesis","floor":46,"turns":3},{"damage":0,"enemies":"4 Shapes","floor":47,"turns":2},{"damage":0,"enemies":"Sphere and 2 Shapes","floor":48,"turns":3},{"damage":0,"enemies":"Time Eater","floor":50,"turns":5}],"seed_played":"-3267651053854438972","potions_obtained":[{"floor":1,"key":"Swift Potion"},{"floor":10,"key":"FocusPotion"},{"floor":11,"key":"FearPotion"},{"floor":13,"key":"EntropicBrew"},{"floor":14,"key":"LiquidBronze"},{"floor":21,"key":"Ancient Potion"},{"floor":22,"key":"SteroidPotion"},{"floor":30,"key":"Swift Potion"},{"floor":33,"key":"FocusPotion"},{"floor":39,"key":"PowerPotion"},{"floor":40,"key":"FairyPotion"},{"floor":44,"key":"FocusPotion"},{"floor":48,"key":"Fire Potion"}],"is_trial":false,"path_per_floor":["M","?","$","?","M","E","M","R","T","M","E","?","M","M","R","B",null,"M","$","?","M","M","E","?","?","T","M","R","E","M","$","R","B",null,"M","?","M","?","M","E","M","T","T","M","M","E","M","M","R","B"],"character_chosen":"DEFECT","items_purchased":["Art of War","Storm","Thread and Needle"],"campfire_rested":0,"item_purchase_floors":[3,31,31],"current_hp_per_floor":[71,60,60,60,54,43,43,43,43,43,43,43,43,42,42,37,57,56,55,54,53,52,31,31,41,41,51,51,55,54,53,52,51,50,49,48,47,46,42,27,46,46,46,47,46,45,44,43,42,41],"gold":478,"neow_bonus":"","is_prod":false,"is_daily":true,"chose_seed":false,"campfire_upgraded":5,"win_rate":0,"timestamp":1531629800,"path_taken":["M","?","$","?","M","E","M","R","T","M","E","?","M","M","R","BOSS","M","$","?","M","M","E","?","?","T","M","R","E","M","?","R","BOSS","M","?","M","?","M","E","?","?","T","M","M","E","M","M","R","BOSS"],"build_version":"2018-07-13","purchased_purges":1,"victory":true,"max_hp_per_floor":[73,72,71,70,69,68,67,66,65,64,63,62,61,60,59,58,57,56,55,54,53,52,51,50,59,58,57,56,55,54,53,52,51,50,49,48,47,46,45,44,50,49,48,47,46,45,44,43,42,41],"card_choices":[{"not_picked":["Coolheaded","Gash"],"picked":"Conserve Battery","floor":6},{"not_picked":["Reprogram","Turbo","Gash"],"picked":"SKIP","floor":11},{"not_picked":["Fission","Machine Learning"],"picked":"Seek","floor":16},{"not_picked":["Steam Power","Steam"],"picked":"Storm","floor":23},{"not_picked":["Gash","Chill"],"picked":"Coolheaded","floor":29},{"not_picked":["Fission","Rainbow"],"picked":"Creative AI","floor":33},{"not_picked":["Streamline+1","Genetic Algorithm"],"picked":"Hologram+1","floor":36},{"not_picked":["Multi-Cast","Barrage"],"picked":"Conserve Battery","floor":40},{"not_picked":["Coolheaded+1","Beam Cell","Darkness"],"picked":"Leap+1","floor":46}],"player_experience":209975,"relics_obtained":[{"floor":1,"key":"Bottled Tornado"},{"floor":5,"key":"Sundial"},{"floor":6,"key":"Happy Flower"},{"floor":7,"key":"Shuriken"},{"floor":9,"key":"Ancient Tea Set"},{"floor":10,"key":"Whetstone"},{"floor":11,"key":"War Paint"},{"floor":13,"key":"Torii"},{"floor":14,"key":"Bag of Preparation"},{"floor":16,"key":"Smiling Mask"},{"floor":18,"key":"Omamori"},{"floor":21,"key":"Calipers"},{"floor":22,"key":"Bottled Lightning"},{"floor":23,"key":"Bird Faced Urn"},{"floor":26,"key":"DataDisk"},{"floor":27,"key":"Oddly Smooth Stone"},{"floor":29,"key":"Lantern"},{"floor":30,"key":"Blood Vial"},{"floor":33,"key":"Cables"},{"floor":35,"key":"Ginger"},{"floor":36,"key":"Shovel"},{"floor":37,"key":"Kunai"},{"floor":39,"key":"Anchor"},{"floor":40,"key":"Question Card"},{"floor":41,"key":"Strawberry"},{"floor":42,"key":"Gremlin Horn"},{"floor":43,"key":"Symbiotic Virus"},{"floor":44,"key":"Du-Vu Doll"},{"floor":45,"key":"Darkstone Periapt"},{"floor":46,"key":"Singing Bowl"},{"floor":47,"key":"Frozen Egg 2"},{"floor":48,"key":"Bag of Marbles"}],"event_choices":[{"event_name":"World of Goop","player_choice":"Gather Gold","floor":2,"damage_taken":0},{"event_name":"Liars Game","player_choice":"agreed","floor":4,"damage_taken":0},{"event_name":"Dead Adventurer","player_choice":"Searched \u00271\u0027 times","floor":12,"damage_taken":0},{"event_name":"Upgrade Shrine","player_choice":"Upgraded","floor":20,"damage_taken":0},{"event_name":"Ghosts","player_choice":"Ignored","floor":24,"damage_taken":0},{"event_name":"Addict","player_choice":"Obtained Relic","floor":25,"damage_taken":0},{"event_name":"Mysterious Sphere","player_choice":"Fight","floor":36,"damage_taken":0},{"event_name":"Falling","player_choice":"Removed Attack","floor":38,"damage_taken":0}],"boss_relics":[{"not_picked":["Orrery","Runic Pyramid"],"picked":"Velvet Choker"},{"not_picked":["Tiny House","Nuclear Battery"],"picked":"Cursed Key"}],"items_purged_floors":[19],"is_endless":false,"potions_floor_spawned":[1,10,11,13,14,21,22,23,30,33,39,40,44,46,48],"ascension_level":0}