{"gold_per_floor":[111,36,36,36,3,3,35,45,45,45,60,60,60,74,74,74],"floor_reached":16,"playtime":1548,"items_purged":["Strike_R"],"score":142,"play_id":"da3155f3-c77a-4db2-a6d4-5541f7842822","local_time":"20181005215914","is_ascension_mode":true,"campfire_choices":[{"data":"Shockwave","floor":6,"key":"SMITH"},{"floor":10,"key":"REST"},{"data":"Inflame","floor":13,"key":"SMITH"},{"data":"Iron Wave","floor":15,"key":"SMITH"}],"neow_cost":"NONE","seed_source_timestamp":108912064540536,"circlet_count":0,"master_deck":["Strike_R","Strike_R","Defend_R","Defend_R","Defend_R","Defend_R","Bash","Flex","Iron Wave+1","Shockwave+1","Inflame+1","Dual Wield+1","Warcry+1","Ghostly Armor+1"],"relics":["Burning Blood","Toxic Egg 2","Bottled Tornado"],"potions_floor_usage":[11],"damage_taken":[{"damage":6,"enemies":"2 Louse","floor":1,"turns":3},{"damage":52,"enemies":"Gremlin Nob","floor":7,"turns":6},{"damage":3,"enemies":"Jaw Worm","floor":8,"turns":5},{"damage":3,"enemies":"Small Slimes","floor":11,"turns":3},{"damage":4,"enemies":"Looter","floor":14,"turns":5},{"damage":58,"enemies":"Slime Boss","floor":16,"turns":10}],"seed_played":"4500698909893955060","potions_obtained":[{"floor":7,"key":"Energy Potion"}],"is_trial":false,"path_per_floor":["M","$","?","?","$","R","E","M","T","R","M","?","R","M","R"],"character_chosen":"IRONCLAD","items_purchased":["Shockwave"],"campfire_rested":1,"item_purchase_floors":[5],"current_hp_per_floor":[72,72,65,70,70,70,24,27,27,52,55,55,55,57,57,0],"gold":74,"neow_bonus":"THREE_CARDS","is_prod":false,"is_daily":false,"chose_seed":false,"campfire_upgraded":3,"win_rate":0,"timestamp":1538794754,"path_taken":["M","$","?","?","?","R","E","M","T","R","?","?","R","M","R","BOSS"],"build_version":"2018-10-04v2","purchased_purges":1,"victory":false,"max_hp_per_floor":[80,80,80,85,85,85,85,85,85,85,85,85,85,85,85,85],"card_choices":[{"not_picked":["Clash","Wild Strike"],"picked":"Flex","floor":0},{"not_picked":["Flex","Rupture"],"picked":"Iron Wave","floor":1},{"not_picked":["Infernal Blade","Feel No Pain"],"picked":"Inflame","floor":7},{"not_picked":["Rupture","Evolve","Body Slam"],"picked":"SKIP","floor":8},{"not_picked":["Body Slam","Cleave"],"picked":"Dual Wield+1","floor":11},{"not_picked":["Infernal Blade+1","Hemokinesis"],"picked":"Ghostly Armor+1","floor":14}],"player_experience":735660,"relics_obtained":[{"floor":7,"key":"Toxic Egg 2"},{"floor":9,"key":"Bottled Tornado"}],"event_choices":[{"event_name":"Golden Wing","player_choice":"Card Removal","floor":3,"damage_taken":0},{"event_name":"Big Fish","player_choice":"Donut","floor":4,"damage_taken":0},{"event_name":"Living Wall","player_choice":"Change","floor":12,"damage_taken":0}],"is_beta":false,"boss_relics":[],"items_purged_floors":[2],"is_endless":false,"potions_floor_spawned":[7],"killed_by":"Slime Boss","ascension_level":9}