{"gold_per_floor":[113,131,131,143,156,156,204,236,236,250,265,298,315,333,333,431,431,444,543,554,554,854,854,708,740,763,763,774,788,807,427,427,531,531,548,306,324,127,174,204,204,304,304,126,126,144,161,161,161,161],"floor_reached":51,"playtime":10695,"items_purged":["Strike_B","Defend_B","Strike_B","Strike_B","Gash"],"score":1209,"play_id":"a0f9f667-8f97-45c0-94e7-8d1f050e975f","local_time":"20181222223025","is_ascension_mode":true,"campfire_choices":[{"floor":6.0,"key":"REST"},{"floor":15.0,"key":"REST"},{"data":"Sunder","floor":23.0,"key":"SMITH"},{"data":"Glacier","floor":27.0,"key":"SMITH"},{"data":"Apotheosis","floor":32.0,"key":"SMITH"},{"data":"Echo Form","floor":41,"key":"SMITH"},{"data":"Capacitor","floor":49,"key":"SMITH"}],"neow_cost":"NONE","seed_source_timestamp":0,"circlet_count":0,"master_deck":["AscendersBane","Defend_B","Defend_B","Defend_B","Zap","Dualcast","Fission","Leap","Cold Snap","Go for the Eyes","Capacitor+1","Loop","FTL","Glacier+1","Sunder+1","Leap","Cold Snap","Consume","Consume+1","Coolheaded","Rebound+1","Self Repair","Apotheosis+1","Echo Form+1","Redo+1","Defragment","Cold Snap","Leap+1","Defragment","Coolheaded","Darkness+1","Multi-Cast","Redo","Glacier+1","Double Energy"],"special_seed":0,"relics":["Cracked Core","Bag of Preparation","Potion Belt","Bag of Marbles","Happy Flower","Coffee Dripper","Symbiotic Virus","Old Coin","Art of War","Omamori","Membership Card","Eternal Feather","Blood Vial","Orichalcum","FossilizedHelix","Bottled Tornado","Thread and Needle","Ornamental Fan","Oddly Smooth Stone"],"potions_floor_usage":[37,39,50],"damage_taken":[{"damage":1.0,"enemies":"Cultist","floor":1.0,"turns":4.0},{"damage":4.0,"enemies":"Small Slimes","floor":2.0,"turns":4.0},{"damage":2.0,"enemies":"Jaw Worm","floor":4.0,"turns":3.0},{"damage":18.0,"enemies":"Lots of Slimes","floor":5.0,"turns":7.0},{"damage":8.0,"enemies":"Lagavulin","floor":8.0,"turns":8.0},{"damage":9.0,"enemies":"2 Fungi Beasts","floor":10.0,"turns":4.0},{"damage":0.0,"enemies":"Exordium Wildlife","floor":11.0,"turns":3.0},{"damage":26.0,"enemies":"Gremlin Nob","floor":12.0,"turns":7.0},{"damage":0.0,"enemies":"3 Louse","floor":13.0,"turns":2.0},{"damage":0.0,"enemies":"Exordium Thugs","floor":14.0,"turns":5.0},{"damage":21.0,"enemies":"Slime Boss","floor":16.0,"turns":12.0},{"damage":3.0,"enemies":"2 Thieves","floor":18.0,"turns":4.0},{"damage":0.0,"enemies":"Chosen","floor":20.0,"turns":4.0},{"damage":19.0,"enemies":"Book of Stabbing","floor":25.0,"turns":4.0},{"damage":7.0,"enemies":"Snecko","floor":28.0,"turns":4.0},{"damage":16.0,"enemies":"Snake Plant","floor":29.0,"turns":4.0},{"damage":4.0,"enemies":"Shelled Parasite and Fungi","floor":30.0,"turns":7.0},{"damage":0.0,"enemies":"Automaton","floor":33.0,"turns":9.0},{"damage":0.0,"enemies":"3 Shapes","floor":35.0,"turns":3.0},{"damage":9,"enemies":"3 Darklings","floor":37,"turns":5},{"damage":15,"enemies":"2 Orb Walkers","floor":39,"turns":3},{"damage":35,"enemies":"Reptomancer","floor":40,"turns":7},{"damage":0,"enemies":"Mind Bloom Boss Battle","floor":42,"turns":5},{"damage":0,"enemies":"Spire Growth","floor":46,"turns":7},{"damage":0,"enemies":"4 Shapes","floor":47,"turns":3},{"damage":72,"enemies":"Awakened One","floor":50,"turns":23}],"seed_played":"4784615835489402457","potions_obtained":[{"floor":2.0,"key":"Dexterity Potion"},{"floor":4.0,"key":"Energy Potion"},{"floor":5.0,"key":"Poison Potion"},{"floor":11.0,"key":"Block Potion"},{"floor":12.0,"key":"Fire Potion"},{"floor":14.0,"key":"Block Potion"},{"floor":16.0,"key":"Poison Potion"},{"floor":20.0,"key":"PowerPotion"},{"floor":25.0,"key":"PowerPotion"},{"floor":28.0,"key":"SkillPotion"},{"floor":29.0,"key":"Energy Potion"},{"floor":37,"key":"PowerPotion"},{"floor":42,"key":"SteroidPotion"},{"floor":47,"key":"SpeedPotion"}],"is_trial":false,"path_per_floor":["M","M","?","M","M","R","T","E","T","M","M","E","M","M","R","B",null,"M","?","M","T","?","R","$","E","T","R","M","M","M","$","R","B",null,"M","M","$","M","$","?","E","R","?","T","$","?","M","M","?","R","B",null],"character_chosen":"DEFECT","items_purchased":["Consume","Membership Card","Self Repair","Apotheosis","Swift Potion","FairyPotion","Defragment","Cold Snap","Blood Vial","Defragment","Orichalcum","Coolheaded","Oddly Smooth Stone","Redo"],"campfire_rested":2,"item_purchase_floors":[24,31,31,31,31,36,36,36,36,38,38,38,44,44],"current_hp_per_floor":[67,63,63,61,43,65,65,57,57,48,48,22,22,22,44,23,62,59,59,59,59,59,59,59,40,40,40,33,17,13,13,13,20,61,61,61,64,64,51,38,56,65,65,65,65,74,75,75,75,13],"gold":161,"neow_bonus":"ONE_RANDOM_RARE_CARD","is_prod":false,"is_daily":false,"chose_seed":false,"campfire_upgraded":5,"win_rate":0,"timestamp":1545539425,"path_taken":["M","?","?","M","?","R","?","E","T","M","M","E","M","?","R","BOSS","M","?","M","?","?","R","$","E","T","R","M","M","?","$","R","BOSS","M","?","?","$","?","E","R","?","T","$","?","M","?","?","R","BOSS"],"build_version":"2018-12-20","purchased_purges":5,"victory":true,"max_hp_per_floor":[75,75,75,75,75,75,75,75,75,75,75,75,75,75,75,75,75,75,75,75,75,75,75,75,75,75,75,75,75,75,75,75,75,75,75,75,75,75,75,75,75,75,75,75,75,75,75,75,75,75],"card_choices":[{"not_picked":["Beam Cell","Gash"],"picked":"Leap","floor":1.0},{"not_picked":["Chaos","Hologram"],"picked":"Cold Snap","floor":2.0},{"not_picked":["Darkness","Double Energy"],"picked":"Capacitor","floor":4.0},{"not_picked":["Redo","Skim"],"picked":"Loop","floor":5.0},{"not_picked":["Thunder Strike","Streamline"],"picked":"Gash","floor":8.0},{"not_picked":["Static Discharge","Darkness"],"picked":"FTL","floor":10.0},{"not_picked":["Go for the Eyes","Static Discharge"],"picked":"Glacier","floor":11.0},{"not_picked":["Loop","Capacitor"],"picked":"Sunder","floor":12.0},{"not_picked":["Barrage","Compile Driver"],"picked":"Leap","floor":13.0},{"not_picked":["Beam Cell","Redo","Compile Driver"],"picked":"SKIP","floor":14.0},{"not_picked":["Biased Cognition","Machine Learning"],"picked":"Electrodynamics","floor":16.0},{"not_picked":["Gash+1","Storm"],"picked":"Cold Snap","floor":18.0},{"not_picked":["Aggregate","Rebound","Hologram"],"picked":"SKIP","floor":20.0},{"not_picked":["Skim","Streamline"],"picked":"Consume+1","floor":25.0},{"not_picked":["Storm+1","Streamline"],"picked":"Coolheaded","floor":28.0},{"not_picked":["Consume","Stack"],"picked":"Rebound+1","floor":29.0},{"not_picked":["Ball Lightning","Hologram","Static Discharge"],"picked":"SKIP","floor":30.0},{"not_picked":["All For One","Biased Cognition"],"picked":"Echo Form","floor":33.0},{"not_picked":["Double Energy","Undo+1"],"picked":"Redo+1","floor":35},{"not_picked":["Skim","Auto Shields"],"picked":"Leap+1","floor":37},{"not_picked":["Coolheaded","Leap"],"picked":"Darkness+1","floor":39},{"not_picked":["Self Repair","Fusion+1"],"picked":"Multi-Cast","floor":40},{"not_picked":["Capacitor","Steam","Darkness"],"picked":"SKIP","floor":46},{"not_picked":["Sweeping Beam","White Noise"],"picked":"Double Energy","floor":47}],"player_experience":914944,"relics_obtained":[{"floor":7.0,"key":"Bag of Preparation"},{"floor":8.0,"key":"Potion Belt"},{"floor":9.0,"key":"Bag of Marbles"},{"floor":12.0,"key":"Happy Flower"},{"floor":21.0,"key":"Symbiotic Virus"},{"floor":25.0,"key":"Art of War"},{"floor":26.0,"key":"Omamori"},{"floor":39,"key":"FossilizedHelix"},{"floor":40,"key":"Bottled Tornado"},{"floor":42,"key":"Thread and Needle"},{"floor":43,"key":"Ornamental Fan"}],"event_choices":[{"damage_healed":0.0,"max_hp_gain":0.0,"max_hp_loss":0.0,"gold_gain":0.0,"cards_transformed":["Strike_B"],"event_name":"Transmorgrifier","player_choice":"Transformed","floor":3.0,"gold_loss":0.0,"damage_taken":0.0,"cards_obtained":["Go for the Eyes"]},{"damage_healed":0.0,"max_hp_gain":0.0,"max_hp_loss":0.0,"gold_gain":99.0,"event_name":"Nest","player_choice":"Stole From Cult","floor":19.0,"gold_loss":0.0,"damage_taken":0.0},{"damage_healed":0.0,"max_hp_gain":0.0,"max_hp_loss":0.0,"gold_gain":0.0,"event_name":"The Mausoleum","player_choice":"Opened","floor":22.0,"gold_loss":0.0,"damage_taken":0.0,"relics_obtained":["Old Coin"]},{"damage_healed":0,"gold_gain":0,"player_choice":"Fight","damage_taken":0,"max_hp_gain":0,"max_hp_loss":0,"event_name":"Mysterious Sphere","floor":39,"gold_loss":0},{"damage_healed":0,"gold_gain":0,"player_choice":"Fight","damage_taken":0,"max_hp_gain":0,"max_hp_loss":0,"event_name":"MindBloom","floor":42,"gold_loss":0},{"damage_healed":0,"gold_gain":0,"player_choice":"Copied","damage_taken":0,"max_hp_gain":0,"max_hp_loss":0,"event_name":"Duplicator","floor":45,"gold_loss":0,"cards_obtained":["Glacier"]},{"cards_removed":["Electrodynamics"],"damage_healed":0,"gold_gain":0,"player_choice":"Removed Power","damage_taken":0,"max_hp_gain":0,"max_hp_loss":0,"event_name":"Falling","floor":48,"gold_loss":0}],"is_beta":false,"boss_relics":[{"not_picked":["Inserter","Sozu"],"picked":"Coffee Dripper"},{"not_picked":["Black Star","Astrolabe"],"picked":"Eternal Feather"}],"items_purged_floors":[24,31,36,38,44],"is_endless":false,"potions_floor_spawned":[2,4,5,11,12,14,16,20,25,28,29,37,42,47],"ascension_level":12}