{"gold_per_floor":[118,43,43,43,59,59,76,76,154,173,191,55,55,82,82,82],"floor_reached":16,"playtime":801,"items_purged":["Strike_R","Strike_R"],"score":120,"play_id":"0555ce91-ca70-4ac5-aa59-8ef7db15816e","local_time":"20190605203832","is_ascension_mode":true,"campfire_choices":[{"data":"Strike_R","floor":6,"key":"SMITH"},{"data":"Purity","floor":8,"key":"SMITH"},{"data":"Dropkick","floor":13,"key":"SMITH"},{"floor":15,"key":"REST"}],"neow_cost":"TEN_PERCENT_HP_LOSS","seed_source_timestamp":212339254931476,"circlet_count":0,"master_deck":["Strike_R+1","Strike_R","Defend_R","Defend_R","Defend_R","Defend_R","Bash","Dramatic Entrance","Purity+1","Headbutt","Thunderclap","Dropkick+1"],"relics":["Burning Blood","Darkstone Periapt","Turnip"],"potions_floor_usage":[16,16],"damage_taken":[{"damage":0,"enemies":"Small Slimes","floor":1,"turns":3},{"damage":0,"enemies":"2 Louse","floor":5,"turns":2},{"damage":1,"enemies":"Cultist","floor":7,"turns":3},{"damage":18,"enemies":"Red Slaver","floor":10,"turns":3},{"damage":0,"enemies":"Large Slime","floor":11,"turns":4},{"damage":25,"enemies":"3 Sentries","floor":14,"turns":7},{"damage":78,"enemies":"Slime Boss","floor":16,"turns":10}],"seed_played":"-4605444073761692737","potions_obtained":[{"floor":10,"key":"SkillPotion"},{"floor":11,"key":"FearPotion"}],"is_trial":false,"path_per_floor":["M","$","?","?","M","R","M","R","T","M","M","$","R","E","R","B"],"character_chosen":"IRONCLAD","items_purchased":["Dropkick"],"campfire_rested":1,"item_purchase_floors":[12],"current_hp_per_floor":[72,72,72,72,72,72,72,72,72,60,66,66,66,47,68,0],"gold":82,"neow_bonus":"RANDOM_COLORLESS_2","is_prod":false,"is_daily":false,"chose_seed":false,"campfire_upgraded":3,"win_rate":0,"timestamp":1559759912,"path_taken":["M","$","?","?","M","R","M","R","T","M","M","$","R","E","R","BOSS"],"build_version":"2019-01-23","purchased_purges":2,"victory":false,"max_hp_per_floor":[72,72,72,72,72,72,72,72,72,72,72,72,72,72,72,72],"card_choices":[{"not_picked":["Burning Pact","True Grit"],"picked":"Headbutt","floor":1},{"not_picked":["Pommel Strike","Evolve","Heavy Blade"],"picked":"SKIP","floor":5},{"not_picked":["Burning Pact","Havoc","Headbutt"],"picked":"SKIP","floor":7},{"not_picked":["Headbutt","Iron Wave","Sever Soul"],"picked":"SKIP","floor":10},{"not_picked":["Heavy Blade","Second Wind"],"picked":"Thunderclap","floor":11},{"not_picked":["True Grit","Sword Boomerang","Demon Form"],"picked":"SKIP","floor":14}],"player_experience":190552,"relics_obtained":[{"floor":9,"key":"Darkstone Periapt"},{"floor":14,"key":"Turnip"}],"event_choices":[{"damage_healed":0,"gold_gain":0,"player_choice":"Ignored","damage_taken":0,"max_hp_gain":0,"max_hp_loss":0,"event_name":"Golden Idol","floor":3,"gold_loss":0},{"cards_removed":["Strike_R"],"damage_healed":0,"gold_gain":0,"player_choice":"Forget","damage_taken":0,"max_hp_gain":0,"max_hp_loss":0,"event_name":"Living Wall","floor":4,"gold_loss":0}],"is_beta":false,"boss_relics":[],"items_purged_floors":[2,12],"is_endless":false,"potions_floor_spawned":[10,11],"killed_by":"Slime Boss","ascension_level":4}