{"gold_per_floor":[113,38,38,53,53,53,88,101,101,113,113],"floor_reached":11,"playtime":161,"items_purged":["Defend_P"],"score":191,"play_id":"f5421a21-de92-4df6-a4aa-df6d76bb0dc0","local_time":"20190923174833","is_ascension_mode":true,"campfire_choices":[{"data":"Eruption","floor":6.0,"key":"SMITH"}],"neow_cost":"NONE","seed_source_timestamp":50160539497600,"circlet_count":0,"master_deck":["AscendersBane","Strike_P","Strike_P","Strike_P","Defend_P","Defend_P","Defend_P","Eruption+1","Vigilance","Establishment"],"special_seed":0,"relics":["PureWater","NeowsBlessing","Incense Burner","Turnip"],"potions_floor_usage":[10],"damage_taken":[{"damage":0.0,"enemies":"Small Slimes","floor":1.0,"turns":1.0},{"damage":0.0,"enemies":"Cultist","floor":4.0,"turns":1.0},{"damage":0.0,"enemies":"3 Sentries","floor":7.0,"turns":1.0},{"damage":2.0,"enemies":"Jaw Worm","floor":8.0,"turns":6.0},{"damage":12,"enemies":"3 Louse","floor":10,"turns":3},{"damage":0,"enemies":"Lagavulin","floor":11,"turns":4}],"seed_played":"3704684603778155791","potions_obtained":[{"floor":4.0,"key":"StancePotion"},{"floor":5.0,"key":"Fire Potion"},{"floor":5.0,"key":"LiquidBronze"}],"is_trial":false,"path_per_floor":["M","$","?","M","?","R","E","M","T","M","E"],"character_chosen":"WATCHER","items_purchased":[],"campfire_rested":0,"item_purchase_floors":[],"current_hp_per_floor":[55,55,55,55,55,55,55,53,53,41,41],"gold":113,"neow_bonus":"THREE_ENEMY_KILL","is_prod":false,"is_daily":false,"chose_seed":false,"campfire_upgraded":1,"win_rate":0,"timestamp":1569235713,"path_taken":["M","$","?","M","?","R","E","?","T","M","E"],"build_version":"2019-09-20","purchased_purges":1,"victory":false,"max_hp_per_floor":[61,61,61,61,61,61,61,61,61,61,61],"card_choices":[{"not_picked":["Sanctity","Consecrate"],"picked":"Establishment","floor":1.0},{"not_picked":["Sanctity","WindmillStrike","EmptyMind"],"picked":"SKIP","floor":4.0},{"not_picked":["ThirdEye","Halt","Prostrate"],"picked":"SKIP","floor":7.0},{"not_picked":["Sanctity","SashWhip","CutThroughFate"],"picked":"SKIP","floor":8.0},{"not_picked":["Weave","FollowUp","Fasting"],"picked":"SKIP","floor":10}],"player_experience":1136544,"relics_obtained":[{"floor":7.0,"key":"Incense Burner"},{"floor":9.0,"key":"Turnip"}],"event_choices":[{"cards_removed":["Strike_P"],"damage_healed":0.0,"max_hp_gain":0.0,"max_hp_loss":0.0,"gold_gain":0.0,"event_name":"Living Wall","player_choice":"Forget","floor":3.0,"gold_loss":0.0,"damage_taken":0.0},{"damage_healed":0.0,"max_hp_gain":0.0,"max_hp_loss":0.0,"gold_gain":0.0,"event_name":"Lab","player_choice":"Got Potions","floor":5.0,"gold_loss":0.0,"damage_taken":0.0}],"is_beta":true,"boss_relics":[],"items_purged_floors":[2],"is_endless":false,"potions_floor_spawned":[4],"killed_by":"Lagavulin","ascension_level":19}