{"gold_per_floor":[113,133,43,55,71,103,103,122,422,31,106,138,138,151,151,151],"floor_reached":16,"playtime":735,"items_purged":["Bash"],"score":224,"play_id":"cbb1a3d2-1db9-4598-8f5e-9aaecfe682e0","local_time":"20190927133348","is_ascension_mode":true,"campfire_choices":[{"data":"Flex","floor":7.0,"key":"SMITH"},{"floor":15,"key":"REST"}],"neow_cost":"TEN_PERCENT_HP_LOSS","seed_source_timestamp":911605002832100,"circlet_count":0,"master_deck":["AscendersBane","Strike_R","Strike_R","Strike_R","Strike_R","Strike_R","Defend_R","Defend_R","Defend_R","Defend_R","Feel No Pain","Metallicize","Swift Strike","Second Wind","Flex+1","Flex","Corruption","Offering"],"special_seed":0,"relics":["Burning Blood","Unceasing Top","Bronze Scales","Old Coin","Ornamental Fan"],"potions_floor_usage":[12,12],"damage_taken":[{"damage":5.0,"enemies":"2 Louse","floor":1.0,"turns":5.0},{"damage":13.0,"enemies":"Small Slimes","floor":2.0,"turns":5.0},{"damage":0.0,"enemies":"Cultist","floor":4.0,"turns":4.0},{"damage":14.0,"enemies":"Large Slime","floor":5.0,"turns":10.0},{"damage":15.0,"enemies":"3 Sentries","floor":6.0,"turns":17.0},{"damage":16.0,"enemies":"Lots of Slimes","floor":8.0,"turns":4.0},{"damage":35,"enemies":"Gremlin Nob","floor":12,"turns":6},{"damage":3,"enemies":"3 Louse","floor":14,"turns":4},{"damage":36,"enemies":"Slime Boss","floor":16,"turns":6}],"seed_played":"7883820657717451618","potions_obtained":[{"floor":2.0,"key":"Dexterity Potion"},{"floor":5.0,"key":"SpeedPotion"}],"is_trial":false,"path_per_floor":["M","M","$","M","M","E","R","M","T","$","?","E","?","M","R","B"],"character_chosen":"IRONCLAD","items_purchased":["Swift Strike","Corruption","Offering","BloodPotion"],"campfire_rested":1,"item_purchase_floors":[3,10,10,10],"current_hp_per_floor":[68,61,61,67,59,50,50,40,40,40,29,13,35,38,58,22],"gold":151,"neow_bonus":"ONE_RARE_RELIC","is_prod":false,"is_daily":false,"chose_seed":false,"campfire_upgraded":1,"win_rate":0,"timestamp":1569616428,"path_taken":["M","M","$","M","M","E","R","M","T","$","?","E","?","M","R","BOSS"],"build_version":"2019-09-26","purchased_purges":1,"victory":false,"max_hp_per_floor":[68,68,68,68,68,68,68,68,68,68,68,68,68,68,68,68],"card_choices":[{"not_picked":["Clash","Flame Barrier"],"picked":"Feel No Pain","floor":1.0},{"not_picked":["Heavy Blade","Flex"],"picked":"Metallicize","floor":2.0},{"not_picked":["Thunderclap","Havoc","Power Through"],"picked":"SKIP","floor":4.0},{"not_picked":["Metallicize","Battle Trance"],"picked":"Second Wind","floor":5.0},{"not_picked":["Body Slam","Shrug It Off"],"picked":"Flex","floor":6.0},{"not_picked":["Sword Boomerang","Twin Strike"],"picked":"Flex","floor":8.0},{"not_picked":["Sever Soul","Pommel Strike","Dropkick"],"picked":"SKIP","floor":12},{"not_picked":["Warcry","Headbutt","Sword Boomerang"],"picked":"SKIP","floor":14}],"player_experience":1064320,"relics_obtained":[{"floor":6.0,"key":"Bronze Scales"},{"floor":9.0,"key":"Old Coin"},{"floor":12,"key":"Ornamental Fan"}],"event_choices":[{"damage_healed":0.0,"max_hp_gain":0.0,"max_hp_loss":0.0,"gold_gain":75.0,"event_name":"World of Goop","player_choice":"Gather Gold","floor":11.0,"gold_loss":0.0,"damage_taken":11.0},{"damage_healed":22,"gold_gain":0,"player_choice":"Banana","damage_taken":0,"max_hp_gain":0,"max_hp_loss":0,"event_name":"Big Fish","floor":13,"gold_loss":0}],"is_beta":true,"boss_relics":[],"items_purged_floors":[10],"is_endless":false,"potions_floor_spawned":[2,5],"killed_by":"Slime Boss","ascension_level":20}