{"gold_per_floor":[114,114,129,144,144,144,57,57,132,132,162,177,192,207,207,307,307,322,337,37,52,52,82,82,97,97,97,97,97,112,127,127,227,227,242,292,292,292,307,337,337,87,112,112,127,142,157,172,172,172],"floor_reached":50,"playtime":1477,"items_purged":[],"score":1196,"play_id":"25453ea5-3f69-428d-81fa-a536a239b7e6","local_time":"20180629134817","daily_mods":["Insanity","Uncertain Future","Hoarder"],"is_ascension_mode":false,"campfire_choices":[{"data":"Dramatic Entrance","floor":8,"key":"SMITH"},{"data":"Dramatic Entrance","floor":10,"key":"SMITH"},{"data":"Dramatic Entrance","floor":15,"key":"SMITH"},{"data":"Demon Form","floor":24,"key":"SMITH"},{"data":"Demon Form","floor":27,"key":"SMITH"},{"data":"Barricade","floor":32,"key":"SMITH"},{"floor":41,"key":"REST"},{"floor":44,"key":"REST"},{"floor":49,"key":"REST"}],"neow_cost":"","seed_source_timestamp":0,"circlet_count":0,"master_deck":["Barricade+1","Heavy Blade","Seeing Red","Sword Boomerang","Double Tap","Shrug It Off","Power Through","Rampage","Ghostly Armor","Demon Form+1","Headbutt","Uppercut","Sever Soul","Warcry","Metallicize","Demon Form+1","Heavy Blade","Reckless Charge","Warcry","Intimidate","Bludgeon","Immolate","Uppercut","Ghostly Armor","Rampage","Dual Wield","Inflame","Flex","Havoc","Uppercut","Havoc","Berserk","Bash","Shrug It Off","Thunderclap","Armaments","Rage","Havoc","Iron Wave","Shockwave","Entrench","Inflame","Rage","Barricade+1","Reaper","Rampage","Cleave","Defend_R","Perfected Strike","Uppercut+1","Perfected Strike","Perfected Strike","Perfected Strike","Pommel Strike","Pommel Strike","Pommel Strike","Headbutt","Headbutt","Headbutt","Dramatic Entrance+1","Dramatic Entrance+1","Dramatic Entrance+1","Rampage","Rampage","Rampage","Flex","Flex","Flex","Inflame","Inflame","Inflame","True Grit","True Grit","Double Tap","Double Tap","Double Tap","Whirlwind","Whirlwind","Whirlwind","Iron Wave","Iron Wave","Iron Wave","Heavy Blade","Heavy Blade","Heavy Blade","Headbutt","Headbutt","Headbutt","Armaments","Armaments","Armaments","Regret","Regret","Regret","Ghostly","Ghostly","Ghostly","Ghostly","Ghostly","Ghostly","Ghostly","Ghostly","Ghostly","Ghostly","Ghostly","Ghostly","Ghostly","Ghostly","Ghostly","Ghostly Armor+1","Ghostly Armor+1","Ghostly Armor+1","Armaments","Armaments","Armaments","Offering","Offering","Offering","Warcry+1","Warcry+1","Warcry+1","Cleave+1","Cleave+1","Cleave+1","Offering","Offering","Offering","Flex","Flex","Flex","Flex","Flex","Flex","Writhe","Writhe","Writhe","Shrug It Off","Shrug It Off","Shrug It Off","Whirlwind","Whirlwind","Whirlwind","Whirlwind","Whirlwind","Whirlwind","Shrug It Off+1","Shrug It Off+1","Shrug It Off+1","Armaments+1","Armaments+1","Armaments+1","Body Slam+1","Body Slam+1","Body Slam+1"],"special_seed":17711,"relics":["Burning Blood","Juzu Bracelet","Bottled Flame","Ice Cream","Cursed Key","Thread and Needle","Dream Catcher","Peace Pipe","Singing Bowl","Sozu","Turnip","Oddly Smooth Stone","Paper Frog"],"potions_floor_usage":[16,16,23,23,40,40,40],"damage_taken":[{"damage":0,"enemies":"Small Slimes","floor":1,"turns":1},{"damage":0,"enemies":"Jaw Worm","floor":3,"turns":2},{"damage":0,"enemies":"Cultist","floor":4,"turns":2},{"damage":15,"enemies":"Gremlin Nob","floor":11,"turns":4},{"damage":0,"enemies":"Gremlin Gang","floor":12,"turns":1},{"damage":9,"enemies":"Blue Slaver","floor":13,"turns":2},{"damage":0,"enemies":"Exordium Wildlife","floor":14,"turns":1},{"damage":0,"enemies":"Slime Boss","floor":16,"turns":3},{"damage":16,"enemies":"2 Thieves","floor":18,"turns":3},{"damage":22,"enemies":"Shell Parasite","floor":19,"turns":3},{"damage":0,"enemies":"Cultist and Chosen","floor":21,"turns":3},{"damage":0,"enemies":"Slavers","floor":23,"turns":2},{"damage":6,"enemies":"Snecko","floor":25,"turns":3},{"damage":15,"enemies":"Centurion and Healer","floor":30,"turns":3},{"damage":0,"enemies":"Sentry and Sphere","floor":31,"turns":3},{"damage":1,"enemies":"Automaton","floor":33,"turns":16},{"damage":13,"enemies":"3 Shapes","floor":35,"turns":2},{"damage":4,"floor":36,"turns":5},{"damage":0,"enemies":"3 Darklings","floor":39,"turns":5},{"damage":35,"enemies":"2 Orb Walkers","floor":40,"turns":3},{"damage":14,"enemies":"Flame Bruiser 2 Orb","floor":45,"turns":6},{"damage":9,"enemies":"Maw","floor":46,"turns":6},{"damage":21,"enemies":"Sphere and 2 Shapes","floor":47,"turns":3},{"damage":6,"enemies":"Flame Bruiser 2 Orb","floor":48,"turns":5},{"damage":29,"enemies":"Awakened One","floor":50,"turns":4}],"seed_played":"6162315489128863662","potions_obtained":[{"floor":1,"key":"PowerPotion"},{"floor":12,"key":"Block Potion"},{"floor":13,"key":"FearPotion"},{"floor":18,"key":"SpeedPotion"},{"floor":19,"key":"Strength Potion"},{"floor":30,"key":"FearPotion"},{"floor":33,"key":"Explosive Potion"}],"is_trial":false,"path_per_floor":["M","?","M","M","?","T","$","R","T","R","E","M","M","M","R","B",null,"M","M","$","M","?","E","R","M","T","R","?","?","M","M","R","B",null,"M","?","?","?","M","E","R","$","T","R","M","M","M","M","R"],"character_chosen":"IRONCLAD","items_purchased":["Dramatic Entrance","Thread and Needle","Paper Frog"],"campfire_rested":3,"item_purchase_floors":[7,20,42],"current_hp_per_floor":[80,64,70,76,76,76,76,76,76,76,67,73,70,76,76,80,80,70,58,58,74,59,65,65,65,65,65,42,42,33,39,39,42,42,35,37,37,37,42,13,25,25,25,37,29,26,11,17,29,0],"gold":172,"neow_bonus":"","is_prod":false,"is_daily":true,"chose_seed":false,"campfire_upgraded":6,"win_rate":0,"timestamp":1530256697,"path_taken":["M","?","M","M","?","?","$","R","T","R","E","M","M","M","R","BOSS","M","M","$","M","?","E","R","M","T","R","?","?","M","M","R","BOSS","M","?","?","?","M","E","R","$","T","R","M","M","M","M","R","BOSS"],"build_version":"2018-06-28","purchased_purges":0,"victory":false,"max_hp_per_floor":[80,80,80,80,80,80,80,80,80,80,80,80,80,80,80,80,80,80,80,80,80,85,85,85,85,85,85,42,42,42,42,42,42,42,42,42,42,42,42,42,42,42,42,42,42,42,42,42,42,42],"card_choices":[{"not_picked":["Ghostly Armor","Warcry"],"picked":"Perfected Strike","floor":1},{"not_picked":["Headbutt","Warcry"],"picked":"Pommel Strike","floor":3},{"not_picked":["Feel No Pain","Anger"],"picked":"Headbutt","floor":4},{"not_picked":["Juggernaut","Fire Breathing"],"picked":"Rampage","floor":11},{"not_picked":["Corruption","Clash"],"picked":"Flex","floor":12},{"not_picked":["Carnage","Blood for Blood"],"picked":"Inflame","floor":13},{"not_picked":["Twin Strike","Burning Pact"],"picked":"True Grit","floor":14},{"not_picked":["Bludgeon","Exhume"],"picked":"Double Tap","floor":16},{"not_picked":["Pommel Strike+1","Warcry"],"picked":"Whirlwind","floor":18},{"not_picked":["Clash","Flame Barrier+1"],"picked":"Iron Wave","floor":19},{"not_picked":["Body Slam","Wild Strike"],"picked":"Heavy Blade","floor":21},{"not_picked":["Exhume","Blood for Blood"],"picked":"Headbutt","floor":23},{"not_picked":["Evolve","Clash"],"picked":"Armaments","floor":25},{"not_picked":["Anger+1","Iron Wave"],"picked":"Ghostly Armor+1","floor":30},{"not_picked":["Sword Boomerang+1","Power Through"],"picked":"Armaments","floor":31},{"not_picked":["Juggernaut","Limit Break"],"picked":"Offering","floor":33},{"not_picked":["Heavy Blade","Rage"],"picked":"Warcry+1","floor":35},{"not_picked":["Heavy Blade","Twin Strike"],"picked":"Cleave+1","floor":36},{"not_picked":["Body Slam+1","Rage+1"],"picked":"Offering","floor":39},{"not_picked":["Hemokinesis","Twin Strike+1"],"picked":"Flex","floor":40},{"not_picked":["Clothesline+1","Anger+1"],"picked":"Flex","floor":41},{"not_picked":["Anger+1","Dual Wield"],"picked":"Shrug It Off","floor":44},{"not_picked":["Thunderclap","Warcry"],"picked":"Whirlwind","floor":45},{"not_picked":["Heavy Blade","Perfected Strike+1"],"picked":"Whirlwind","floor":46},{"not_picked":["Flex","Intimidate"],"picked":"Shrug It Off+1","floor":47},{"not_picked":["Rage","Clothesline"],"picked":"Armaments+1","floor":48},{"not_picked":["Power Through","Twin Strike"],"picked":"Body Slam+1","floor":49}],"player_experience":128027,"relics_obtained":[{"floor":6,"key":"Juzu Bracelet"},{"floor":9,"key":"Bottled Flame"},{"floor":11,"key":"Ice Cream"},{"floor":23,"key":"Dream Catcher"},{"floor":26,"key":"Peace Pipe"},{"floor":36,"key":"Turnip"},{"floor":40,"key":"Oddly Smooth Stone"}],"event_choices":[{"event_name":"Shining Light","player_choice":"Entered Light","floor":2,"damage_taken":0},{"event_name":"Match and Keep!","player_choice":"0 cards matched","floor":5,"damage_taken":0},{"event_name":"Forgotten Altar","player_choice":"Shed Blood","floor":22,"damage_taken":0},{"event_name":"Ghosts","player_choice":"Became a Ghost","floor":28,"damage_taken":0},{"event_name":"The Mausoleum","player_choice":"Yes","floor":29,"damage_taken":0},{"event_name":"Mysterious Sphere","player_choice":"Fight","floor":36,"damage_taken":0},{"event_name":"Falling","player_choice":"Removed Skill","floor":37,"damage_taken":0},{"event_name":"Tomb of Lord Red Mask","player_choice":"Ignored","floor":38,"damage_taken":0}],"boss_relics":[{"not_picked":["Runic Dome","Lizard Tail"],"picked":"Cursed Key"},{"not_picked":["Empty Cage","Orrery"],"picked":"Sozu"}],"items_purged_floors":[],"is_endless":false,"potions_floor_spawned":[1,12,13,18,19,30,33,35,40,45,46],"killed_by":"Awakened One","ascension_level":0}