{"gold_per_floor":[114,129,144,159,174,204,204,4,4,79,79,94,109,124,124,224,224,239,254,35,35,50,50,80,80,80,4,4,19,34,49,49,149,149,164,179,194,0,15,15,15,15,90,105,120,150,165,2,2,2],"floor_reached":51,"playtime":2480,"items_purged":[],"score":982,"play_id":"d1e2361c-d561-4495-b239-369e114f8508","local_time":"20180819112653","daily_mods":["Shiny","Uncertain Future","Binary"],"is_ascension_mode":false,"campfire_choices":[{"data":"Wraith Form v2","floor":7,"key":"SMITH"},{"data":"Bullet Time","floor":11,"key":"SMITH"},{"data":"Adrenaline","floor":15,"key":"SMITH"},{"data":"Night Terror","floor":23,"key":"SMITH"},{"data":"Phantasmal Killer","floor":25,"key":"SMITH"},{"data":"Footwork","floor":32,"key":"SMITH"},{"data":"After Image","floor":40,"key":"SMITH"},{"data":"Storm of Steel","floor":49,"key":"SMITH"}],"neow_cost":"","seed_source_timestamp":0,"circlet_count":0,"master_deck":["Venomology+1","Corpse Explosion+1","Malaise+1","Phantasmal Killer+1","Die Die Die+1","Adrenaline+1","Envenom+1","Doppelganger+1","Burst+1","Wraith Form v2+1","Tools of the Trade+1","Night Terror+1","Unload+1","After Image+1","Bullet Time+1","Storm of Steel+1","Glass Knife+1","A Thousand Cuts+1","Grand Finale+1","Backflip+1","Leg Sweep+1","Cloak And Dagger+1","Bouncing Flask+1","Cloak And Dagger+1","Leg Sweep+1","Dagger Throw+1","Acrobatics+1","Deadly Poison+1","Die Die Die+1","Quick Slash+1","Quick Slash+1","Footwork+1","Deadly Poison+1","Poisoned Stab+1","Bane+1","Bouncing Flask+1","Cloak And Dagger+1","Well Laid Plans+1","Venomology+1","Choke+1","Slice+1","Skewer+1","Deadly Poison+1","Backflip+1","Tactician+1","Poisoned Stab+1","Slice","Dagger Throw","Storm of Steel+1"],"special_seed":17762,"relics":["Ring of the Snake","Orichalcum","ClockworkSouvenir","Tough Bandages","Philosopher\u0027s Stone","Potion Belt","War Paint","Turnip","Coffee Dripper","Red Mask","Mark of the Bloom","Gremlin Horn","Bronze Scales"],"potions_floor_usage":[4,6,6,6,16,24,24,24,30,33,33,33,33,33,46,47,47,50,50,50,50,50,50],"damage_taken":[{"damage":6,"enemies":"Cultist","floor":1,"turns":3},{"damage":2,"enemies":"Small Slimes","floor":2,"turns":4},{"damage":0,"enemies":"Jaw Worm","floor":3,"turns":3},{"damage":0,"enemies":"Lots of Slimes","floor":4,"turns":1},{"damage":12,"enemies":"Blue Slaver","floor":5,"turns":5},{"damage":9,"enemies":"Gremlin Nob","floor":6,"turns":4},{"damage":7,"enemies":"Exordium Thugs","floor":12,"turns":4},{"damage":0,"enemies":"3 Louse","floor":13,"turns":5},{"damage":0,"enemies":"Large Slime","floor":14,"turns":3},{"damage":0,"enemies":"The Guardian","floor":16,"turns":8},{"damage":14,"enemies":"2 Thieves","floor":18,"turns":3},{"damage":0,"enemies":"3 Byrds","floor":19,"turns":2},{"damage":0,"enemies":"Snake Plant","floor":22,"turns":4},{"damage":14,"enemies":"Book of Stabbing","floor":24,"turns":3},{"damage":8,"enemies":"Centurion and Healer","floor":29,"turns":4},{"damage":0,"enemies":"Snecko","floor":30,"turns":2},{"damage":6,"enemies":"Snake Plant","floor":31,"turns":4},{"damage":0,"enemies":"Automaton","floor":33,"turns":7},{"damage":14,"enemies":"3 Shapes","floor":35,"turns":3},{"damage":0,"enemies":"3 Darklings","floor":36,"turns":4},{"damage":14,"enemies":"Maw","floor":37,"turns":6},{"damage":2,"enemies":"4 Shapes","floor":39,"turns":3},{"damage":0,"enemies":"Sphere and 2 Shapes","floor":44,"turns":2},{"damage":0,"enemies":"3 Darklings","floor":45,"turns":3},{"damage":0,"enemies":"2 Orb Walkers","floor":46,"turns":2},{"damage":7,"enemies":"Maw","floor":47,"turns":5},{"damage":0,"enemies":"Donu and Deca","floor":50,"turns":4}],"seed_played":"-5091411404733603740","potions_obtained":[{"floor":1,"key":"Explosive Potion"},{"floor":4,"key":"EssenceOfSteel"},{"floor":13,"key":"Strength Potion"},{"floor":16,"key":"SteroidPotion"},{"floor":22,"key":"Block Potion"},{"floor":24,"key":"Poison Potion"},{"floor":31,"key":"Energy Potion"},{"floor":36,"key":"PowerPotion"}],"is_trial":false,"path_per_floor":["M","M","M","M","M","E","R","$","T","?","R","M","M","M","R","B",null,"M","M","$","?","M","R","E","R","T","$","?","M","M","M","R","B",null,"M","M","M","?","M","R","?","R","T","M","M","E","M","$","R","B"],"character_chosen":"THE_SILENT","items_purchased":["ClockworkSouvenir","Footwork","Potion Belt","Bane","SteroidPotion","Slice","Dagger Throw","Storm of Steel"],"campfire_rested":0,"item_purchase_floors":[8,20,20,27,27,48,48,48],"current_hp_per_floor":[64,62,62,62,50,41,41,41,41,30,30,23,23,23,23,23,70,56,56,56,56,56,56,42,42,42,42,42,34,34,28,28,28,70,56,56,42,42,40,40,40,40,40,40,40,40,33,33,33,33],"gold":2,"neow_bonus":"","is_prod":false,"is_daily":true,"chose_seed":false,"campfire_upgraded":8,"win_rate":0,"timestamp":1534652813,"path_taken":["M","?","M","M","M","E","R","$","T","?","R","M","?","M","R","BOSS","M","M","$","?","M","R","E","R","T","?","?","M","M","M","R","BOSS","M","M","M","?","M","R","?","R","T","M","?","E","M","$","R","BOSS"],"build_version":"2018-08-16","purchased_purges":0,"victory":true,"max_hp_per_floor":[70,70,70,70,70,70,70,70,70,70,70,70,70,70,70,70,70,70,70,70,70,70,70,70,70,70,70,70,70,70,70,70,70,70,70,70,70,70,70,70,70,70,70,70,70,70,70,70,70,70],"card_choices":[{"not_picked":["Outmaneuver"],"picked":"Backflip","floor":1},{"not_picked":["Dodge and Roll"],"picked":"Leg Sweep","floor":2},{"not_picked":["Poisoned Stab"],"picked":"Cloak And Dagger","floor":3},{"not_picked":["Tools of the Trade"],"picked":"Bouncing Flask","floor":4},{"not_picked":["Outmaneuver"],"picked":"Cloak And Dagger","floor":5},{"not_picked":["Phantasmal Killer"],"picked":"Leg Sweep","floor":6},{"not_picked":["Accuracy"],"picked":"Dagger Throw","floor":12},{"not_picked":["Eviscerate"],"picked":"Acrobatics","floor":13},{"not_picked":["Masterful Stab"],"picked":"Deadly Poison","floor":14},{"not_picked":["Tools of the Trade"],"picked":"Die Die Die","floor":16},{"not_picked":["Choke"],"picked":"Quick Slash","floor":18},{"not_picked":["PiercingWail"],"picked":"Quick Slash","floor":19},{"not_picked":["Blade Dance"],"picked":"Deadly Poison","floor":22},{"not_picked":["Endless Agony"],"picked":"Poisoned Stab","floor":24},{"not_picked":["Outmaneuver+1"],"picked":"Cloak And Dagger","floor":29},{"not_picked":["Phantasmal Killer"],"picked":"Well Laid Plans+1","floor":30},{"not_picked":["Slice+1","Choke"],"picked":"SKIP","floor":31},{"not_picked":["Corpse Explosion"],"picked":"Venomology","floor":33},{"not_picked":["Bane+1"],"picked":"Choke+1","floor":35},{"not_picked":["Masterful Stab"],"picked":"Slice+1","floor":36},{"not_picked":["Endless Agony"],"picked":"Skewer","floor":37},{"not_picked":["Masterful Stab+1","Setup+1"],"picked":"SKIP","floor":39},{"not_picked":["Poisoned Stab+1"],"picked":"Deadly Poison+1","floor":44},{"not_picked":["Deflect+1"],"picked":"Backflip+1","floor":45},{"not_picked":["Prepared+1"],"picked":"Tactician+1","floor":46},{"not_picked":["Blade Dance+1"],"picked":"Poisoned Stab+1","floor":47}],"player_experience":318763,"relics_obtained":[{"floor":6,"key":"Orichalcum"},{"floor":9,"key":"Tough Bandages"},{"floor":24,"key":"War Paint"},{"floor":26,"key":"Turnip"},{"floor":43,"key":"Gremlin Horn"},{"floor":46,"key":"Bronze Scales"}],"event_choices":[{"event_name":"World of Goop","player_choice":"Gather Gold","floor":10,"damage_taken":0},{"event_name":"N\u0027loth","player_choice":"Ignored","floor":21,"damage_taken":0},{"event_name":"The Library","player_choice":"Read","floor":28,"damage_taken":0},{"event_name":"Tomb of Lord Red Mask","player_choice":"Paid","floor":38,"damage_taken":0},{"event_name":"MindBloom","player_choice":"Upgrade","floor":41,"damage_taken":0}],"is_beta":true,"boss_relics":[{"not_picked":["Runic Pyramid","WristBlade"],"picked":"Philosopher\u0027s Stone"},{"not_picked":["Runic Dome","Astrolabe"],"picked":"Coffee Dripper"}],"items_purged_floors":[],"is_endless":false,"potions_floor_spawned":[1,2,4,13,16,18,22,24,31,36,44,46,47],"ascension_level":0}