{"gold_per_floor":[111,10,25,125,125,151,151,169,194,70,103,122,122,41,41,145,145,159,258,258,19,39,71,88,99,147,160,160,160,160,172,172,272,272,287,287,58,58,74,74,102,102,128,153,172,172],"floor_reached":46,"playtime":6545,"items_purged":["Strike_G","Strike_G","Strike_G","Strike_G"],"score":683,"play_id":"efd2fff8-b7f5-4d8f-ab87-a2b8d9d81423","local_time":"20180914223021","is_ascension_mode":true,"campfire_choices":[{"floor":13.0,"key":"REST"},{"floor":15.0,"key":"REST"},{"floor":28.0,"key":"REST"},{"floor":32,"key":"REST"},{"data":"Noxious Fumes","floor":40,"key":"SMITH"},{"floor":42,"key":"REST"}],"neow_cost":"NONE","seed_source_timestamp":0,"circlet_count":0,"master_deck":["Defend_G","Defend_G","Defend_G","Defend_G","Strike_G+1","Survivor","Neutralize+1","Poisoned Stab","Catalyst","Poisoned Stab","Heel Hook","Poisoned Stab","Die Die Die","Crippling Poison","Footwork","After Image","Backflip","Trip","Cloak And Dagger","Noxious Fumes+1","Malaise","Calculated Gamble+1","Blur","Infinite Blades+1","Die Die Die","Flechettes","Footwork","Deadly Poison","Skewer","Bouncing Flask+1","PiercingWail+1","Well Laid Plans","Expertise+1"],"special_seed":0,"relics":["Velvet Choker","Whetstone","Du-Vu Doll","Omamori","Matryoshka","Sozu","Kunai","Thread and Needle","PreservedInsect","Smiling Mask","MutagenicStrength","Eternal Feather","Turnip","Centennial Puzzle","Art of War","Blood Vial"],"potions_floor_usage":[],"damage_taken":[{"damage":0.0,"enemies":"Small Slimes","floor":1.0,"turns":3.0},{"damage":2.0,"enemies":"Cultist","floor":3.0,"turns":4.0},{"damage":18.0,"enemies":"Lagavulin","floor":6.0,"turns":9.0},{"damage":0.0,"enemies":"2 Louse","floor":8.0,"turns":3.0},{"damage":17.0,"enemies":"3 Sentries","floor":11.0,"turns":10.0},{"damage":5.0,"enemies":"2 Fungi Beasts","floor":12.0,"turns":3.0},{"damage":12.0,"enemies":"The Guardian","floor":16.0,"turns":8.0},{"damage":17.0,"enemies":"2 Thieves","floor":18.0,"turns":5.0},{"damage":0.0,"enemies":"Chosen","floor":22.0,"turns":4.0},{"damage":14.0,"enemies":"Book of Stabbing","floor":23.0,"turns":6.0},{"damage":0.0,"enemies":"Centurion and Healer","floor":24.0,"turns":7.0},{"damage":5.0,"enemies":"Snake Plant","floor":25.0,"turns":4.0},{"damage":5.0,"enemies":"Snecko","floor":27.0,"turns":7.0},{"damage":5.0,"enemies":"Centurion and Healer","floor":31.0,"turns":7.0},{"damage":5,"enemies":"Champ","floor":33,"turns":13},{"damage":2,"enemies":"3 Shapes","floor":35,"turns":4},{"damage":6,"enemies":"Orb Walker","floor":39,"turns":5},{"damage":59,"enemies":"2 Orb Walkers","floor":41,"turns":5},{"damage":14,"enemies":"Giant Head","floor":44,"turns":8},{"damage":28,"enemies":"3 Darklings","floor":45,"turns":5},{"damage":12,"enemies":"Sphere and 2 Shapes","floor":46,"turns":3}],"seed_played":"5194499947981480734","potions_obtained":[{"floor":3.0,"key":"GamblersBrew"},{"floor":6.0,"key":"SteroidPotion"},{"floor":11.0,"key":"EssenceOfSteel"},{"floor":12.0,"key":"Weak Potion"}],"is_trial":false,"path_per_floor":["M","$","M","?","?","E","?","M","T","$","E","M","R","$","R","B",null,"M","?","?","$","M","E","M","M","T","M","R","?","?","M","R","B",null,"M","?","$","?","M","R","E","R","T","E","M"],"character_chosen":"THE_SILENT","items_purchased":["Poisoned Stab","Poisoned Stab","Footwork","Trip","Cloak And Dagger","Footwork","Deadly Poison","Skewer"],"campfire_rested":5,"item_purchase_floors":[2,10,14,21,21,37,37,37],"current_hp_per_floor":[63,63,61,61,61,43,43,43,43,43,26,21,42,42,63,51,65,48,48,48,48,48,34,34,29,29,24,45,45,45,40,61,56,67,65,65,65,65,59,70,11,50,50,36,10,0],"gold":172,"neow_bonus":"BOSS_RELIC","is_prod":false,"is_daily":false,"chose_seed":false,"campfire_upgraded":1,"win_rate":0,"timestamp":1536982221,"path_taken":["M","$","M","?","?","E","?","M","T","$","E","M","R","$","R","BOSS","M","?","?","$","M","E","M","?","T","M","R","?","?","M","R","BOSS","M","?","$","?","M","R","E","R","T","E","?","M"],"build_version":"2018-09-06","purchased_purges":4,"victory":false,"max_hp_per_floor":[70,70,70,70,70,70,70,70,70,70,70,70,70,70,70,70,70,70,70,70,70,70,70,70,70,70,70,70,70,70,70,70,70,70,70,70,70,70,70,70,70,70,70,70,70,70],"card_choices":[{"not_picked":["PiercingWail","Sucker Punch","Reflex"],"picked":"SKIP","floor":1.0},{"not_picked":["Masterful Stab","Underhanded Strike"],"picked":"Catalyst","floor":3.0},{"not_picked":["Predator","Sucker Punch"],"picked":"Poisoned Stab","floor":6.0},{"not_picked":["Sucker Punch","Dagger Throw"],"picked":"Heel Hook","floor":8.0},{"not_picked":["Setup","Eviscerate"],"picked":"Die Die Die","floor":11.0},{"not_picked":["Flying Knee","Backflip"],"picked":"Crippling Poison","floor":12.0},{"not_picked":["Venomology","Burst"],"picked":"After Image","floor":16.0},{"not_picked":["PiercingWail+1","Flying Knee+1"],"picked":"Backflip","floor":18.0},{"not_picked":["Dagger Spray","Cloak And Dagger"],"picked":"Noxious Fumes","floor":22.0},{"not_picked":["Leg Sweep","Calculated Gamble"],"picked":"Malaise","floor":23.0},{"not_picked":["Blade Dance","Endless Agony"],"picked":"Calculated Gamble+1","floor":24.0},{"not_picked":["Reflex+1","Deflect"],"picked":"Blur","floor":25.0},{"not_picked":["Endless Agony","Finisher","Acrobatics+1"],"picked":"SKIP","floor":27.0},{"not_picked":["Quick Slash","Bane"],"picked":"Infinite Blades+1","floor":31},{"not_picked":["Unload","Grand Finale"],"picked":"Die Die Die","floor":33},{"not_picked":["Quick Slash+1","Deflect+1"],"picked":"Flechettes","floor":35},{"not_picked":["Finisher+1","Setup+1"],"picked":"Bouncing Flask+1","floor":39},{"not_picked":["Flechettes","Predator"],"picked":"PiercingWail+1","floor":41},{"not_picked":["Unload","Dagger Spray+1"],"picked":"Well Laid Plans","floor":44},{"not_picked":["Poisoned Stab+1","Calculated Gamble"],"picked":"Expertise+1","floor":45}],"player_experience":515712,"relics_obtained":[{"floor":6.0,"key":"Whetstone"},{"floor":9.0,"key":"Omamori"},{"floor":11.0,"key":"Matryoshka"},{"floor":23.0,"key":"Thread and Needle"},{"floor":26.0,"key":"PreservedInsect"},{"floor":26.0,"key":"Smiling Mask"},{"floor":41,"key":"Turnip"},{"floor":43,"key":"Centennial Puzzle"},{"floor":43,"key":"Art of War"},{"floor":44,"key":"Blood Vial"}],"event_choices":[{"event_name":"Golden Shrine","player_choice":"Pray","floor":4.0,"damage_taken":0.0},{"event_name":"Liars Game","player_choice":"disagreed","floor":5.0,"damage_taken":0.0},{"event_name":"WeMeetAgain","player_choice":"Potion","floor":7.0,"damage_taken":0.0},{"event_name":"Nest","player_choice":"Stole From Cult","floor":19.0,"damage_taken":0.0},{"event_name":"The Mausoleum","player_choice":"Yes","floor":20.0,"damage_taken":0.0},{"event_name":"Drug Dealer","player_choice":"Inject Mutagens","floor":29.0,"damage_taken":0.0},{"event_name":"The Woman in Blue","player_choice":"Bought 0 Potions","floor":30.0,"damage_taken":0.0},{"event_name":"Tomb of Lord Red Mask","player_choice":"Ignored","floor":36,"damage_taken":0},{"event_name":"Falling","player_choice":"Removed Skill","floor":38,"damage_taken":0}],"is_beta":false,"boss_relics":[{"not_picked":["Astrolabe","White Beast Statue"],"picked":"Sozu"},{"not_picked":["HoveringKite","Snecko Eye"],"picked":"Eternal Feather"}],"items_purged_floors":[2,10,21,37],"is_endless":false,"potions_floor_spawned":[3,6,11,12,22,23,27,33,35,39,45],"killed_by":"Sphere and 2 Shapes","ascension_level":7}