{"gold_per_floor":[113,33,33,47,57,57,84,84,84,84,145,173,173,173,173,250,250,250,250,250,250,207,207,207,207,207,207,207,207,207,207,207,207,207,207,207,207,4,4,4,4,4,4,4,4,4,4,4,4,4,4,4,4,4,4],"floor_reached":55,"playtime":3516,"items_purged":["Decay"],"score":2023,"play_id":"ba93fe96-8426-4a11-964a-1f9ba104f5d4","local_time":"20190521230323","is_ascension_mode":true,"campfire_choices":[{"data":"Neutralize","floor":6.0,"key":"SMITH"},{"data":"Noxious Fumes","floor":8.0,"key":"SMITH"},{"floor":10.0,"key":"REST"},{"floor":13.0,"key":"REST"},{"floor":15.0,"key":"REST"},{"data":"Noxious Fumes","floor":23.0,"key":"SMITH"},{"data":"Well Laid Plans","floor":25.0,"key":"SMITH"},{"floor":28.0,"key":"REST"},{"floor":32,"key":"REST"},{"data":"Well Laid Plans","floor":40,"key":"SMITH"},{"data":"Die Die Die","floor":44,"key":"SMITH"},{"floor":49,"key":"RECALL"},{"floor":53,"key":"REST"}],"neow_cost":"NONE","seed_source_timestamp":426890923813452,"circlet_count":0,"master_deck":["AscendersBane","Defend_G","Defend_G","Defend_G","Defend_G","Defend_G","Strike_G","Strike_G","Strike_G","Strike_G","Survivor","Neutralize+1","Bouncing Flask","Noxious Fumes+1","Noxious Fumes+1","PiercingWail","Blade Dance+1","Backflip+1","Dodge and Roll+1","Night Terror+1","Dodge and Roll+1","Catalyst+1","Dodge and Roll+1","Blur+1","Well Laid Plans+1","Backflip+1","Deflect+1","Adrenaline+1","Well Laid Plans+1","Deflect+1","Dagger Spray+1","Crippling Poison+1","Acrobatics+1","Die Die Die+1","Prepared+1"],"special_seed":0,"relics":["Ring of the Snake","NeowsBlessing","Toxic Egg 2","Paper Crane","Anchor","Lantern","Pen Nib","Ectoplasm","Singing Bowl","Orrery","Tough Bandages","PreservedInsect","Ginger","Pantograph"],"potions_floor_usage":[30,48,55],"damage_taken":[{"damage":0.0,"enemies":"Small Slimes","floor":1.0,"turns":1.0},{"damage":0.0,"enemies":"Cultist","floor":4.0,"turns":1.0},{"damage":0.0,"enemies":"Jaw Worm","floor":5.0,"turns":1.0},{"damage":27.0,"enemies":"Gremlin Nob","floor":7.0,"turns":4.0},{"damage":20.0,"enemies":"3 Sentries","floor":11.0,"turns":6.0},{"damage":25.0,"enemies":"3 Sentries","floor":12.0,"turns":8.0},{"damage":21.0,"enemies":"The Guardian","floor":16.0,"turns":10.0},{"damage":11.0,"enemies":"Shell Parasite","floor":18.0,"turns":6.0},{"damage":6.0,"enemies":"Chosen","floor":20.0,"turns":5.0},{"damage":7.0,"enemies":"Snecko","floor":21.0,"turns":4.0},{"damage":8.0,"enemies":"Shelled Parasite and Fungi","floor":24.0,"turns":5.0},{"damage":12,"enemies":"3 Cultists","floor":29,"turns":5},{"damage":14,"enemies":"Gremlin Leader","floor":30,"turns":6},{"damage":0,"enemies":"Champ","floor":33,"turns":5},{"damage":0,"enemies":"Orb Walker","floor":35,"turns":4},{"damage":14,"enemies":"2 Orb Walkers","floor":39,"turns":5},{"damage":0,"enemies":"Giant Head","floor":41,"turns":4},{"damage":14,"enemies":"Reptomancer","floor":45,"turns":6},{"damage":0,"enemies":"3 Shapes","floor":46,"turns":3},{"damage":0,"enemies":"Writhing Mass","floor":47,"turns":6},{"damage":10,"enemies":"Maw","floor":48,"turns":4},{"damage":53,"enemies":"Time Eater","floor":50,"turns":11},{"damage":13,"enemies":"Awakened One","floor":51,"turns":11},{"damage":84,"enemies":"Shield and Spear","floor":55,"turns":4}],"seed_played":"5855949396342726111","potions_obtained":[{"floor":1.0,"key":"SteroidPotion"},{"floor":4.0,"key":"Energy Potion"},{"floor":19.0,"key":"Block Potion"},{"floor":19.0,"key":"Explosive Potion"},{"floor":30,"key":"Strength Potion"},{"floor":33,"key":"EssenceOfSteel"},{"floor":39,"key":"FairyPotion"},{"floor":48,"key":"AttackPotion"}],"is_trial":false,"path_per_floor":["M","$","?","M","M","R","E","R","T","R","?","E","R","?","R","B",null,"M","?","M","M","$","R","M","R","T","?","R","M","E","?","R","B",null,"M","?","?","$","?","R","E","$","T","R","E","M","M","M","R","B","B",null,"R","$","E"],"character_chosen":"THE_SILENT","items_purchased":["Noxious Fumes","Blur+1","Crippling Poison+1","Acrobatics+1"],"campfire_rested":6,"item_purchase_floors":[2,22,38,38],"current_hp_per_floor":[59,59,59,59,59,59,32,32,32,51,31,6,25,7,26,5,51,40,40,34,27,27,27,19,19,19,19,38,26,12,12,31,31,63,63,63,63,63,51,51,51,51,51,51,37,39,41,33,33,5,17,61,76,76,0],"gold":4,"neow_bonus":"THREE_ENEMY_KILL","is_prod":false,"is_daily":false,"chose_seed":false,"campfire_upgraded":6,"win_rate":0,"timestamp":1558494203,"path_taken":["M","$","?","M","?","R","E","R","T","R","?","E","R","?","R","BOSS","M","?","?","M","?","R","M","R","T","?","R","M","E","?","R","BOSS","M","?","?","$","?","R","E","?","T","R","E","M","M","?","R","BOSS","BOSS","R","$","E"],"build_version":"2019-01-23","purchased_purges":1,"victory":false,"max_hp_per_floor":[66,66,66,66,66,66,66,66,66,66,66,66,66,66,66,66,66,66,66,66,66,66,66,66,66,66,66,66,66,66,66,66,66,72,72,72,68,68,70,70,70,70,70,70,70,72,74,76,76,76,76,76,76,76,76],"card_choices":[{"not_picked":["Flechettes","Sucker Punch"],"picked":"Bouncing Flask","floor":1.0},{"not_picked":["Bane","Blade Dance"],"picked":"Noxious Fumes","floor":4.0},{"not_picked":["Infinite Blades","Sucker Punch"],"picked":"PiercingWail","floor":5.0},{"not_picked":["Accuracy","Outmaneuver"],"picked":"Blade Dance","floor":7.0},{"not_picked":["Bane","Dagger Spray"],"picked":"Backflip+1","floor":11.0},{"not_picked":["All Out Attack","Finisher"],"picked":"Dodge and Roll+1","floor":12.0},{"not_picked":["A Thousand Cuts","Envenom"],"picked":"Night Terror+1","floor":16.0},{"not_picked":["Reflex+1","Slice"],"picked":"Dodge and Roll+1","floor":18.0},{"not_picked":["Backflip+1","Cloak And Dagger+1"],"picked":"Catalyst+1","floor":20.0},{"not_picked":["Cloak And Dagger+1","Acrobatics+1"],"picked":"Dodge and Roll+1","floor":21.0},{"not_picked":["Terror+1","Underhanded Strike"],"picked":"Well Laid Plans","floor":24.0},{"not_picked":["Calculated Gamble+1","All Out Attack"],"picked":"Backflip+1","floor":29},{"not_picked":["Outmaneuver+1","Quick Slash"],"picked":"Deflect+1","floor":30},{"not_picked":["Unload","Corpse Explosion+1"],"picked":"Adrenaline+1","floor":33},{"not_picked":["Bane","Prepared+1"],"picked":"Well Laid Plans","floor":34},{"not_picked":["Flying Knee","Deadly Poison+1","Riddle With Holes"],"picked":"Singing Bowl","floor":34},{"not_picked":["Quick Slash","Flechettes","All Out Attack"],"picked":"Singing Bowl","floor":34},{"not_picked":["Heel Hook+1","Expertise+1"],"picked":"Deflect+1","floor":34},{"not_picked":["Deflect+1","Underhanded Strike","Eviscerate"],"picked":"Singing Bowl","floor":34},{"not_picked":["Prepared+1","Slice"],"picked":"Dagger Spray+1","floor":35},{"not_picked":["Eviscerate","Slice","Blade Dance+1"],"picked":"Singing Bowl","floor":39},{"not_picked":["Finisher+1","Bouncing Flask+1"],"picked":"Die Die Die","floor":41},{"not_picked":["Poisoned Stab","Blade Dance+1"],"picked":"Prepared+1","floor":45},{"not_picked":["Slice","Deflect+1","Heel Hook"],"picked":"Singing Bowl","floor":46},{"not_picked":["Choke","Deflect+1","Bane+1"],"picked":"Singing Bowl","floor":47},{"not_picked":["Dagger Throw","Quick Slash","Expertise+1"],"picked":"Singing Bowl","floor":48}],"player_experience":878402,"relics_obtained":[{"floor":7.0,"key":"Toxic Egg 2"},{"floor":9.0,"key":"Paper Crane"},{"floor":12.0,"key":"Lantern"},{"floor":30,"key":"Singing Bowl"},{"floor":39,"key":"Tough Bandages"},{"floor":41,"key":"PreservedInsect"},{"floor":43,"key":"Ginger"},{"floor":45,"key":"Pantograph"}],"event_choices":[{"damage_healed":0.0,"max_hp_gain":0.0,"max_hp_loss":0.0,"gold_gain":0.0,"event_name":"Match and Keep!","player_choice":"0 cards matched","floor":3.0,"gold_loss":0.0,"damage_taken":0.0,"cards_obtained":[]},{"damage_healed":0.0,"max_hp_gain":0.0,"max_hp_loss":0.0,"gold_gain":0.0,"event_name":"Dead Adventurer","player_choice":"Searched \u00272\u0027 times","floor":11.0,"gold_loss":0.0,"damage_taken":0.0,"relics_obtained":["Anchor"]},{"damage_healed":0.0,"max_hp_gain":0.0,"max_hp_loss":0.0,"gold_gain":0.0,"event_name":"Scrap Ooze","player_choice":"Success","floor":14.0,"gold_loss":0.0,"damage_taken":18.0,"relics_obtained":["Pen Nib"]},{"damage_healed":0.0,"max_hp_gain":0.0,"max_hp_loss":0.0,"gold_gain":0.0,"event_name":"Lab","player_choice":"Got Potions","floor":19.0,"gold_loss":0.0,"damage_taken":0.0},{"damage_healed":0.0,"max_hp_gain":0.0,"max_hp_loss":0.0,"gold_gain":0.0,"event_name":"Vampires","player_choice":"Ignored","floor":27.0,"gold_loss":0.0,"damage_taken":0.0},{"damage_healed":0,"gold_gain":0,"player_choice":"Smashed Altar","damage_taken":0,"max_hp_gain":0,"max_hp_loss":0,"event_name":"Forgotten Altar","floor":31,"gold_loss":0,"cards_obtained":["Decay"]},{"cards_removed":["Strike_G"],"damage_healed":0,"gold_gain":0,"player_choice":"Removed Attack","damage_taken":0,"max_hp_gain":0,"max_hp_loss":0,"event_name":"Falling","floor":36,"gold_loss":0},{"damage_healed":0,"gold_gain":0,"player_choice":"Max HP","damage_taken":0,"max_hp_gain":0,"max_hp_loss":4,"event_name":"Winding Halls","floor":37,"gold_loss":0},{"damage_healed":0,"gold_gain":0,"player_choice":"Fight","damage_taken":0,"max_hp_gain":0,"max_hp_loss":0,"event_name":"Mysterious Sphere","floor":39,"gold_loss":0}],"is_beta":false,"boss_relics":[{"not_picked":["Philosopher\u0027s Stone","Coffee Dripper"],"picked":"Ectoplasm"},{"not_picked":["Velvet Choker","HoveringKite"],"picked":"Orrery"}],"items_purged_floors":[38],"is_endless":false,"potions_floor_spawned":[1,4,21,24,30,33,35,39,46,48],"killed_by":"Shield and Spear","ascension_level":20}