{"gold_per_floor":[12,30,42,42,58,92,92,103,103,133,148,183,183,31,31,106,106,120,220,120,136,186,214,234,234,261,261,292,311,343,356,356,427,427,441,451,551,571,590,590,623,623,623,648,648,648,675,272,272,272,272,272,272,58,93,93],"floor_reached":57,"playtime":14246,"items_purged":["Strike_B","Strike_B","Defend_B"],"score":2915,"play_id":"df8b1616-9e74-4051-b81f-a68b16b5f510","local_time":"20190609175731","is_ascension_mode":true,"campfire_choices":[{"floor":7.0,"key":"REST"},{"data":"Consume","floor":15.0,"key":"SMITH"},{"data":"Loop","floor":25.0,"key":"SMITH"},{"floor":27.0,"key":"REST"},{"data":"Biased Cognition","floor":32.0,"key":"SMITH"},{"data":"Loop","floor":40.0,"key":"SMITH"},{"data":"Capacitor","floor":42.0,"key":"SMITH"},{"floor":49,"key":"RECALL"},{"data":"Capacitor","floor":53,"key":"SMITH"}],"neow_cost":"NO_GOLD","seed_source_timestamp":1527394111062159,"circlet_count":0,"master_deck":["AscendersBane","Defend_B","Defend_B","Defend_B","Zap","Dualcast","Loop+1","Genetic Algorithm","Cold Snap","Ball Lightning","Cold Snap","Consume+1","Glacier","Cold Snap","Biased Cognition+1","Conserve Battery","Loop+1","Core Surge","Sunder+1","Capacitor+1","Capacitor+1","Amplify","Hologram","Meteor Strike","Loop+1","Glacier","Echo Form","Hologram","Static Discharge+1","Double Energy+1","Reinforced Body+1","Panacea+1","Seek+1"],"special_seed":0,"relics":["Cracked Core","Anchor","Bird Faced Urn","Pear","Prayer Wheel","Velvet Choker","Ice Cream","Singing Bowl","Ornamental Fan","Bag of Preparation","Sundial","Runic Dome","Peace Pipe","Pantograph","Mercury Hourglass","Gremlin Horn","Toxic Egg 2","Strawberry","Centennial Puzzle","Turnip"],"potions_floor_usage":[50,56,56],"damage_taken":[{"damage":2.0,"enemies":"Cultist","floor":1.0,"turns":4.0},{"damage":11.0,"enemies":"2 Louse","floor":2.0,"turns":4.0},{"damage":2.0,"enemies":"Jaw Worm","floor":3.0,"turns":3.0},{"damage":0.0,"enemies":"Looter","floor":5.0,"turns":3.0},{"damage":23.0,"enemies":"3 Sentries","floor":6.0,"turns":7.0},{"damage":6.0,"enemies":"Blue Slaver","floor":8.0,"turns":3.0},{"damage":14.0,"enemies":"Gremlin Nob","floor":10.0,"turns":5.0},{"damage":0.0,"enemies":"2 Fungi Beasts","floor":11.0,"turns":3.0},{"damage":3.0,"enemies":"Lagavulin","floor":12.0,"turns":8.0},{"damage":19.0,"enemies":"Slime Boss","floor":16.0,"turns":14.0},{"damage":13.0,"enemies":"3 Byrds","floor":18.0,"turns":6.0},{"damage":4.0,"enemies":"Colosseum Slavers","floor":19.0,"turns":6.0},{"damage":12.0,"enemies":"Colosseum Nobs","floor":19.0,"turns":7.0},{"damage":4.0,"enemies":"Chosen","floor":21.0,"turns":6.0},{"damage":43.0,"enemies":"Gremlin Leader","floor":23.0,"turns":8.0},{"damage":11.0,"enemies":"Snecko","floor":24.0,"turns":5.0},{"damage":44.0,"enemies":"Slavers","floor":28.0,"turns":6.0},{"damage":0.0,"enemies":"Snake Plant","floor":29.0,"turns":6.0},{"damage":0.0,"enemies":"Gremlin Leader","floor":30.0,"turns":8.0},{"damage":13.0,"enemies":"Centurion and Healer","floor":31.0,"turns":17.0},{"damage":24.0,"enemies":"Champ","floor":33.0,"turns":18.0},{"damage":23.0,"enemies":"3 Darklings","floor":35.0,"turns":11.0},{"damage":20.0,"enemies":"3 Shapes","floor":36.0,"turns":6.0},{"damage":0.0,"enemies":"Mind Bloom Boss Battle","floor":37.0,"turns":9.0},{"damage":2.0,"enemies":"Transient","floor":38.0,"turns":6.0},{"damage":13.0,"enemies":"4 Shapes","floor":39.0,"turns":10.0},{"damage":36.0,"enemies":"Reptomancer","floor":41.0,"turns":9.0},{"damage":22,"enemies":"Nemesis","floor":44,"turns":19},{"damage":0,"enemies":"Reptomancer","floor":47,"turns":10},{"damage":85,"enemies":"Awakened One","floor":50,"turns":18},{"damage":33,"enemies":"Donu and Deca","floor":51,"turns":9},{"damage":72,"enemies":"Shield and Spear","floor":55,"turns":5},{"damage":36,"enemies":"The Heart","floor":56,"turns":11}],"seed_played":"-6257441444777611090","potions_obtained":[{"floor":6.0,"key":"EntropicBrew"},{"floor":8.0,"key":"EssenceOfSteel"},{"floor":10.0,"key":"Explosive Potion"},{"floor":12.0,"key":"LiquidBronze"},{"floor":18.0,"key":"GamblersBrew"},{"floor":19.0,"key":"AttackPotion"},{"floor":24.0,"key":"FearPotion"},{"floor":28.0,"key":"Fire Potion"},{"floor":29.0,"key":"Dexterity Potion"},{"floor":31.0,"key":"Block Potion"},{"floor":44,"key":"Energy Potion"}],"is_trial":false,"path_per_floor":["M","M","M","$","M","E","R","M","T","E","M","E","?","$","R","B",null,"M","?","$","M","?","E","M","R","T","R","E","M","E","M","R","B",null,"M","M","?","M","M","R","E","R","T","E","?","?","E","$","R","B","B",null,"R","$","E","B",null],"character_chosen":"DEFECT","items_purchased":["Loop","Panacea+1","Strawberry","Weak Potion","Centennial Puzzle"],"campfire_rested":2,"item_purchase_floors":[14,48,48,54,54],"current_hp_per_floor":[62,51,49,49,49,26,47,41,41,39,43,42,42,42,42,29,68,61,57,57,59,59,26,29,29,29,54,24,38,52,57,57,49,79,76,77,95,99,101,101,75,75,75,79,79,79,99,106,106,40,50,93,93,93,35,46],"gold":93,"neow_bonus":"TRANSFORM_TWO_CARDS","is_prod":false,"is_daily":false,"chose_seed":false,"campfire_upgraded":6,"win_rate":0,"timestamp":1560117451,"path_taken":["M","M","M","?","M","E","R","M","T","E","M","E","?","?","R","BOSS","M","?","$","M","?","E","M","R","T","R","E","M","E","M","R","BOSS","M","M","?","M","M","R","E","R","T","E","?","?","E","$","R","BOSS","BOSS","R","$","E","BOSS"],"build_version":"2019-01-23","purchased_purges":3,"victory":true,"max_hp_per_floor":[71,71,71,71,71,71,71,71,71,81,81,81,81,81,81,81,81,81,83,83,83,83,83,85,85,85,85,85,87,87,89,89,89,89,89,93,95,99,101,101,101,101,101,103,98,98,100,107,107,107,107,107,107,107,107,107],"card_choices":[{"not_picked":["Hologram","Recycle"],"picked":"Cold Snap","floor":1.0},{"not_picked":["Glacier","Barrage"],"picked":"Ball Lightning","floor":2.0},{"not_picked":["Turbo","Auto Shields"],"picked":"Cold Snap","floor":3.0},{"not_picked":["Fusion","Undo"],"picked":"Consume","floor":5.0},{"not_picked":["Chaos","Reprogram"],"picked":"Glacier","floor":6.0},{"not_picked":["Consume","Steam Power"],"picked":"Cold Snap","floor":8.0},{"not_picked":["Blizzard","Skim"],"picked":"Biased Cognition","floor":10.0},{"not_picked":["Barrage","Stack","Go for the Eyes"],"picked":"SKIP","floor":11.0},{"not_picked":["Steam","Turbo"],"picked":"Conserve Battery","floor":12.0},{"not_picked":["Electrodynamics","All For One"],"picked":"Core Surge","floor":16.0},{"not_picked":["Hologram","Chill"],"picked":"Sunder+1","floor":18.0},{"not_picked":["Beam Cell","Double Energy","Chaos"],"picked":"SKIP","floor":18.0},{"not_picked":["Scrape","Ball Lightning+1","Go for the Eyes"],"picked":"Singing Bowl","floor":19.0},{"not_picked":["Chaos","Redo"],"picked":"Capacitor","floor":21.0},{"not_picked":["Turbo","Darkness"],"picked":"Capacitor","floor":21.0},{"not_picked":["Tempest","Conserve Battery"],"picked":"Amplify","floor":23.0},{"not_picked":["Rebound","Static Discharge"],"picked":"Hologram","floor":24.0},{"not_picked":["Streamline","Rebound+1","Reprogram"],"picked":"Singing Bowl","floor":24.0},{"not_picked":["Gash","Stack"],"picked":"Meteor Strike","floor":28.0},{"not_picked":["Steam Power","Reprogram"],"picked":"Loop+1","floor":29.0},{"not_picked":["Redo","Force Field","Gash"],"picked":"Singing Bowl","floor":29.0},{"not_picked":["Double Energy","Gash"],"picked":"Glacier","floor":30.0},{"not_picked":["Leap","Beam Cell"],"picked":"Compile Driver","floor":31.0},{"not_picked":["Redo","Turbo","Barrage"],"picked":"Singing Bowl","floor":31.0},{"not_picked":["Creative AI","All For One"],"picked":"Echo Form","floor":33.0},{"not_picked":["Ball Lightning","Static Discharge"],"picked":"Hologram","floor":35.0},{"not_picked":["Hologram","Cold Snap"],"picked":"Static Discharge+1","floor":35.0},{"not_picked":["Stack","Rebound","Redo"],"picked":"Singing Bowl","floor":36.0},{"not_picked":["FTL","Auto Shields","Ball Lightning"],"picked":"Singing Bowl","floor":36.0},{"not_picked":["Streamline","Ball Lightning","Beam Cell"],"picked":"Singing Bowl","floor":37.0},{"not_picked":["Gash","Cold Snap","Stack+1"],"picked":"Singing Bowl","floor":38.0},{"not_picked":["Go for the Eyes","Rebound+1","Amplify"],"picked":"Singing Bowl","floor":38.0},{"not_picked":["Stack+1","Redo+1"],"picked":"Double Energy+1","floor":39.0},{"not_picked":["Doom and Gloom","Cold Snap+1","Beam Cell"],"picked":"Singing Bowl","floor":39.0},{"not_picked":["Force Field","Rip and Tear"],"picked":"Reinforced Body+1","floor":41.0},{"not_picked":["Streamline","Ball Lightning+1","Chill"],"picked":"Singing Bowl","floor":44},{"not_picked":["Static Discharge","Loop","Hologram"],"picked":"Singing Bowl","floor":47},{"not_picked":["Machine Learning","Coolheaded+1"],"picked":"Seek+1","floor":55}],"player_experience":917042,"relics_obtained":[{"floor":6.0,"key":"Anchor"},{"floor":9.0,"key":"Bird Faced Urn"},{"floor":10.0,"key":"Pear"},{"floor":12.0,"key":"Prayer Wheel"},{"floor":19.0,"key":"Ice Cream"},{"floor":19.0,"key":"Singing Bowl"},{"floor":23.0,"key":"Ornamental Fan"},{"floor":28.0,"key":"Bag of Preparation"},{"floor":30.0,"key":"Sundial"},{"floor":37.0,"key":"Peace Pipe"},{"floor":41.0,"key":"Pantograph"},{"floor":43.0,"key":"Mercury Hourglass"},{"floor":44,"key":"Gremlin Horn"},{"floor":47,"key":"Toxic Egg 2"},{"floor":55,"key":"Turnip"}],"event_choices":[{"damage_healed":0.0,"max_hp_gain":0.0,"max_hp_loss":0.0,"gold_gain":0.0,"event_name":"Liars Game","player_choice":"Ignored","floor":13.0,"gold_loss":0.0,"damage_taken":0.0},{"damage_healed":0.0,"max_hp_gain":0.0,"max_hp_loss":0.0,"gold_gain":0.0,"event_name":"Colosseum","player_choice":"Fight","floor":19.0,"gold_loss":0.0,"damage_taken":0.0},{"damage_healed":0.0,"max_hp_gain":0.0,"max_hp_loss":0.0,"gold_gain":0.0,"event_name":"Colosseum","player_choice":"Fought Nobs","floor":19.0,"gold_loss":0.0,"damage_taken":0.0},{"damage_healed":0.0,"max_hp_gain":0.0,"max_hp_loss":0.0,"gold_gain":50.0,"event_name":"Nest","player_choice":"Stole From Cult","floor":22.0,"gold_loss":0.0,"damage_taken":0.0},{"damage_healed":0.0,"max_hp_gain":0.0,"max_hp_loss":0.0,"gold_gain":0.0,"event_name":"MindBloom","player_choice":"Fight","floor":37.0,"gold_loss":0.0,"damage_taken":0.0},{"damage_healed":0,"gold_gain":0,"player_choice":"Max HP","damage_taken":0,"max_hp_gain":0,"max_hp_loss":5,"event_name":"Winding Halls","floor":45,"gold_loss":0},{"cards_removed":["Compile Driver"],"damage_healed":0,"gold_gain":0,"player_choice":"Removed Attack","damage_taken":0,"max_hp_gain":0,"max_hp_loss":0,"event_name":"Falling","floor":46,"gold_loss":0}],"is_beta":false,"boss_relics":[{"not_picked":["Empty Cage","FrozenCore"],"picked":"Velvet Choker"},{"not_picked":["Orrery","Calling Bell"],"picked":"Runic Dome"}],"items_purged_floors":[14,20,48],"is_endless":false,"potions_floor_spawned":[6,8,10,12,18,19,24,28,29,30,31,35,39,44],"ascension_level":20}