{"gold_per_floor":[117,40,40,53,72,102,102,135,187,199,174,174,174,185,185,185],"floor_reached":16,"playtime":577,"items_purged":[],"score":224,"play_id":"dc1da631-0fad-4bd8-a6ab-94059b9c8cb3","local_time":"20190424001730","is_ascension_mode":true,"campfire_choices":[{"floor":7,"key":"REST"},{"floor":13,"key":"REST"},{"data":"Capacitor","floor":15,"key":"SMITH"}],"neow_cost":"NONE","seed_source_timestamp":174703870703468,"circlet_count":0,"master_deck":["AscendersBane","Strike_B","Strike_B","Strike_B","Strike_B","Defend_B","Defend_B","Defend_B","Defend_B","Zap","Dualcast","Coolheaded","Static Discharge","FTL","Capacitor+1","Hologram","Ball Lightning","Cold Snap","Glacier","Cold Snap"],"relics":["Cracked Core","NeowsBlessing","Question Card","Bag of Marbles","Omamori"],"potions_floor_usage":[6,6,8,11,16],"damage_taken":[{"damage":0,"enemies":"Small Slimes","floor":1,"turns":1},{"damage":0,"enemies":"Cultist","floor":4,"turns":1},{"damage":0,"enemies":"Jaw Worm","floor":5,"turns":1},{"damage":31,"enemies":"Lagavulin","floor":6,"turns":8},{"damage":36,"enemies":"Gremlin Nob","floor":8,"turns":4},{"damage":12,"enemies":"Exordium Wildlife","floor":10,"turns":4},{"damage":1,"enemies":"Exordium Thugs","floor":11,"turns":4},{"damage":2,"enemies":"Looter","floor":14,"turns":4},{"damage":47,"enemies":"Slime Boss","floor":16,"turns":9}],"seed_played":"-2116649021800856418","potions_obtained":[{"floor":3,"key":"EssenceOfSteel"},{"floor":3,"key":"Poison Potion"},{"floor":6,"key":"Poison Potion"},{"floor":8,"key":"SpeedPotion"},{"floor":14,"key":"Weak Potion"}],"is_trial":false,"path_per_floor":["M","$","?","M","M","E","R","E","T","M","M","?","R","M","R","B"],"character_chosen":"DEFECT","items_purchased":["Static Discharge"],"campfire_rested":2,"item_purchase_floors":[2],"current_hp_per_floor":[64,64,64,64,64,33,54,18,18,6,5,22,43,41,41,0],"gold":185,"neow_bonus":"THREE_ENEMY_KILL","is_prod":false,"is_daily":false,"chose_seed":false,"campfire_upgraded":1,"win_rate":0,"timestamp":1556079450,"path_taken":["M","$","?","?","M","E","R","E","T","M","M","?","R","M","R","BOSS"],"build_version":"2019-01-23","purchased_purges":0,"victory":false,"max_hp_per_floor":[71,71,71,71,71,71,71,71,71,71,71,71,71,71,71,71],"card_choices":[{"not_picked":["Redo","Compile Driver"],"picked":"Coolheaded","floor":1},{"not_picked":["Streamline","Steam"],"picked":"FTL","floor":4},{"not_picked":["Hologram","Compile Driver"],"picked":"Capacitor","floor":5},{"not_picked":["Blizzard","Steam"],"picked":"Hologram","floor":6},{"not_picked":["Stack","FTL","Gash"],"picked":"Ball Lightning","floor":8},{"not_picked":["Scrape","Gash","Beam Cell"],"picked":"Cold Snap","floor":10},{"not_picked":["Creative AI","Compile Driver","Auto Shields"],"picked":"Glacier","floor":11},{"not_picked":["Stack","Undo","Ball Lightning"],"picked":"Cold Snap","floor":14}],"player_experience":773835,"relics_obtained":[{"floor":6,"key":"Question Card"},{"floor":8,"key":"Bag of Marbles"},{"floor":9,"key":"Omamori"}],"event_choices":[{"damage_healed":0,"gold_gain":0,"player_choice":"Got Potions","damage_taken":0,"max_hp_gain":0,"max_hp_loss":0,"event_name":"Lab","floor":3,"gold_loss":0},{"damage_healed":17,"gold_gain":0,"player_choice":"Healed and dodged fight","damage_taken":0,"max_hp_gain":0,"max_hp_loss":0,"event_name":"Mushrooms","floor":12,"gold_loss":0,"cards_obtained":["Parasite"]}],"is_beta":false,"boss_relics":[],"items_purged_floors":[],"is_endless":false,"potions_floor_spawned":[5,6,8,14],"killed_by":"Slime Boss","ascension_level":20}