{"gold_per_floor":[112,9,20,20,33,63,63,78,147,166,199,210,245,320,320,417,417,429,41,71,82,96,96,96],"floor_reached":24,"playtime":2770,"items_purged":[],"score":229,"play_id":"57c34f61-952b-4454-9e0a-3bed15b68962","local_time":"20190812211433","is_ascension_mode":true,"campfire_choices":[{"floor":7.0,"key":"REST"},{"data":"Havoc","floor":15,"key":"SMITH"},{"floor":23,"key":"REST"}],"neow_cost":"NONE","seed_source_timestamp":0,"circlet_count":0,"master_deck":["Strike_R","Strike_R","Strike_R","Strike_R","Defend_R","Defend_R","Defend_R","Bash","Wild Strike","Havoc+1","Feel No Pain","True Grit","Intimidate","Cleave","True Grit","Shrug It Off","Metallicize+1","Warcry","Battle Trance","Demon Form+1","Berserk+1","Armaments","Sword Boomerang","Discovery","Rampage","Pommel Strike+1","Dropkick+1"],"special_seed":0,"relics":["Burning Blood","Thread and Needle","Frozen Egg 2","Omamori","Vajra","Cursed Key","Sundial","Red Mask"],"potions_floor_usage":[16,18,24],"damage_taken":[{"damage":1.0,"enemies":"Small Slimes","floor":1.0,"turns":3.0},{"damage":4.0,"enemies":"Cultist","floor":3.0,"turns":5.0},{"damage":0.0,"enemies":"2 Louse","floor":5.0,"turns":2.0},{"damage":38.0,"enemies":"Lagavulin","floor":6.0,"turns":7.0},{"damage":0.0,"enemies":"Looter","floor":8.0,"turns":4.0},{"damage":5.0,"enemies":"Large Slime","floor":10.0,"turns":7.0},{"damage":15.0,"enemies":"Gremlin Nob","floor":11.0,"turns":5.0},{"damage":1.0,"enemies":"Blue Slaver","floor":12.0,"turns":4.0},{"damage":7.0,"enemies":"3 Sentries","floor":13.0,"turns":8.0},{"damage":18,"enemies":"Hexaghost","floor":16,"turns":8},{"damage":33,"enemies":"3 Byrds","floor":18,"turns":4},{"damage":46,"enemies":"Masked Bandits","floor":20,"turns":6},{"damage":6,"enemies":"Chosen","floor":21,"turns":6},{"damage":4,"enemies":"Sentry and Sphere","floor":22,"turns":6},{"damage":43,"enemies":"Slavers","floor":24,"turns":5}],"seed_played":"-1461357659448277193","potions_obtained":[{"floor":3.0,"key":"Swift Potion"},{"floor":5.0,"key":"Swift Potion"},{"floor":6.0,"key":"Energy Potion"},{"floor":12.0,"key":"LiquidBronze"},{"floor":13.0,"key":"Explosive Potion"},{"floor":18,"key":"FearPotion"}],"is_trial":false,"path_per_floor":["M","$","M","?","M","E","R","M","T","M","E","M","E","?","R","B",null,"M","$","?","M","M","R","E"],"character_chosen":"IRONCLAD","items_purchased":["Feel No Pain","True Grit","Sword Boomerang","Discovery","Sundial"],"campfire_rested":2,"item_purchase_floors":[2,2,19,19,19],"current_hp_per_floor":[80,80,80,80,80,48,72,78,78,79,70,75,74,63,63,51,80,53,53,13,13,15,39,0],"gold":96,"neow_bonus":"TRANSFORM_CARD","is_prod":false,"is_daily":false,"chose_seed":false,"campfire_upgraded":1,"win_rate":0,"timestamp":1565662473,"path_taken":["M","$","M","?","?","E","R","M","T","M","E","M","E","?","R","BOSS","M","$","?","M","M","R","E"],"build_version":"2019-07-17","purchased_purges":0,"victory":false,"max_hp_per_floor":[80,80,80,80,80,80,80,80,80,80,80,80,80,80,80,80,80,80,80,80,80,80,80,80],"card_choices":[{"not_picked":["Iron Wave","Whirlwind"],"picked":"Havoc","floor":1.0},{"not_picked":["Cleave","Hemokinesis"],"picked":"Intimidate","floor":3.0},{"not_picked":["Pummel","Clash"],"picked":"Cleave","floor":5.0},{"not_picked":["Whirlwind","Twin Strike"],"picked":"True Grit","floor":6.0},{"not_picked":["Hemokinesis","Whirlwind"],"picked":"Shrug It Off","floor":8.0},{"not_picked":["Iron Wave","Armaments"],"picked":"Metallicize+1","floor":10.0},{"not_picked":["Dual Wield","Cleave"],"picked":"Warcry","floor":11.0},{"not_picked":["Pommel Strike","Twin Strike"],"picked":"Battle Trance","floor":12.0},{"not_picked":["Feed","Sword Boomerang"],"picked":"Demon Form+1","floor":13.0},{"not_picked":["Feed","Double Tap"],"picked":"Berserk+1","floor":16},{"not_picked":["Shrug It Off","Twin Strike"],"picked":"Armaments","floor":18},{"not_picked":["Pommel Strike","Clash"],"picked":"Rampage","floor":20},{"not_picked":["Clash","Combust+1"],"picked":"Pommel Strike+1","floor":21},{"not_picked":["Clash","Cleave"],"picked":"Dropkick+1","floor":22}],"player_experience":165608,"relics_obtained":[{"floor":6.0,"key":"Thread and Needle"},{"floor":9.0,"key":"Frozen Egg 2"},{"floor":11.0,"key":"Omamori"},{"floor":13.0,"key":"Vajra"},{"floor":20,"key":"Red Mask"}],"event_choices":[{"cards_removed":["Defend_R"],"damage_healed":0.0,"max_hp_gain":0.0,"max_hp_loss":0.0,"gold_gain":0.0,"event_name":"Purifier","player_choice":"Purged","floor":4.0,"gold_loss":0.0,"damage_taken":0.0},{"damage_healed":0.0,"max_hp_gain":0.0,"max_hp_loss":0.0,"gold_gain":75.0,"event_name":"World of Goop","player_choice":"Gather Gold","floor":14.0,"gold_loss":0.0,"damage_taken":11.0},{"damage_healed":0,"gold_gain":0,"player_choice":"Fought Bandits","damage_taken":0,"max_hp_gain":0,"max_hp_loss":0,"event_name":"Masked Bandits","floor":20,"gold_loss":0}],"is_beta":false,"boss_relics":[{"not_picked":["Calling Bell","Eternal Feather"],"picked":"Cursed Key"}],"items_purged_floors":[],"is_endless":false,"potions_floor_spawned":[3,5,6,12,13,18],"killed_by":"Slavers","ascension_level":1}