{"gold_per_floor":[109,184,184,208,232,232,246,266,266,304,60,60,75,111,111,111],"floor_reached":16,"playtime":437,"items_purged":["Strike_R"],"score":224,"play_id":"29b02bd1-e5ab-41b3-9124-eacd6e702c3d","local_time":"20190925120550","is_ascension_mode":true,"campfire_choices":[{"data":"Uppercut","floor":6,"key":"SMITH"},{"data":"Spot Weakness","floor":15,"key":"SMITH"}],"neow_cost":"NONE","seed_source_timestamp":733912616925700,"circlet_count":0,"master_deck":["AscendersBane","Strike_R","Strike_R","Strike_R","Strike_R","Defend_R","Defend_R","Defend_R","Defend_R","Bash","Uppercut+1","Spot Weakness+1","Anger","Spot Weakness","Berserk","Evolve"],"relics":["Burning Blood","Potion Belt","Golden Idol","MealTicket","Centennial Puzzle","ClockworkSouvenir","The Courier"],"potions_floor_usage":[10,10,16],"damage_taken":[{"damage":5,"enemies":"2 Louse","floor":1,"turns":4},{"damage":5,"enemies":"Small Slimes","floor":4,"turns":3},{"damage":2,"enemies":"Jaw Worm","floor":5,"turns":3},{"damage":3,"enemies":"3 Louse","floor":7,"turns":4},{"damage":10,"enemies":"2 Fungi Beasts","floor":8,"turns":2},{"damage":15,"enemies":"Lagavulin","floor":10,"turns":7},{"damage":8,"enemies":"Large Slime","floor":13,"turns":4},{"damage":22,"enemies":"Gremlin Nob","floor":14,"turns":4},{"damage":56,"enemies":"The Guardian","floor":16,"turns":10}],"seed_played":"-6801898112160896005","potions_obtained":[{"floor":1,"key":"SkillPotion"},{"floor":7,"key":"SpeedPotion"},{"floor":14,"key":"Strength Potion"}],"is_trial":false,"path_per_floor":["M","?","?","M","M","R","M","M","T","E","$","?","M","E","R","B"],"character_chosen":"IRONCLAD","items_purchased":["ClockworkSouvenir"],"campfire_rested":0,"item_purchase_floors":[11],"current_hp_per_floor":[69,58,58,59,63,63,66,62,62,53,68,73,71,55,55,0],"gold":111,"neow_bonus":"RANDOM_COMMON_RELIC","is_prod":false,"is_daily":false,"chose_seed":false,"campfire_upgraded":2,"win_rate":0,"timestamp":1569438350,"path_taken":["M","?","?","M","M","R","M","M","T","E","$","?","M","E","R","BOSS"],"build_version":"2019-09-24","purchased_purges":1,"victory":false,"max_hp_per_floor":[75,75,68,68,68,68,68,68,68,68,68,73,73,73,73,73],"card_choices":[{"not_picked":["Seeing Red","Shrug It Off"],"picked":"Uppercut","floor":1},{"not_picked":["Shrug It Off","Sword Boomerang"],"picked":"Spot Weakness","floor":4},{"not_picked":["Infernal Blade","Heavy Blade"],"picked":"Anger","floor":5},{"not_picked":["Heavy Blade","Bloodletting"],"picked":"Spot Weakness","floor":7},{"not_picked":["Warcry","Dropkick"],"picked":"Berserk","floor":8},{"not_picked":["Dark Embrace","Rage"],"picked":"Evolve","floor":10},{"not_picked":["Whirlwind","Cleave","Sword Boomerang"],"picked":"SKIP","floor":13},{"not_picked":["Iron Wave","Cleave","Clothesline"],"picked":"SKIP","floor":14}],"player_experience":1028973,"relics_obtained":[{"floor":9,"key":"MealTicket"},{"floor":10,"key":"Centennial Puzzle"},{"floor":14,"key":"The Courier"}],"event_choices":[{"damage_healed":0,"gold_gain":75,"player_choice":"Gather Gold","damage_taken":11,"max_hp_gain":0,"max_hp_loss":0,"event_name":"World of Goop","floor":2,"gold_loss":0},{"damage_healed":0,"gold_gain":0,"player_choice":"Lose Max HP","damage_taken":0,"relics_obtained":["Golden Idol"],"max_hp_gain":0,"max_hp_loss":7,"event_name":"Golden Idol","floor":3,"gold_loss":0},{"damage_healed":0,"gold_gain":0,"player_choice":"Donut","damage_taken":0,"max_hp_gain":5,"max_hp_loss":0,"event_name":"Big Fish","floor":12,"gold_loss":0}],"is_beta":true,"boss_relics":[],"items_purged_floors":[11],"is_endless":false,"potions_floor_spawned":[1,7,14],"killed_by":"The Guardian","ascension_level":20}