{"gold_per_floor":[113,113,131,56,67,99,99,99,125,140,140,153,153,153,153,153],"floor_reached":16,"playtime":679,"items_purged":["Regret"],"score":120,"play_id":"71ed7641-f9e1-4538-ba45-4b709f618b36","local_time":"20190602181049","is_ascension_mode":true,"campfire_choices":[{"floor":11,"key":"REST"},{"data":"Headbutt","floor":15,"key":"SMITH"}],"neow_cost":"TEN_PERCENT_HP_LOSS","seed_source_timestamp":29813664227924,"circlet_count":0,"master_deck":["Strike_R","Strike_R+1","Strike_R","Strike_R","Defend_R","Defend_R","Defend_R","Defend_R","Bash","Panache","Purity","Limit Break+1","Headbutt+1"],"relics":["Burning Blood","Anchor","Gambling Chip","Regal Pillow"],"potions_floor_usage":[16,16],"damage_taken":[{"damage":18,"enemies":"Cultist","floor":1,"turns":6},{"damage":3,"enemies":"Jaw Worm","floor":3,"turns":4},{"damage":4,"enemies":"Small Slimes","floor":5,"turns":5},{"damage":60,"enemies":"3 Sentries","floor":6,"turns":14},{"damage":17,"enemies":"Red Slaver","floor":10,"turns":4},{"damage":2,"enemies":"3 Louse","floor":12,"turns":6},{"damage":54,"enemies":"Slime Boss","floor":16,"turns":7}],"seed_played":"-6156016817265210848","potions_obtained":[{"floor":10,"key":"Block Potion"},{"floor":12,"key":"SkillPotion"}],"is_trial":false,"path_per_floor":["M","?","M","$","M","E","?","?","T","M","R","M","?","?","R","B"],"character_chosen":"IRONCLAD","items_purchased":[],"campfire_rested":1,"item_purchase_floors":[],"current_hp_per_floor":[60,60,63,63,65,11,29,29,29,18,53,57,43,43,43,0],"gold":153,"neow_bonus":"RANDOM_COLORLESS_2","is_prod":false,"is_daily":false,"chose_seed":false,"campfire_upgraded":1,"win_rate":0,"timestamp":1559491849,"path_taken":["M","?","M","$","M","E","?","?","T","M","R","?","?","?","R","BOSS"],"build_version":"2019-01-23","purchased_purges":1,"victory":false,"max_hp_per_floor":[72,72,72,72,72,72,72,69,69,69,69,69,69,69,69,69],"card_choices":[{"not_picked":["Inflame","Havoc","Clothesline"],"picked":"SKIP","floor":1},{"not_picked":["Thunderclap","Anger"],"picked":"Limit Break","floor":3},{"not_picked":["Dropkick","Clash","Perfected Strike"],"picked":"SKIP","floor":5},{"not_picked":["Rupture","Sword Boomerang"],"picked":"Headbutt","floor":6},{"not_picked":["Infernal Blade","Ghostly Armor","Clash"],"picked":"SKIP","floor":10},{"not_picked":["Disarm","Ghostly Armor","Carnage"],"picked":"SKIP","floor":12}],"player_experience":177028,"relics_obtained":[{"floor":6,"key":"Gambling Chip"},{"floor":9,"key":"Regal Pillow"}],"event_choices":[{"damage_healed":0,"gold_gain":0,"player_choice":"Box","damage_taken":0,"relics_obtained":["Anchor"],"max_hp_gain":0,"max_hp_loss":0,"event_name":"Big Fish","floor":2,"gold_loss":0,"cards_obtained":["Regret"]},{"damage_healed":18,"gold_gain":0,"player_choice":"Healed and dodged fight","damage_taken":0,"max_hp_gain":0,"max_hp_loss":0,"event_name":"Mushrooms","floor":7,"gold_loss":0,"cards_obtained":["Parasite"]},{"cards_removed":["Parasite"],"damage_healed":0,"gold_gain":0,"player_choice":"Purged","damage_taken":0,"max_hp_gain":0,"max_hp_loss":0,"event_name":"Purifier","floor":8,"gold_loss":0},{"damage_healed":0,"gold_gain":0,"player_choice":"Entered Light","damage_taken":14,"max_hp_gain":0,"max_hp_loss":0,"event_name":"Shining Light","floor":13,"gold_loss":0,"cards_upgraded":["Strike_R","Limit Break"]},{"cards_removed":["Strike_R"],"damage_healed":0,"gold_gain":0,"player_choice":"Forget","damage_taken":0,"max_hp_gain":0,"max_hp_loss":0,"event_name":"Living Wall","floor":14,"gold_loss":0}],"is_beta":false,"boss_relics":[],"items_purged_floors":[4],"is_endless":false,"potions_floor_spawned":[10,12],"killed_by":"Slime Boss","ascension_level":4}