{"gold_per_floor":[119,119,119,194,218,256,256,296,322,341,266,11,38,73,73,164,164,180,180,15,15,28,28,28],"floor_reached":24,"playtime":570,"items_purged":[],"score":470,"play_id":"df74bb1b-af1f-4ff2-b6e6-efaecdcc677d","local_time":"20190925161220","is_ascension_mode":true,"campfire_choices":[{"data":"Armaments","floor":7.0,"key":"SMITH"},{"data":"Heavy Blade","floor":15,"key":"SMITH"},{"data":"Barricade","floor":23,"key":"SMITH"}],"neow_cost":"NONE","seed_source_timestamp":748530785153200,"circlet_count":0,"master_deck":["AscendersBane","Strike_R","Strike_R","Defend_R","Defend_R","Defend_R","Defend_R","Bash","Inflame","Headbutt","Armaments+1","Anger","Evolve","Spot Weakness","Reaper","Heavy Blade+1","Demon Form","Berserk","Barricade+1"],"special_seed":0,"relics":["Burning Blood","NeowsBlessing","Golden Idol","Blue Candle","Boot","Dream Catcher","MealTicket","Oddly Smooth Stone","Centennial Puzzle","Coffee Dripper","Nilry\u0027s Codex","Pen Nib"],"potions_floor_usage":[8,16,16,22],"damage_taken":[{"damage":0.0,"enemies":"2 Louse","floor":1.0,"turns":1.0},{"damage":0.0,"enemies":"Jaw Worm","floor":5.0,"turns":1.0},{"damage":0.0,"enemies":"Lagavulin","floor":6.0,"turns":1.0},{"damage":8,"enemies":"Gremlin Nob","floor":8,"turns":3},{"damage":0,"enemies":"Small Slimes","floor":10,"turns":4},{"damage":19,"enemies":"Lagavulin","floor":14,"turns":6},{"damage":40,"enemies":"The Guardian","floor":16,"turns":13},{"damage":41,"enemies":"Spheric Guardian","floor":18,"turns":6},{"damage":33,"enemies":"2 Thieves","floor":22,"turns":5},{"damage":52,"enemies":"Gremlin Leader","floor":24,"turns":4}],"seed_played":"3835661269595085866","potions_obtained":[{"floor":5.0,"key":"Fruit Juice"},{"floor":6.0,"key":"FearPotion"},{"floor":8,"key":"SkillPotion"},{"floor":14,"key":"Strength Potion"},{"floor":22,"key":"Fruit Juice"}],"is_trial":false,"path_per_floor":["M","?","T","?","M","E","R","E","T","M","?","$","T","E","R","B",null,"M","?","$","?","M","R","E"],"character_chosen":"IRONCLAD","items_purchased":["Spot Weakness","Reaper","Pen Nib"],"campfire_rested":0,"item_purchase_floors":[12,12,20],"current_hp_per_floor":[74,48,48,37,48,54,54,52,52,58,58,73,73,68,68,34,69,49,28,43,43,35,35,0],"gold":28,"neow_bonus":"THREE_ENEMY_KILL","is_prod":false,"is_daily":false,"chose_seed":false,"campfire_upgraded":3,"win_rate":0,"timestamp":1569453140,"path_taken":["M","?","?","?","M","E","R","E","T","M","?","$","?","E","R","BOSS","M","?","$","?","M","R","E"],"build_version":"2019-09-25","purchased_purges":0,"victory":false,"max_hp_per_floor":[75,75,75,75,80,80,80,80,80,80,80,80,80,80,80,80,80,80,80,80,80,85,85,85],"card_choices":[{"not_picked":["Clash","Pommel Strike"],"picked":"Inflame","floor":1.0},{"not_picked":["Searing Blow","Ghostly Armor"],"picked":"Headbutt","floor":5.0},{"not_picked":["Body Slam","Cleave"],"picked":"Armaments","floor":6.0},{"not_picked":["Bloodletting","Iron Wave"],"picked":"Anger","floor":8},{"not_picked":["Pommel Strike","Burning Pact"],"picked":"Evolve","floor":10},{"not_picked":["Flex","Pummel"],"picked":"Heavy Blade","floor":14},{"not_picked":["Exhume","Brutality"],"picked":"Demon Form","floor":16},{"not_picked":["Perfected Strike","Armaments+1","Combust"],"picked":"SKIP","floor":18},{"not_picked":["Bloodletting","Flex","Havoc"],"picked":"SKIP","floor":22}],"player_experience":1035736,"relics_obtained":[{"floor":3.0,"key":"Blue Candle"},{"floor":6.0,"key":"Boot"},{"floor":8,"key":"Dream Catcher"},{"floor":9,"key":"MealTicket"},{"floor":13,"key":"Oddly Smooth Stone"},{"floor":14,"key":"Centennial Puzzle"},{"floor":19,"key":"Nilry\u0027s Codex"}],"event_choices":[{"damage_healed":0.0,"max_hp_gain":0.0,"max_hp_loss":0.0,"gold_gain":0.0,"event_name":"Golden Idol","player_choice":"Take Damage","floor":2.0,"gold_loss":0.0,"damage_taken":26.0,"relics_obtained":["Golden Idol"]},{"damage_healed":0.0,"max_hp_gain":0.0,"max_hp_loss":0.0,"gold_gain":75.0,"event_name":"World of Goop","player_choice":"Gather Gold","floor":4.0,"gold_loss":0.0,"damage_taken":11.0},{"cards_removed":["Strike_R"],"damage_healed":0,"gold_gain":0,"player_choice":"Card Removal","damage_taken":0,"max_hp_gain":0,"max_hp_loss":0,"event_name":"The Cleric","floor":11,"gold_loss":75},{"damage_healed":0,"gold_gain":0,"player_choice":"Obtained Book","damage_taken":21,"max_hp_gain":0,"max_hp_loss":0,"event_name":"Cursed Tome","floor":19,"gold_loss":0},{"damage_healed":0,"gold_gain":0,"cards_transformed":["Strike_R","Strike_R"],"player_choice":"Became Test Subject","damage_taken":0,"max_hp_gain":0,"max_hp_loss":0,"event_name":"Drug Dealer","floor":21,"gold_loss":0,"cards_obtained":["Berserk","Barricade"]}],"is_beta":true,"boss_relics":[{"not_picked":["SacredBark","Busted Crown"],"picked":"Coffee Dripper"}],"items_purged_floors":[],"is_endless":false,"potions_floor_spawned":[5,6,8,14,22],"killed_by":"Gremlin Leader","ascension_level":20}