{"gold_per_floor":[359,375,385,167,183,183,245,245,245,170,181,197,17,45,45,117,117,129,140,140,140,140,140,175,175,222,222,235,29,29],"floor_reached":30,"playtime":1628,"items_purged":["Strike_R","Strike_R"],"score":516,"play_id":"7f16478e-5784-4850-8c50-8f59f029fdf6","local_time":"20190407113927","is_ascension_mode":true,"campfire_choices":[{"data":"Twin Strike","floor":6.0,"key":"SMITH"},{"floor":8.0,"key":"REST"},{"floor":15,"key":"REST"},{"data":"Feed","floor":23,"key":"SMITH"},{"data":"Immolate","floor":25,"key":"SMITH"},{"data":"Feel No Pain","floor":27,"key":"SMITH"}],"neow_cost":"PERCENT_DAMAGE","seed_source_timestamp":268641841607,"circlet_count":0,"master_deck":["AscendersBane","Strike_R+1","Strike_R+1","Strike_R+1","Defend_R+1","Defend_R+1","Defend_R+1","Defend_R+1","Bash","Shockwave","Anger+1","Metallicize","True Grit","Twin Strike+1","True Grit","Havoc","Feed+1","Feel No Pain+1","Reckless Charge","Immolate+1","Shrug It Off","Inflame","Dropkick","Metallicize","Shockwave","Pommel Strike+1","Ghostly","Ghostly","Ghostly","Spot Weakness","Thunderclap+1","Inflame"],"special_seed":0,"relics":["Burning Blood","Bag of Marbles","Tiny Chest","Whetstone","Paper Frog","Orrery","Pen Nib","Bronze Scales","Red Skull"],"potions_floor_usage":[14,14,24,28],"damage_taken":[{"damage":7.0,"enemies":"Cultist","floor":1.0,"turns":4.0},{"damage":10.0,"enemies":"Jaw Worm","floor":2.0,"turns":8.0},{"damage":5.0,"enemies":"2 Louse","floor":3.0,"turns":3.0},{"damage":3.0,"enemies":"Exordium Wildlife","floor":5.0,"turns":4.0},{"damage":20.0,"enemies":"3 Sentries","floor":7.0,"turns":10.0},{"damage":13.0,"enemies":"Lots of Slimes","floor":11.0,"turns":4.0},{"damage":7.0,"enemies":"Blue Slaver","floor":12.0,"turns":4.0},{"damage":28,"enemies":"Gremlin Nob","floor":14,"turns":5},{"damage":47,"enemies":"Slime Boss","floor":16,"turns":11},{"damage":25,"enemies":"Shell Parasite","floor":18,"turns":7},{"damage":20,"enemies":"2 Thieves","floor":19,"turns":3},{"damage":26,"enemies":"Slavers","floor":24,"turns":7},{"damage":13,"enemies":"Sentry and Sphere","floor":28,"turns":4},{"damage":11,"enemies":"Centurion and Healer","floor":30,"turns":2}],"seed_played":"-7970052456938064992","potions_obtained":[{"floor":2.0,"key":"FearPotion"},{"floor":3.0,"key":"Weak Potion"},{"floor":7.0,"key":"SkillPotion"},{"floor":16,"key":"Swift Potion"},{"floor":18,"key":"AttackPotion"}],"is_trial":false,"path_per_floor":["M","M","M","$","M","R","E","R","T","$","M","M","$","E","R","B",null,"M","M","?","?","$","R","E","R","T","R","M","$","M"],"character_chosen":"IRONCLAD","items_purchased":["Bag of Marbles","True Grit","Feel No Pain","Red Skull","Inflame"],"campfire_rested":2,"item_purchase_floors":[4,4,13,29,29],"current_hp_per_floor":[49,45,46,46,49,49,35,57,57,57,50,49,49,27,49,11,61,45,34,34,34,34,34,18,18,18,18,11,11,0],"gold":29,"neow_bonus":"TWO_FIFTY_GOLD","is_prod":false,"is_daily":false,"chose_seed":false,"campfire_upgraded":4,"win_rate":0,"timestamp":1554651567,"path_taken":["M","M","M","$","M","R","E","R","T","$","M","?","?","E","R","BOSS","M","?","?","?","?","R","E","R","T","R","M","$","M"],"build_version":"2019-01-23","purchased_purges":2,"victory":false,"max_hp_per_floor":[75,75,75,75,75,75,75,75,75,75,75,75,75,75,75,78,78,81,84,84,42,42,42,46,46,46,46,46,46,46],"card_choices":[{"not_picked":["Thunderclap","Havoc"],"picked":"Shockwave","floor":1.0},{"not_picked":["Shockwave","Burning Pact"],"picked":"Anger","floor":2.0},{"not_picked":["Sentinel","Power Through"],"picked":"Metallicize","floor":3.0},{"not_picked":["Sword Boomerang","Pummel"],"picked":"Twin Strike","floor":5.0},{"not_picked":["Cleave","Havoc"],"picked":"True Grit","floor":7.0},{"not_picked":["Heavy Blade","Warcry"],"picked":"Havoc","floor":11.0},{"not_picked":["Havoc","Second Wind"],"picked":"Feed","floor":12.0},{"not_picked":["Berserk","Blood for Blood"],"picked":"Reckless Charge","floor":14},{"not_picked":["Barricade","Double Tap"],"picked":"Immolate","floor":16},{"not_picked":["Cleave","Warcry"],"picked":"Shrug It Off","floor":17},{"not_picked":["Power Through","True Grit"],"picked":"Inflame","floor":17},{"not_picked":["Clash","Heavy Blade"],"picked":"Dropkick","floor":17},{"not_picked":["Pommel Strike","Clothesline"],"picked":"Metallicize","floor":17},{"not_picked":["Bloodletting","Body Slam"],"picked":"Shockwave","floor":17},{"not_picked":["Thunderclap","Rampage","Burning Pact"],"picked":"SKIP","floor":18},{"not_picked":["Body Slam","Havoc"],"picked":"Pommel Strike+1","floor":19},{"not_picked":["Seeing Red","Wild Strike+1"],"picked":"Spot Weakness","floor":24},{"not_picked":["Brutality","Perfected Strike+1"],"picked":"Thunderclap+1","floor":28}],"player_experience":667947,"relics_obtained":[{"floor":7.0,"key":"Tiny Chest"},{"floor":9.0,"key":"Whetstone"},{"floor":14,"key":"Paper Frog"},{"floor":24,"key":"Pen Nib"},{"floor":26,"key":"Bronze Scales"}],"event_choices":[{"damage_healed":0,"gold_gain":0,"player_choice":"Simplicity","damage_taken":0,"max_hp_gain":0,"max_hp_loss":0,"event_name":"Back to Basics","floor":20,"gold_loss":0,"cards_upgraded":["Strike_R","Strike_R","Defend_R","Defend_R","Defend_R","Defend_R"]},{"damage_healed":0,"gold_gain":0,"player_choice":"Became a Ghost","damage_taken":0,"max_hp_gain":0,"max_hp_loss":42,"event_name":"Ghosts","floor":21,"gold_loss":0,"cards_obtained":["Ghostly","Ghostly","Ghostly"]}],"is_beta":false,"boss_relics":[{"not_picked":["Busted Crown","Tiny House"],"picked":"Orrery"}],"items_purged_floors":[10,13],"is_endless":false,"potions_floor_spawned":[2,3,5,7,16,18],"killed_by":"Centurion and Healer","ascension_level":20}