{"gold_per_floor":[112,112,127,77,95,127,127,127,127,156,166,166,182,201,201,275,275,287,273,223,234,149,149],"floor_reached":23,"playtime":4291,"items_purged":[],"score":335,"play_id":"2e0e3cf3-38f4-495c-a01f-fe7b8e46ec76","local_time":"20190423225619","is_ascension_mode":true,"campfire_choices":[{"floor":8.0,"key":"REST"},{"floor":15,"key":"REST"}],"neow_cost":"NONE","seed_source_timestamp":0,"circlet_count":0,"master_deck":["AscendersBane","Strike_R","Strike_R","Strike_R","Defend_R","Defend_R","Defend_R","Defend_R","Bash+1","Pummel+1","Battle Trance","Shrug It Off+1","True Grit","Headbutt","Juggernaut","Inflame","Armaments","Barricade","Rampage+1","Shrug It Off"],"special_seed":0,"relics":["Burning Blood","Lantern","Kunai","Torii","Fusion Hammer","Anchor"],"potions_floor_usage":[11,14,23],"damage_taken":[{"damage":11.0,"enemies":"Jaw Worm","floor":1.0,"turns":4.0},{"damage":7.0,"enemies":"2 Louse","floor":3.0,"turns":2.0},{"damage":1.0,"enemies":"Cultist","floor":5.0,"turns":4.0},{"damage":40.0,"enemies":"Gremlin Nob","floor":6.0,"turns":5.0},{"damage":35,"enemies":"3 Sentries","floor":10,"turns":13},{"damage":1,"enemies":"3 Louse","floor":11,"turns":3},{"damage":0,"enemies":"Looter","floor":13,"turns":2},{"damage":3,"enemies":"Gremlin Gang","floor":14,"turns":4},{"damage":34,"enemies":"Hexaghost","floor":16,"turns":13},{"damage":14,"enemies":"3 Byrds","floor":18,"turns":6},{"damage":13,"enemies":"2 Thieves","floor":19,"turns":4},{"damage":7,"enemies":"Snecko","floor":21,"turns":4},{"damage":53,"enemies":"Slavers","floor":23,"turns":3}],"seed_played":"-8035900574763729874","potions_obtained":[{"floor":5.0,"key":"BloodPotion"},{"floor":6.0,"key":"SkillPotion"},{"floor":13,"key":"FearPotion"},{"floor":14,"key":"BloodPotion"},{"floor":18,"key":"Strength Potion"}],"is_trial":false,"path_per_floor":["M","?","M","?","M","E","?","R","T","E","M","?","M","M","R","B",null,"M","M","?","M","?","E"],"character_chosen":"IRONCLAD","items_purchased":[],"campfire_rested":2,"item_purchase_floors":[],"current_hp_per_floor":[67,67,66,66,71,45,29,53,53,24,29,29,35,38,62,34,69,61,54,54,53,53,0],"gold":149,"neow_bonus":"TRANSFORM_CARD","is_prod":false,"is_daily":false,"chose_seed":false,"campfire_upgraded":0,"win_rate":0,"timestamp":1556078179,"path_taken":["M","?","M","?","M","E","?","R","T","E","M","?","M","M","R","BOSS","M","M","?","?","?","E"],"build_version":"2019-01-23","purchased_purges":0,"victory":false,"max_hp_per_floor":[80,80,80,80,80,80,80,80,80,80,80,80,80,80,80,80,80,80,80,80,80,80,80],"card_choices":[{"not_picked":["Wild Strike","Body Slam"],"picked":"Battle Trance","floor":1.0},{"not_picked":["Twin Strike","Blood for Blood"],"picked":"Shrug It Off","floor":3.0},{"not_picked":["Evolve","Reckless Charge"],"picked":"True Grit","floor":5.0},{"not_picked":["Clothesline","True Grit"],"picked":"Headbutt","floor":6.0},{"not_picked":["Burning Pact","Searing Blow"],"picked":"Juggernaut","floor":10},{"not_picked":["Rupture","Thunderclap","Searing Blow"],"picked":"SKIP","floor":11},{"not_picked":["Flex","Burning Pact"],"picked":"Inflame","floor":13},{"not_picked":["Cleave","Perfected Strike"],"picked":"Armaments","floor":14},{"not_picked":["Juggernaut","Limit Break"],"picked":"Barricade","floor":16},{"not_picked":["Rupture","Twin Strike"],"picked":"Rampage+1","floor":18},{"not_picked":["Wild Strike+1","Headbutt","Thunderclap"],"picked":"SKIP","floor":19},{"not_picked":["Headbutt+1","Intimidate"],"picked":"Shrug It Off","floor":21}],"player_experience":1170958,"relics_obtained":[{"floor":6.0,"key":"Lantern"},{"floor":9.0,"key":"Kunai"},{"floor":10,"key":"Torii"}],"event_choices":[{"damage_healed":0.0,"max_hp_gain":0.0,"max_hp_loss":0.0,"gold_gain":0.0,"event_name":"Living Wall","player_choice":"Grow","floor":2.0,"gold_loss":0.0,"damage_taken":0.0,"cards_upgraded":["Bash"]},{"cards_removed":["Strike_R"],"damage_healed":0.0,"max_hp_gain":0.0,"max_hp_loss":0.0,"gold_gain":0.0,"event_name":"The Cleric","player_choice":"Card Removal","floor":4.0,"gold_loss":50.0,"damage_taken":0.0},{"damage_healed":0.0,"max_hp_gain":0.0,"max_hp_loss":0.0,"gold_gain":0.0,"event_name":"Shining Light","player_choice":"Entered Light","floor":7.0,"gold_loss":0.0,"damage_taken":16.0,"cards_upgraded":["Pummel","Shrug It Off"]},{"damage_healed":0,"gold_gain":0,"player_choice":"Ignored","damage_taken":0,"max_hp_gain":0,"max_hp_loss":0,"event_name":"Liars Game","floor":12,"gold_loss":0},{"damage_healed":0,"gold_gain":0,"player_choice":"Bet on Murderer","damage_taken":0,"max_hp_gain":0,"max_hp_loss":0,"event_name":"The Joust","floor":20,"gold_loss":50},{"damage_healed":0,"gold_gain":0,"player_choice":"Obtained Relic","damage_taken":0,"relics_obtained":["Anchor"],"max_hp_gain":0,"max_hp_loss":0,"event_name":"Addict","floor":22,"gold_loss":85}],"is_beta":false,"boss_relics":[{"not_picked":["Cursed Key","Ectoplasm"],"picked":"Fusion Hammer"}],"items_purged_floors":[],"is_endless":false,"potions_floor_spawned":[5,6,13,14,18],"killed_by":"Slavers","ascension_level":13}