{"gold_per_floor":[415,426,526,542,558,558,575,592,592,592,592,627,494,164,164,164],"floor_reached":16,"playtime":378,"items_purged":["Strike_R"],"score":122,"play_id":"35df99b3-8ba1-4666-9011-b6fe970391f8","local_time":"20190606155947","is_ascension_mode":true,"campfire_choices":[{"floor":6,"key":"REST"},{"floor":10,"key":"REST"},{"floor":15,"key":"REST"}],"neow_cost":"TEN_PERCENT_HP_LOSS","seed_source_timestamp":282437865658465,"circlet_count":0,"master_deck":["Strike_R","Strike_R","Strike_R","Defend_R","Defend_R","Defend_R","Defend_R","Bash"],"relics":["Burning Blood","Old Coin","Question Card","Pen Nib","Blue Candle","Sundial"],"potions_floor_usage":[16,16,16],"damage_taken":[{"damage":6,"enemies":"Cultist","floor":1,"turns":3},{"damage":14,"enemies":"2 Louse","floor":2,"turns":3},{"damage":0,"enemies":"Small Slimes","floor":4,"turns":3},{"damage":27,"enemies":"3 Louse","floor":5,"turns":4},{"damage":23,"enemies":"Red Slaver","floor":7,"turns":3},{"damage":19,"enemies":"Blue Slaver","floor":8,"turns":5},{"damage":60,"enemies":"Lagavulin","floor":12,"turns":6},{"damage":30,"enemies":"Hexaghost","floor":16,"turns":7}],"seed_played":"351863477774776308","potions_obtained":[{"floor":1,"key":"LiquidBronze"},{"floor":7,"key":"Explosive Potion"},{"floor":12,"key":"PowerPotion"}],"is_trial":false,"path_per_floor":["M","M","?","M","M","R","M","M","T","R","?","E","?","$","R","B"],"character_chosen":"IRONCLAD","items_purchased":["Sundial"],"campfire_rested":3,"item_purchase_floors":[14],"current_hp_per_floor":[72,64,64,70,49,70,53,40,40,61,61,7,7,7,28,0],"gold":164,"neow_bonus":"ONE_RARE_RELIC","is_prod":false,"is_daily":false,"chose_seed":false,"campfire_upgraded":0,"win_rate":0,"timestamp":1559829587,"path_taken":["M","?","?","?","M","R","M","M","T","R","?","E","?","$","R","BOSS"],"build_version":"2019-01-23","purchased_purges":1,"victory":false,"max_hp_per_floor":[72,72,72,72,72,72,72,72,72,72,72,72,72,72,72,72],"card_choices":[{"not_picked":["Reckless Charge","Armaments","Rampage"],"picked":"SKIP","floor":1},{"not_picked":["Clothesline","Pommel Strike","Cleave"],"picked":"SKIP","floor":2},{"not_picked":["Uppercut","Shrug It Off","Warcry"],"picked":"SKIP","floor":4},{"not_picked":["Sword Boomerang","Wild Strike","Blood for Blood"],"picked":"SKIP","floor":5},{"not_picked":["Pommel Strike","Blood for Blood","Bloodletting"],"picked":"SKIP","floor":7},{"not_picked":["Second Wind","Pommel Strike","Iron Wave"],"picked":"SKIP","floor":8},{"not_picked":["Burning Pact","Uppercut","Clash","Rage"],"picked":"SKIP","floor":12}],"player_experience":191353,"relics_obtained":[{"floor":9,"key":"Question Card"},{"floor":12,"key":"Pen Nib"}],"event_choices":[{"damage_healed":0,"gold_gain":100,"player_choice":"Pray","damage_taken":0,"max_hp_gain":0,"max_hp_loss":0,"event_name":"Golden Shrine","floor":3,"gold_loss":0},{"cards_removed":["Strike_R"],"damage_healed":0,"gold_gain":0,"player_choice":"Forget","damage_taken":0,"max_hp_gain":0,"max_hp_loss":0,"event_name":"Living Wall","floor":11,"gold_loss":0},{"damage_healed":0,"gold_gain":0,"player_choice":"Paid Gold","damage_taken":0,"relics_obtained":["Blue Candle"],"max_hp_gain":0,"max_hp_loss":0,"event_name":"WeMeetAgain","floor":13,"gold_loss":133}],"is_beta":false,"boss_relics":[],"items_purged_floors":[14],"is_endless":false,"potions_floor_spawned":[1,7,12],"killed_by":"Hexaghost","ascension_level":4}