{"gold_per_floor":[116,116,116,136,150,180,180,206,206,206],"floor_reached":10,"playtime":1235,"items_purged":[],"score":109,"play_id":"2938137d-434f-46e0-8fba-2cb7571b715c","local_time":"20180825235906","is_ascension_mode":true,"campfire_choices":[{"floor":7,"key":"REST"}],"neow_cost":"CURSE","seed_source_timestamp":955524979610412,"circlet_count":0,"master_deck":["Strike_R","Strike_R","Strike_R","Strike_R","Strike_R","Defend_R","Defend_R","Defend_R","Defend_R","Bash","Decay","Iron Wave+1","Seeing Red","Battle Trance","Offering"],"relics":["Burning Blood","Art of War","Kunai","Regal Pillow","Bag of Preparation"],"potions_floor_usage":[10],"damage_taken":[{"damage":7,"enemies":"Jaw Worm","floor":1,"turns":6},{"damage":7,"enemies":"Small Slimes","floor":4,"turns":5},{"damage":3,"enemies":"Cultist","floor":5,"turns":4},{"damage":58,"enemies":"3 Sentries","floor":6,"turns":14},{"damage":28,"enemies":"Gremlin Nob","floor":8,"turns":5},{"damage":47,"enemies":"Lagavulin","floor":10,"turns":12}],"seed_played":"-1808148717814662226","potions_obtained":[{"floor":8,"key":"Weak Potion"}],"is_trial":false,"path_per_floor":["M","?","?","M","M","E","R","E","T"],"character_chosen":"IRONCLAD","items_purchased":[],"campfire_rested":1,"item_purchase_floors":[],"current_hp_per_floor":[95,88,88,87,90,38,66,44,44,0],"gold":206,"neow_bonus":"TWENTY_PERCENT_HP_BONUS","is_prod":false,"is_daily":false,"chose_seed":false,"campfire_upgraded":0,"win_rate":0,"timestamp":1535259546,"path_taken":["M","?","?","M","?","E","R","E","T","E"],"build_version":"2018-08-23v2","purchased_purges":0,"victory":false,"max_hp_per_floor":[96,96,96,96,96,96,96,96,96,96],"card_choices":[{"not_picked":["Sever Soul","Perfected Strike"],"picked":"Iron Wave","floor":1},{"not_picked":["Rage","Wild Strike"],"picked":"Seeing Red","floor":4},{"not_picked":["Twin Strike","Wild Strike","Blood for Blood"],"picked":"SKIP","floor":5},{"not_picked":["Anger","Clothesline"],"picked":"Battle Trance","floor":6},{"not_picked":["Twin Strike","Shrug It Off"],"picked":"Offering","floor":8}],"player_experience":274648,"relics_obtained":[{"floor":6,"key":"Kunai"},{"floor":8,"key":"Regal Pillow"},{"floor":9,"key":"Bag of Preparation"}],"event_choices":[{"event_name":"Scrap Ooze","player_choice":"success","floor":2,"damage_taken":7},{"event_name":"Upgrade Shrine","player_choice":"Upgraded","floor":3,"damage_taken":0}],"is_beta":false,"boss_relics":[],"items_purged_floors":[],"is_endless":false,"potions_floor_spawned":[8],"killed_by":"Lagavulin","ascension_level":2}