{"gold_per_floor":[119,119,139,139,139,169,169,197,197,212,212,225,240,273,273,273],"floor_reached":16,"playtime":5659,"items_purged":[],"score":261,"play_id":"5ff0ff60-5e03-4dc9-8fa2-227971696818","local_time":"20190628232433","is_ascension_mode":true,"campfire_choices":[{"data":"Predator","floor":7,"key":"SMITH"},{"floor":11,"key":"REST"},{"floor":15,"key":"REST"}],"neow_cost":"NONE","seed_source_timestamp":426776062505440,"circlet_count":0,"master_deck":["AscendersBane","Defend_G","Defend_G","Defend_G","Defend_G","Defend_G","Strike_G","Strike_G","Strike_G","Survivor","Neutralize","Predator+1","Infinite Blades","Accuracy","Eviscerate+1","All Out Attack","Backstab","Backflip","A Thousand Cuts"],"relics":["Ring of the Snake","NeowsBlessing","Calipers","Singing Bowl","Ninja Scroll","Bottled Lightning"],"potions_floor_usage":[8,8],"damage_taken":[{"damage":0,"enemies":"Cultist","floor":1,"turns":1},{"damage":0,"enemies":"2 Louse","floor":3,"turns":1},{"damage":0,"enemies":"Gremlin Nob","floor":6,"turns":1},{"damage":32,"enemies":"3 Sentries","floor":8,"turns":8},{"damage":2,"enemies":"Small Slimes","floor":10,"turns":3},{"damage":0,"enemies":"Exordium Wildlife","floor":12,"turns":3},{"damage":0,"enemies":"Blue Slaver","floor":13,"turns":3},{"damage":17,"enemies":"Gremlin Nob","floor":14,"turns":4},{"damage":50,"enemies":"Hexaghost","floor":16,"turns":11}],"seed_played":"-1475784386413960951","potions_obtained":[{"floor":1,"key":"SkillPotion"},{"floor":3,"key":"LiquidBronze"}],"is_trial":false,"path_per_floor":["M","?","M","?","?","E","R","E","T","M","R","M","M","E","R","B"],"character_chosen":"THE_SILENT","items_purchased":[],"campfire_rested":2,"item_purchase_floors":[],"current_hp_per_floor":[59,59,59,59,59,59,59,27,27,25,44,44,44,29,49,0],"gold":273,"neow_bonus":"THREE_ENEMY_KILL","is_prod":false,"is_daily":false,"chose_seed":false,"campfire_upgraded":1,"win_rate":0,"timestamp":1561782273,"path_taken":["M","?","?","?","?","E","R","E","T","?","R","M","M","E","R","BOSS"],"build_version":"2019-01-23","purchased_purges":0,"victory":false,"max_hp_per_floor":[66,66,66,66,66,66,66,66,66,66,66,66,66,68,68,68],"card_choices":[{"not_picked":["Deflect","Finisher"],"picked":"Predator","floor":1},{"not_picked":["Bane","Flying Knee"],"picked":"Accuracy","floor":3},{"not_picked":["Deflect","Flechettes","Outmaneuver"],"picked":"SKIP","floor":6},{"not_picked":["Poisoned Stab","Dagger Throw"],"picked":"All Out Attack","floor":8},{"not_picked":["Deadly Poison","Deflect"],"picked":"Backstab","floor":10},{"not_picked":["Crippling Poison","Dagger Throw"],"picked":"Backflip","floor":12},{"not_picked":["Backstab","PiercingWail"],"picked":"A Thousand Cuts","floor":13},{"not_picked":["PiercingWail","Slice","Deflect"],"picked":"Singing Bowl","floor":14}],"player_experience":1420951,"relics_obtained":[{"floor":6,"key":"Calipers"},{"floor":8,"key":"Singing Bowl"},{"floor":9,"key":"Ninja Scroll"},{"floor":14,"key":"Bottled Lightning"}],"event_choices":[{"damage_healed":0,"gold_gain":0,"cards_transformed":["Strike_G"],"player_choice":"Transformed","damage_taken":0,"max_hp_gain":0,"max_hp_loss":0,"event_name":"Transmorgrifier","floor":2,"gold_loss":0,"cards_obtained":["Infinite Blades"]},{"damage_healed":0,"gold_gain":0,"cards_transformed":["Strike_G"],"player_choice":"Change","damage_taken":0,"max_hp_gain":0,"max_hp_loss":0,"event_name":"Living Wall","floor":4,"gold_loss":0,"cards_obtained":["Eviscerate"]},{"damage_healed":0,"gold_gain":0,"player_choice":"Upgraded","damage_taken":0,"max_hp_gain":0,"max_hp_loss":0,"event_name":"Upgrade Shrine","floor":5,"gold_loss":0,"cards_upgraded":["Eviscerate"]}],"is_beta":false,"boss_relics":[],"items_purged_floors":[],"is_endless":false,"potions_floor_spawned":[1,3],"killed_by":"Hexaghost","ascension_level":16}