{"gold_per_floor":[12,12,12,26,39,39,73,133,172,97,97,10,20,20,20,93,93,106,106,123,123,23,50,50,50,112,121,36,36,36,76,76,138,138,154,234,109,153,164,164,14,14,72,15,15,15,24,39,39,39,39],"floor_reached":52,"playtime":1795,"items_purged":["Strike_G","Defend_G","Strike_G"],"score":1971,"play_id":"dadc7c26-65b9-4161-8843-e22aa1cf391f","local_time":"20190827003926","is_ascension_mode":true,"campfire_choices":[{"data":"Neutralize","floor":6.0,"key":"SMITH"},{"data":"Well Laid Plans","floor":15.0,"key":"SMITH"},{"data":"Well Laid Plans","floor":25,"key":"SMITH"},{"data":"Grand Finale","floor":32,"key":"SMITH"},{"data":"Adrenaline","floor":40,"key":"SMITH"},{"data":"Backflip","floor":42,"key":"SMITH"},{"data":"Defend_G","floor":49,"key":"SMITH"}],"neow_cost":"NO_GOLD","seed_source_timestamp":124511270146872,"circlet_count":0,"master_deck":["Defend_G+1","Neutralize+1","AscMod:ascendersbane","Grand Finale+1","Backflip+1","Well Laid Plans+1","Dagger Throw","Adrenaline+1","Well Laid Plans+1"],"special_seed":0,"relics":["Ring of the Snake","Bloody Idol","Centennial Puzzle","Orichalcum","WristBlade","WingedGreaves","Bottled Lightning","Incense Burner","Philosopher\u0027s Stone","Pocketwatch","StoneCalendar","Toxic Egg 2"],"potions_floor_usage":[20,23,23,38,51,51],"damage_taken":[{"damage":5.0,"enemies":"Small Slimes","floor":1.0,"turns":4.0},{"damage":0.0,"enemies":"Jaw Worm","floor":4.0,"turns":4.0},{"damage":0.0,"enemies":"2 Louse","floor":5.0,"turns":4.0},{"damage":15.0,"enemies":"Lagavulin","floor":7.0,"turns":7.0},{"damage":13.0,"enemies":"Large Slime","floor":13.0,"turns":8.0},{"damage":3.0,"enemies":"The Guardian","floor":16.0,"turns":12.0},{"damage":4.0,"enemies":"Shell Parasite","floor":18.0,"turns":6.0},{"damage":0,"enemies":"2 Thieves","floor":20,"turns":2},{"damage":2,"enemies":"Slavers","floor":23,"turns":4},{"damage":5,"enemies":"Centurion and Healer","floor":27,"turns":2},{"damage":8,"enemies":"Champ","floor":33,"turns":7},{"damage":0,"enemies":"Orb Walker","floor":35,"turns":2},{"damage":9,"enemies":"Mind Bloom Boss Battle","floor":36,"turns":4},{"damage":0,"enemies":"2 Orb Walkers","floor":38,"turns":2},{"damage":0,"enemies":"3 Darklings","floor":39,"turns":1},{"damage":0,"enemies":"Maw","floor":47,"turns":2},{"damage":0,"enemies":"Jaw Worm Horde","floor":48,"turns":1},{"damage":0,"enemies":"Donu and Deca","floor":50,"turns":2},{"damage":1,"enemies":"Awakened One","floor":51,"turns":4}],"seed_played":"1248454604498582463","potions_obtained":[{"floor":4.0,"key":"Strength Potion"},{"floor":7.0,"key":"GhostInAJar"},{"floor":18.0,"key":"EssenceOfSteel"},{"floor":20,"key":"FearPotion"},{"floor":36,"key":"GamblersBrew"},{"floor":39,"key":"SpeedPotion"}],"is_trial":false,"path_per_floor":["M","?","?","M","M","R","E","?","T","?","?","$","M","?","R","B",null,"M","?","M","?","$","E","?","R","T","M","?","?","$","?","R","B",null,"M","?","$","?","M","R","$","R","T","$","?","?","M","M","R","B","B",null],"character_chosen":"THE_SILENT","items_purchased":["Well Laid Plans","PowerPotion"],"campfire_rested":0,"item_purchase_floors":[12,44],"current_hp_per_floor":[54,54,58,58,58,58,43,32,32,32,32,32,19,19,19,16,46,42,42,42,42,42,44,44,44,48,47,47,47,47,51,51,47,58,62,57,57,61,65,65,65,65,65,65,65,65,65,65,65,65,64],"gold":39,"neow_bonus":"THREE_RARE_CARDS","is_prod":false,"is_daily":false,"chose_seed":false,"campfire_upgraded":7,"win_rate":0,"timestamp":1566841166,"path_taken":["M","?","?","M","M","R","E","?","T","?","?","?","?","?","R","BOSS","M","?","M","?","?","E","?","R","T","?","?","?","?","?","R","BOSS","M","?","$","?","M","R","$","R","T","?","?","?","M","?","R","BOSS","BOSS"],"build_version":"2019-07-17","purchased_purges":3,"victory":true,"max_hp_per_floor":[66,60,65,65,65,65,65,65,65,65,65,65,65,65,65,65,65,65,65,65,65,65,65,65,65,65,65,65,65,65,65,65,65,65,65,65,65,65,65,65,65,65,65,65,65,65,65,65,65,65,65],"card_choices":[{"not_picked":["Storm of Steel","Night Terror"],"picked":"Grand Finale","floor":0.0},{"not_picked":["Quick Slash","Reflex","Cloak And Dagger"],"picked":"SKIP","floor":1.0},{"not_picked":["Endless Agony","Outmaneuver"],"picked":"Backflip","floor":4.0},{"not_picked":["Concentrate","Endless Agony","Setup"],"picked":"SKIP","floor":5.0},{"not_picked":["Accuracy","Choke","Deadly Poison"],"picked":"SKIP","floor":7.0},{"not_picked":["Underhanded Strike","Cloak And Dagger","Flying Knee"],"picked":"SKIP","floor":13.0},{"not_picked":["Deflect+1","PiercingWail+1","Cloak And Dagger"],"picked":"SKIP","floor":18.0},{"not_picked":["Backflip","Slice"],"picked":"Dagger Throw","floor":20},{"not_picked":["Dagger Throw","Backstab","Deadly Poison"],"picked":"SKIP","floor":23},{"not_picked":["Deflect","PiercingWail+1","Dodge and Roll"],"picked":"SKIP","floor":27},{"not_picked":["Outmaneuver","Poisoned Stab+1","Endless Agony+1"],"picked":"SKIP","floor":35},{"not_picked":["PiercingWail","Flying Knee","Tactician"],"picked":"SKIP","floor":39},{"not_picked":["Poisoned Stab","Underhanded Strike+1","Quick Slash"],"picked":"SKIP","floor":47},{"not_picked":["Slice+1","Masterful Stab","Backstab"],"picked":"SKIP","floor":48}],"player_experience":1092199,"relics_obtained":[{"floor":7.0,"key":"Centennial Puzzle"},{"floor":9.0,"key":"Orichalcum"},{"floor":23,"key":"WingedGreaves"},{"floor":26,"key":"Bottled Lightning"},{"floor":36,"key":"Pocketwatch"},{"floor":38,"key":"StoneCalendar"},{"floor":43,"key":"Toxic Egg 2"}],"event_choices":[{"damage_healed":0.0,"max_hp_gain":0.0,"max_hp_loss":6.0,"gold_gain":0.0,"event_name":"Golden Idol","player_choice":"Lose Max HP","floor":2.0,"gold_loss":0.0,"damage_taken":0.0,"relics_obtained":["Golden Idol"]},{"damage_healed":0.0,"max_hp_gain":5.0,"max_hp_loss":0.0,"gold_gain":0.0,"event_name":"Big Fish","player_choice":"Donut","floor":3.0,"gold_loss":0.0,"damage_taken":0.0},{"damage_healed":0.0,"max_hp_gain":0.0,"max_hp_loss":0.0,"gold_gain":75.0,"event_name":"World of Goop","player_choice":"Gather Gold","floor":8.0,"gold_loss":0.0,"damage_taken":11.0},{"cards_removed":["Strike_G"],"damage_healed":0.0,"max_hp_gain":0.0,"max_hp_loss":0.0,"gold_gain":0.0,"event_name":"The Cleric","player_choice":"Card Removal","floor":10.0,"gold_loss":75.0,"damage_taken":0.0},{"cards_removed":["Defend_G"],"damage_healed":0.0,"max_hp_gain":0.0,"max_hp_loss":0.0,"gold_gain":0.0,"event_name":"Living Wall","player_choice":"Forget","floor":11.0,"gold_loss":0.0,"damage_taken":0.0},{"damage_healed":0.0,"max_hp_gain":0.0,"max_hp_loss":0.0,"gold_gain":0.0,"event_name":"Liars Game","player_choice":"Ignored","floor":14.0,"gold_loss":0.0,"damage_taken":0.0},{"damage_healed":0.0,"max_hp_gain":0.0,"max_hp_loss":0.0,"gold_gain":0.0,"event_name":"Ghosts","player_choice":"Ignored","floor":19.0,"gold_loss":0.0,"damage_taken":0.0},{"damage_healed":0,"gold_gain":0,"player_choice":"Gave Idol","damage_taken":0,"relics_obtained":["Bloody Idol"],"max_hp_gain":0,"max_hp_loss":0,"event_name":"Forgotten Altar","floor":21,"relics_lost":["Golden Idol"],"gold_loss":0},{"damage_healed":0,"gold_gain":0,"cards_transformed":["Defend_G","Strike_G"],"player_choice":"Became Test Subject","damage_taken":0,"max_hp_gain":0,"max_hp_loss":0,"event_name":"Drug Dealer","floor":24,"gold_loss":0,"cards_obtained":["Adrenaline","Well Laid Plans"]},{"damage_healed":0,"gold_gain":0,"player_choice":"Obtained Relic","damage_taken":0,"relics_obtained":["Incense Burner"],"max_hp_gain":0,"max_hp_loss":0,"event_name":"Addict","floor":28,"gold_loss":85},{"cards_removed":["Strike_G"],"damage_healed":0,"gold_gain":0,"player_choice":"Elegance","damage_taken":0,"max_hp_gain":0,"max_hp_loss":0,"event_name":"Back to Basics","floor":29,"gold_loss":0},{"damage_healed":0,"gold_gain":50,"player_choice":"Stole From Cult","damage_taken":0,"max_hp_gain":0,"max_hp_loss":0,"event_name":"Nest","floor":31,"gold_loss":0},{"damage_healed":0,"gold_gain":0,"player_choice":"Fight","damage_taken":0,"max_hp_gain":0,"max_hp_loss":0,"event_name":"MindBloom","floor":36,"gold_loss":0},{"damage_healed":0,"gold_gain":0,"player_choice":"Fight","damage_taken":0,"max_hp_gain":0,"max_hp_loss":0,"event_name":"Mysterious Sphere","floor":38,"gold_loss":0},{"cards_removed":["Defend_G"],"damage_healed":0,"gold_gain":0,"player_choice":"Removed Skill","damage_taken":0,"max_hp_gain":0,"max_hp_loss":0,"event_name":"Falling","floor":45,"gold_loss":0},{"cards_removed":["Survivor"],"damage_healed":0,"gold_gain":0,"player_choice":"Purged","damage_taken":0,"max_hp_gain":0,"max_hp_loss":0,"event_name":"Purifier","floor":46,"gold_loss":0}],"is_beta":false,"boss_relics":[{"not_picked":["Ectoplasm","Black Star"],"picked":"WristBlade"},{"not_picked":["Fusion Hammer","Sozu"],"picked":"Philosopher\u0027s Stone"}],"items_purged_floors":[22,37,41],"is_endless":false,"potions_floor_spawned":[4,7,18,20,36,39],"ascension_level":24}