{"gold_per_floor":[113,113,113,113,174,174,184,208,227,251,273,297,39,55,55,55],"floor_reached":16,"playtime":297,"items_purged":["Defend_P"],"score":286,"play_id":"73b963fc-8ae6-40c6-a042-09c563eb6680","local_time":"20190927025246","is_ascension_mode":true,"campfire_choices":[{"data":"Eruption","floor":6,"key":"SMITH"},{"data":"Vigilance","floor":15,"key":"SMITH"}],"neow_cost":"NONE","seed_source_timestamp":341905437748900,"circlet_count":0,"master_deck":["Strike_P","Strike_P","Strike_P","Strike_P","Defend_P","Defend_P","Eruption+1","Vigilance+1","AscMod:ascendersbane","Sanctity","FlyingSleeves"],"relics":["PureWater","NeowsBlessing","Pear","Mummified Hand","Pen Nib","MawBank","Happy Flower"],"potions_floor_usage":[11,16],"damage_taken":[{"damage":0,"enemies":"Cultist","floor":1,"turns":1},{"damage":0,"enemies":"2 Louse","floor":7,"turns":1},{"damage":0,"enemies":"3 Sentries","floor":8,"turns":1},{"damage":0,"enemies":"Jaw Worm","floor":10,"turns":2},{"damage":17,"enemies":"Lots of Slimes","floor":11,"turns":4},{"damage":0,"enemies":"Blue Slaver","floor":12,"turns":7},{"damage":4,"enemies":"3 Louse","floor":14,"turns":3},{"damage":13,"enemies":"The Guardian","floor":16,"turns":8}],"seed_played":"3969559417050256302","potions_obtained":[{"floor":8,"key":"Weak Potion"},{"floor":11,"key":"Swift Potion"}],"is_trial":false,"path_per_floor":["M","?","?","?","T","R","M","E","T","M","M","M","$","M","R","B"],"character_chosen":"WATCHER","items_purchased":["Happy Flower"],"campfire_rested":0,"item_purchase_floors":[13],"current_hp_per_floor":[55,45,45,38,38,38,38,38,38,38,21,21,21,17,17,4],"gold":55,"neow_bonus":"THREE_ENEMY_KILL","is_prod":false,"is_daily":false,"chose_seed":false,"campfire_upgraded":2,"win_rate":0,"timestamp":1569527566,"path_taken":["M","?","?","?","?","R","?","E","T","M","M","M","?","M","R","BOSS"],"build_version":"2019-09-25","purchased_purges":1,"victory":false,"max_hp_per_floor":[61,71,71,71,71,71,71,71,71,71,71,71,71,71,71,71],"card_choices":[{"not_picked":["Weave","Meditate","BowlingBash"],"picked":"SKIP","floor":1},{"not_picked":["Scrawl","WreathOfFlame","SashWhip"],"picked":"SKIP","floor":7},{"not_picked":["Meditate","FollowUp"],"picked":"Sanctity","floor":8},{"not_picked":["FlyingSleeves","Halt","ClearTheMind"],"picked":"SKIP","floor":10},{"not_picked":["SashWhip","WaveOfTheHand","EmptyBody"],"picked":"SKIP","floor":11},{"not_picked":["FlyingSleeves","Collect","CutThroughFate"],"picked":"SKIP","floor":12},{"not_picked":["Consecrate","Weave"],"picked":"FlyingSleeves","floor":14}],"player_experience":1166744,"relics_obtained":[{"floor":5,"key":"Mummified Hand"},{"floor":8,"key":"Pen Nib"},{"floor":9,"key":"MawBank"}],"event_choices":[{"damage_healed":0,"gold_gain":0,"player_choice":"Success","damage_taken":18,"relics_obtained":["Pear"],"max_hp_gain":0,"max_hp_loss":0,"event_name":"Scrap Ooze","floor":2,"gold_loss":0},{"damage_healed":0,"gold_gain":0,"player_choice":"Ignored","damage_taken":0,"max_hp_gain":0,"max_hp_loss":0,"event_name":"Liars Game","floor":3,"gold_loss":0},{"cards_removed":["Defend_P"],"damage_healed":0,"gold_gain":0,"player_choice":"Card Removal","damage_taken":7,"max_hp_gain":0,"max_hp_loss":0,"event_name":"Golden Wing","floor":4,"gold_loss":0}],"is_beta":true,"boss_relics":[],"items_purged_floors":[13],"is_endless":false,"potions_floor_spawned":[8,11],"killed_by":"The Guardian","ascension_level":25}