{"gold_per_floor":[111,261,261,261,55,99,99,140,140,184,184,184,207,223,223,319,319,335,335,358,383,383,383,401,401,446,446,22,22,57,7,7,7],"floor_reached":33,"playtime":1373,"items_purged":["Doubt","Pain"],"score":658,"play_id":"6e838e9e-1691-410b-9160-0b12e2713d65","local_time":"20190609002310","is_ascension_mode":true,"campfire_choices":[{"data":"Crippling Poison","floor":11,"key":"SMITH"},{"data":"Dagger Spray","floor":15,"key":"SMITH"},{"floor":23,"key":"REST"},{"floor":25,"key":"REST"},{"floor":29,"key":"REST"},{"data":"A Thousand Cuts","floor":32,"key":"SMITH"}],"neow_cost":"NONE","seed_source_timestamp":1477118618392039,"circlet_count":0,"master_deck":["AscendersBane","Defend_G","Defend_G","Defend_G","Defend_G+1","Defend_G","Strike_G","Strike_G","Strike_G","Strike_G","Strike_G","Survivor+1","Neutralize","Deadly Poison","Caltrops","Poisoned Stab","Dagger Spray+1","Crippling Poison+1","Leg Sweep","A Thousand Cuts+1","PiercingWail+1","Night Terror","PiercingWail","Backflip","Backflip"],"relics":["Ring of the Snake","NeowsBlessing","Golden Idol","Pocketwatch","Potion Belt","Boot","Snecko Eye","WarpedTongs","Juzu Bracelet","Tough Bandages","Meat on the Bone","Matryoshka"],"potions_floor_usage":[10,16,33],"damage_taken":[{"damage":0,"enemies":"2 Louse","floor":1,"turns":1},{"damage":0,"enemies":"Lagavulin","floor":6,"turns":1},{"damage":0,"enemies":"Gremlin Nob","floor":8,"turns":1},{"damage":16,"enemies":"Lagavulin","floor":10,"turns":5},{"damage":0,"enemies":"Small Slimes","floor":13,"turns":2},{"damage":0,"enemies":"Jaw Worm","floor":14,"turns":3},{"damage":12,"enemies":"Slime Boss","floor":16,"turns":10},{"damage":14,"enemies":"Shell Parasite","floor":18,"turns":6},{"damage":13,"enemies":"3 Byrds","floor":20,"turns":3},{"damage":10,"enemies":"Snecko","floor":21,"turns":7},{"damage":28,"enemies":"3 Cultists","floor":24,"turns":5},{"damage":3,"enemies":"Slavers","floor":30,"turns":5},{"damage":42,"enemies":"Automaton","floor":33,"turns":6}],"seed_played":"5278488303563423590","potions_obtained":[{"floor":8,"key":"AttackPotion"},{"floor":13,"key":"Strength Potion"},{"floor":16,"key":"Ancient Potion"},{"floor":20,"key":"FearPotion"},{"floor":30,"key":"PowerPotion"}],"is_trial":false,"path_per_floor":["M","?","$","?","$","E","?","E","T","E","R","?","M","M","R","B",null,"M","?","M","M","?","R","M","R","T","?","$","R","E","$","R","B"],"character_chosen":"THE_SILENT","items_purchased":["Caltrops","Poisoned Stab","Meat on the Bone","Backflip","Backflip"],"campfire_rested":3,"item_purchase_floors":[5,5,28,28,31],"current_hp_per_floor":[59,59,59,59,59,59,41,41,41,25,25,25,25,25,25,13,48,34,34,21,11,11,29,1,19,19,19,19,37,34,34,34,0],"gold":7,"neow_bonus":"THREE_ENEMY_KILL","is_prod":false,"is_daily":false,"chose_seed":false,"campfire_upgraded":3,"win_rate":0,"timestamp":1560054190,"path_taken":["M","?","$","?","$","E","?","E","T","E","R","?","?","M","R","BOSS","M","?","M","?","?","R","?","R","T","?","$","R","E","?","R","BOSS"],"build_version":"2019-01-23","purchased_purges":2,"victory":false,"max_hp_per_floor":[66,66,66,60,60,60,60,60,60,60,60,60,60,60,60,60,60,60,60,60,60,60,60,60,60,60,60,60,60,60,60,60,60],"card_choices":[{"not_picked":["Reflex","Poisoned Stab"],"picked":"Deadly Poison","floor":1},{"not_picked":["Tactician","Blur"],"picked":"Dagger Spray","floor":6},{"not_picked":["Accuracy","Distraction","Dagger Throw"],"picked":"SKIP","floor":8},{"not_picked":["Deadly Poison","Tactician"],"picked":"Crippling Poison","floor":10},{"not_picked":["Cloak And Dagger","Dagger Spray"],"picked":"Leg Sweep","floor":13},{"not_picked":["Prepared","All Out Attack","Heel Hook"],"picked":"SKIP","floor":14},{"not_picked":["Envenom","Storm of Steel"],"picked":"A Thousand Cuts","floor":16},{"not_picked":["Flying Knee","Deflect"],"picked":"PiercingWail+1","floor":18},{"not_picked":["Choke","Flying Knee"],"picked":"Backflip","floor":20},{"not_picked":["Concentrate+1","Dodge and Roll"],"picked":"Night Terror","floor":21},{"not_picked":["Underhanded Strike+1","Dodge and Roll"],"picked":"PiercingWail","floor":24},{"not_picked":["Sucker Punch","Dagger Throw","Slice"],"picked":"SKIP","floor":30}],"player_experience":913478,"relics_obtained":[{"floor":6,"key":"Pocketwatch"},{"floor":8,"key":"Potion Belt"},{"floor":10,"key":"Boot"},{"floor":26,"key":"Juzu Bracelet"},{"floor":30,"key":"Matryoshka"}],"event_choices":[{"damage_healed":0,"gold_gain":150,"player_choice":"AGREE","damage_taken":0,"max_hp_gain":0,"max_hp_loss":0,"event_name":"Liars Game","floor":2,"gold_loss":0,"cards_obtained":["Doubt"]},{"damage_healed":0,"gold_gain":0,"player_choice":"Lose Max HP","damage_taken":0,"relics_obtained":["Golden Idol"],"max_hp_gain":0,"max_hp_loss":6,"event_name":"Golden Idol","floor":4,"gold_loss":0},{"damage_healed":0,"gold_gain":0,"player_choice":"Entered Light","damage_taken":18,"max_hp_gain":0,"max_hp_loss":0,"event_name":"Shining Light","floor":7,"gold_loss":0,"cards_upgraded":["Defend_G","Survivor"]},{"damage_healed":0,"gold_gain":0,"player_choice":"Searched \u00270\u0027 times","damage_taken":0,"max_hp_gain":0,"max_hp_loss":0,"event_name":"Dead Adventurer","floor":12,"gold_loss":0},{"damage_healed":0,"gold_gain":0,"player_choice":"0 cards matched","damage_taken":0,"max_hp_gain":0,"max_hp_loss":0,"event_name":"Match and Keep!","floor":19,"gold_loss":0,"cards_obtained":[]},{"damage_healed":0,"gold_gain":0,"player_choice":"Rummage","damage_taken":0,"relics_obtained":["WarpedTongs"],"max_hp_gain":0,"max_hp_loss":0,"event_name":"Accursed Blacksmith","floor":22,"gold_loss":0,"cards_obtained":["Pain"]},{"cards_removed":["Backflip"],"damage_healed":0,"gold_gain":0,"player_choice":"Gave Card","damage_taken":0,"relics_obtained":["Tough Bandages"],"max_hp_gain":0,"max_hp_loss":0,"event_name":"WeMeetAgain","floor":27,"gold_loss":0}],"is_beta":false,"boss_relics":[{"not_picked":["Astrolabe","Runic Dome"],"picked":"Snecko Eye"}],"items_purged_floors":[5,28],"is_endless":false,"potions_floor_spawned":[8,13,16,20,30],"killed_by":"Automaton","ascension_level":20}