{"gold_per_floor":[118,268,116,128,45,76,93,93,93,112,112,130,160,6,6,80,80,97,97,109,127,27,27,46,46,46,46,78,88,13,13,13,92,142,162,179,198,122,122,150,150],"floor_reached":41,"playtime":4847,"items_purged":["Doubt","Eviscerate"],"score":1002,"play_id":"fe55d3fb-5ce5-4dd6-bea3-092397932fa9","local_time":"20190518183354","is_ascension_mode":true,"campfire_choices":[{"data":"Footwork","floor":11.0,"key":"SMITH"},{"floor":15.0,"key":"REST"},{"floor":23,"key":"REST"},{"data":"Night Terror","floor":27,"key":"SMITH"},{"floor":32,"key":"REST"}],"neow_cost":"NONE","seed_source_timestamp":150338256520683,"circlet_count":0,"master_deck":["AscendersBane","Survivor","Neutralize","All Out Attack","After Image","Predator","Footwork+1","Corpse Explosion","Cloak And Dagger","Deadly Poison","Escape Plan","PiercingWail","Adrenaline","Crippling Poison","Finisher","Outmaneuver","Cloak And Dagger","Backstab","Dodge and Roll","Night Terror+1","Setup","Blur","Footwork","Flying Knee+1","Glass Knife+1","Backflip+1","Malaise","Blade Dance+1","Leg Sweep","Crippling Poison","Flash of Steel","PiercingWail"],"special_seed":0,"relics":["Ring of the Snake","NeowsBlessing","Gremlin Horn","Pantograph","Happy Flower","Bronze Scales","Pandora\u0027s Box","Bottled Tornado","Ancient Tea Set","Tiny House","Ninja Scroll"],"potions_floor_usage":[16,33,41],"damage_taken":[{"damage":0.0,"enemies":"Jaw Worm","floor":1.0,"turns":1.0},{"damage":0.0,"enemies":"2 Louse","floor":4.0,"turns":2.0},{"damage":0.0,"enemies":"Gremlin Nob","floor":6.0,"turns":1.0},{"damage":0.0,"enemies":"Cultist","floor":7.0,"turns":4.0},{"damage":4.0,"enemies":"Lots of Slimes","floor":10.0,"turns":2.0},{"damage":4.0,"enemies":"2 Fungi Beasts","floor":12.0,"turns":4.0},{"damage":19.0,"enemies":"Lagavulin","floor":13.0,"turns":8.0},{"damage":50,"enemies":"Slime Boss","floor":16,"turns":12},{"damage":10,"enemies":"3 Byrds","floor":18,"turns":2},{"damage":26,"enemies":"Chosen","floor":20,"turns":7},{"damage":3,"enemies":"Shelled Parasite and Fungi","floor":21,"turns":6},{"damage":2,"enemies":"Centurion and Healer","floor":24,"turns":8},{"damage":16,"enemies":"Book of Stabbing","floor":28,"turns":8},{"damage":10,"enemies":"Snecko","floor":29,"turns":7},{"damage":15,"enemies":"Collector","floor":33,"turns":12},{"damage":23,"enemies":"3 Shapes","floor":35,"turns":3},{"damage":12,"enemies":"Orb Walker","floor":36,"turns":4},{"damage":0,"enemies":"3 Darklings","floor":37,"turns":4},{"damage":24,"enemies":"Nemesis","floor":40,"turns":15},{"damage":51,"enemies":"Transient","floor":41,"turns":4}],"seed_played":"2502833042348231259","potions_obtained":[{"floor":7.0,"key":"Fire Potion"},{"floor":10.0,"key":"SteroidPotion"},{"floor":13.0,"key":"PowerPotion"},{"floor":18,"key":"PowerPotion"},{"floor":34,"key":"Dexterity Potion"}],"is_trial":false,"path_per_floor":["M","?","$","M","$","E","M","?","T","M","R","M","E","$","R","B",null,"M","?","M","M","$","R","M","$","T","R","E","M","?","$","R","B",null,"M","M","M","$","?","E","M"],"character_chosen":"THE_SILENT","items_purchased":["After Image","Footwork","GhostInAJar","Crippling Poison"],"campfire_rested":3,"item_purchase_floors":[3,5,14,38],"current_hp_per_floor":[59,59,59,59,59,59,59,54,54,50,50,46,27,27,46,16,54,44,44,18,15,15,34,32,32,32,32,16,6,6,6,25,35,63,40,28,28,28,28,4,0],"gold":150,"neow_bonus":"THREE_ENEMY_KILL","is_prod":false,"is_daily":false,"chose_seed":false,"campfire_upgraded":2,"win_rate":0,"timestamp":1558218834,"path_taken":["M","?","$","M","$","E","M","?","T","M","R","M","E","$","R","BOSS","M","?","?","M","$","R","M","?","T","R","E","M","?","$","R","BOSS","M","M","M","$","?","E","M"],"build_version":"2019-01-23","purchased_purges":2,"victory":false,"max_hp_per_floor":[66,66,66,66,66,66,66,66,66,66,66,66,66,66,66,66,66,66,66,66,66,66,66,66,66,66,66,66,66,66,66,66,66,71,71,71,71,71,71,71,71],"card_choices":[{"not_picked":["Flying Knee","Sucker Punch"],"picked":"All Out Attack","floor":1.0},{"not_picked":["Setup","Slice"],"picked":"Predator","floor":4.0},{"not_picked":["Quick Slash","Acrobatics"],"picked":"Corpse Explosion","floor":6.0},{"not_picked":["Quick Slash","Heel Hook"],"picked":"Cloak And Dagger","floor":7.0},{"not_picked":["Dagger Spray","Eviscerate"],"picked":"Deadly Poison","floor":10.0},{"not_picked":["Quick Slash","Heel Hook"],"picked":"Escape Plan","floor":12.0},{"not_picked":["Predator","Finisher"],"picked":"PiercingWail","floor":13.0},{"not_picked":["Corpse Explosion","Burst"],"picked":"Adrenaline","floor":16},{"not_picked":["Sucker Punch","Slice","Deadly Poison"],"picked":"SKIP","floor":18},{"not_picked":["Reflex","Dash"],"picked":"Blur","floor":20},{"not_picked":["Escape Plan","Blade Dance"],"picked":"Footwork","floor":21},{"not_picked":["Flechettes","Distraction","Flying Knee+1"],"picked":"SKIP","floor":24},{"not_picked":["Flechettes","Distraction"],"picked":"Flying Knee+1","floor":24},{"not_picked":["Concentrate","All Out Attack"],"picked":"Glass Knife","floor":28},{"not_picked":["Slice","Outmaneuver"],"picked":"Backflip+1","floor":29},{"not_picked":["Unload","Bullet Time"],"picked":"Malaise","floor":33},{"not_picked":["Quick Slash","All Out Attack"],"picked":"Blade Dance+1","floor":34},{"not_picked":["Quick Slash","Tactician+1","Prepared"],"picked":"SKIP","floor":35},{"not_picked":["Skewer","Reflex","Flying Knee"],"picked":"SKIP","floor":36},{"not_picked":["Dagger Throw","Quick Slash+1"],"picked":"Leg Sweep","floor":37},{"not_picked":["Chrysalis","Metamorphosis"],"picked":"Flash of Steel","floor":39},{"not_picked":["All Out Attack+1","Bane+1"],"picked":"PiercingWail","floor":40}],"player_experience":843801,"relics_obtained":[{"floor":6.0,"key":"Gremlin Horn"},{"floor":9.0,"key":"Happy Flower"},{"floor":13.0,"key":"Bronze Scales"},{"floor":26,"key":"Bottled Tornado"},{"floor":28,"key":"Ancient Tea Set"},{"floor":40,"key":"Ninja Scroll"}],"event_choices":[{"damage_healed":0.0,"max_hp_gain":0.0,"max_hp_loss":0.0,"gold_gain":150.0,"event_name":"Liars Game","player_choice":"AGREE","floor":2.0,"gold_loss":0.0,"damage_taken":0.0,"cards_obtained":["Doubt"]},{"damage_healed":0.0,"max_hp_gain":0.0,"max_hp_loss":0.0,"gold_gain":0.0,"event_name":"Scrap Ooze","player_choice":"Success","floor":8.0,"gold_loss":0.0,"damage_taken":5.0,"relics_obtained":["Pantograph"]},{"damage_healed":0,"gold_gain":0,"player_choice":"Got Potions","damage_taken":0,"max_hp_gain":0,"max_hp_loss":0,"event_name":"Lab","floor":19,"gold_loss":0},{"cards_removed":["Underhanded Strike"],"damage_healed":0,"gold_gain":0,"player_choice":"Gave Gold","damage_taken":0,"max_hp_gain":0,"max_hp_loss":0,"event_name":"Beggar","floor":30,"gold_loss":75},{"damage_healed":0,"gold_gain":0,"player_choice":"Memory 1","damage_taken":0,"max_hp_gain":0,"max_hp_loss":0,"event_name":"SensoryStone","floor":39,"gold_loss":0}],"is_beta":false,"boss_relics":[{"not_picked":["Lizard Tail","Orrery"],"picked":"Pandora\u0027s Box"},{"not_picked":["Eternal Feather","Black Star"],"picked":"Tiny House"}],"items_purged_floors":[14,22],"is_endless":false,"potions_floor_spawned":[7,10,13,18,21,28,35,36],"killed_by":"Transient","ascension_level":20}