{"gold_per_floor":[114,114,39,39,39,39,79,79,106,142,142,165,180,200,200,200],"floor_reached":16,"playtime":849,"items_purged":["Strike_G"],"score":281,"play_id":"abd7fda6-c6ed-4b46-bfe7-a2924d73e624","local_time":"20190623233448","is_ascension_mode":true,"campfire_choices":[{"data":"Neutralize","floor":6,"key":"SMITH"},{"data":"Survivor","floor":8,"key":"SMITH"},{"data":"Acrobatics","floor":11,"key":"SMITH"},{"data":"Dodge and Roll","floor":15,"key":"SMITH"}],"neow_cost":"NONE","seed_source_timestamp":7555558070672,"circlet_count":0,"master_deck":["AscendersBane","Defend_G","Defend_G","Defend_G","Defend_G","Defend_G","Strike_G","Strike_G","Strike_G","Survivor+1","Neutralize+1","Acrobatics+1","Sucker Punch","PiercingWail","Dodge and Roll+1","Crippling Poison"],"relics":["Ring of the Snake","NeowsBlessing","Golden Idol","The Specimen","Bag of Marbles","Bag of Preparation","Boot"],"potions_floor_usage":[16,16],"damage_taken":[{"damage":0,"enemies":"Small Slimes","floor":1,"turns":1},{"damage":0,"enemies":"Gremlin Nob","floor":7,"turns":1},{"damage":0,"enemies":"Lagavulin","floor":10,"turns":1},{"damage":6,"enemies":"Jaw Worm","floor":13,"turns":3},{"damage":0,"enemies":"2 Louse","floor":14,"turns":2},{"damage":53,"enemies":"The Guardian","floor":16,"turns":19}],"seed_played":"3327290058631531840","potions_obtained":[{"floor":7,"key":"SpeedPotion"},{"floor":14,"key":"AttackPotion"}],"is_trial":false,"path_per_floor":["M","?","$","?","?","R","E","R","T","E","R","T","M","M","R","B"],"character_chosen":"THE_SILENT","items_purchased":[],"campfire_rested":0,"item_purchase_floors":[],"current_hp_per_floor":[59,59,59,59,59,59,59,59,59,59,59,59,53,53,53,0],"gold":200,"neow_bonus":"THREE_ENEMY_KILL","is_prod":false,"is_daily":false,"chose_seed":false,"campfire_upgraded":4,"win_rate":0,"timestamp":1561350888,"path_taken":["M","?","$","?","?","R","E","R","T","E","R","?","M","M","R","BOSS"],"build_version":"2019-01-23","purchased_purges":1,"victory":false,"max_hp_per_floor":[66,66,66,66,60,60,60,60,60,60,60,60,60,60,60,60],"card_choices":[{"not_picked":["Quick Slash","Setup"],"picked":"Acrobatics","floor":1},{"not_picked":["Dagger Throw","Underhanded Strike","Bane"],"picked":"SKIP","floor":7},{"not_picked":["Quick Slash","Storm of Steel"],"picked":"PiercingWail","floor":10},{"not_picked":["Heel Hook","Outmaneuver"],"picked":"Dodge and Roll","floor":13},{"not_picked":["PiercingWail","Expertise"],"picked":"Crippling Poison","floor":14}],"player_experience":1388015,"relics_obtained":[{"floor":7,"key":"The Specimen"},{"floor":9,"key":"Bag of Marbles"},{"floor":10,"key":"Bag of Preparation"},{"floor":12,"key":"Boot"}],"event_choices":[{"damage_healed":0,"gold_gain":0,"player_choice":"Leave","damage_taken":0,"max_hp_gain":0,"max_hp_loss":0,"event_name":"The Cleric","floor":2,"gold_loss":0},{"damage_healed":0,"gold_gain":0,"cards_transformed":["Strike_G"],"player_choice":"Change","damage_taken":0,"max_hp_gain":0,"max_hp_loss":0,"event_name":"Living Wall","floor":4,"gold_loss":0,"cards_obtained":["Sucker Punch"]},{"damage_healed":0,"gold_gain":0,"player_choice":"Lose Max HP","damage_taken":0,"relics_obtained":["Golden Idol"],"max_hp_gain":0,"max_hp_loss":6,"event_name":"Golden Idol","floor":5,"gold_loss":0}],"is_beta":false,"boss_relics":[],"items_purged_floors":[3],"is_endless":false,"potions_floor_spawned":[7,14],"killed_by":"The Guardian","ascension_level":16}