{"gold_per_floor":[112,112,37,54,54,87,87,118,142,157,168,188,5,34,34,112,112,126,144,162,37,55,81,101,22,22,55,70,70,102,114,114,193,193,209,209,123,137,157,192,192,221,221,71,71,71,71,105,105,105,105],"floor_reached":51,"playtime":3203,"items_purged":["Strike_G","Pain","Strike_G","Strike_G"],"score":1580,"play_id":"39cc879b-4620-44d8-bde7-06c980cd5f36","local_time":"20190818165945","is_ascension_mode":true,"campfire_choices":[{"data":"Neutralize","floor":7.0,"key":"SMITH"},{"floor":15.0,"key":"REST"},{"data":"Crippling Poison","floor":32.0,"key":"SMITH"},{"floor":45,"key":"RECALL"},{"data":"Malaise","floor":49,"key":"SMITH"}],"neow_cost":"NONE","seed_source_timestamp":152605449483200,"circlet_count":0,"master_deck":["AscendersBane","Strike_G","Strike_G","Defend_G","Defend_G","Defend_G+1","Defend_G","Defend_G","Survivor+1","Neutralize+1","Backstab","Well Laid Plans","Backstab","Predator","Cloak And Dagger","Noxious Fumes","Crippling Poison+1","Malaise+1","Deadly Poison","PiercingWail","Leg Sweep","PiercingWail","Backflip","PiercingWail+1","Caltrops","Corpse Explosion","Backflip+1","Footwork","Bouncing Flask","Caltrops+1","Doubt"],"special_seed":0,"relics":["Ring of the Snake","NeowsBlessing","WarpedTongs","Snake Skull","Blood Vial","Regal Pillow","Bag of Marbles","Coffee Dripper","War Paint","Letter Opener","Mercury Hourglass","Singing Bowl","Art of War","Velvet Choker","Molten Egg 2","Sundial","Prayer Wheel"],"potions_floor_usage":[51,51,51,51],"damage_taken":[{"damage":0.0,"enemies":"Jaw Worm","floor":1.0,"turns":1.0},{"damage":0.0,"enemies":"2 Louse","floor":4.0,"turns":2.0},{"damage":1.0,"enemies":"3 Sentries","floor":6.0,"turns":2.0},{"damage":20.0,"enemies":"Lagavulin","floor":8.0,"turns":5.0},{"damage":4.0,"enemies":"Cultist","floor":10.0,"turns":4.0},{"damage":11.0,"enemies":"Exordium Thugs","floor":11.0,"turns":7.0},{"damage":7.0,"enemies":"Exordium Wildlife","floor":12.0,"turns":7.0},{"damage":9.0,"enemies":"3 Sentries","floor":14.0,"turns":6.0},{"damage":9.0,"enemies":"Slime Boss","floor":16.0,"turns":7.0},{"damage":0.0,"enemies":"Chosen","floor":18.0,"turns":4.0},{"damage":4.0,"enemies":"Spheric Guardian","floor":19.0,"turns":4.0},{"damage":2.0,"enemies":"Snecko","floor":20.0,"turns":5.0},{"damage":0.0,"enemies":"Snake Plant","floor":22.0,"turns":4.0},{"damage":6.0,"enemies":"Book of Stabbing","floor":23.0,"turns":8.0},{"damage":5.0,"enemies":"Shelled Parasite and Fungi","floor":24.0,"turns":7.0},{"damage":7.0,"enemies":"Gremlin Leader","floor":27.0,"turns":6.0},{"damage":3.0,"enemies":"Centurion and Healer","floor":28.0,"turns":6.0},{"damage":4.0,"enemies":"Slavers","floor":30.0,"turns":6.0},{"damage":0.0,"enemies":"Sentry and Sphere","floor":31.0,"turns":4.0},{"damage":45.0,"enemies":"Collector","floor":33.0,"turns":10.0},{"damage":0.0,"enemies":"Orb Walker","floor":35.0,"turns":3.0},{"damage":4.0,"enemies":"3 Darklings","floor":38.0,"turns":3.0},{"damage":0.0,"enemies":"Maw","floor":39.0,"turns":8.0},{"damage":38.0,"enemies":"Giant Head","floor":40.0,"turns":8.0},{"damage":12.0,"enemies":"Reptomancer","floor":42.0,"turns":6.0},{"damage":25,"enemies":"Giant Head","floor":48,"turns":9},{"damage":42,"enemies":"Time Eater","floor":50,"turns":12},{"damage":20,"enemies":"Donu and Deca","floor":51,"turns":5}],"seed_played":"-3137251323289410665","potions_obtained":[{"floor":1.0,"key":"EntropicBrew"},{"floor":4.0,"key":"PowerPotion"},{"floor":12.0,"key":"Explosive Potion"},{"floor":23.0,"key":"Poison Potion"},{"floor":42.0,"key":"GamblersBrew"}],"is_trial":false,"path_per_floor":["M","?","$","M","?","E","R","E","T","M","M","M","$","E","R","B",null,"M","M","M","$","M","E","M","$","T","E","M","T","E","M","R","B",null,"M","?","$","M","M","E","?","E","T","$","R","$","?","E","R","B","B"],"character_chosen":"THE_SILENT","items_purchased":["Noxious Fumes","GhostInAJar","Footwork"],"campfire_rested":1,"item_purchase_floors":[13,25,37],"current_hp_per_floor":[59,64,64,64,64,63,63,43,43,41,32,27,27,20,56,49,66,68,66,66,66,68,64,61,61,61,56,55,55,53,57,57,14,58,60,60,60,58,60,26,28,20,20,20,20,20,79,56,56,16,0],"gold":105,"neow_bonus":"THREE_ENEMY_KILL","is_prod":false,"is_daily":false,"chose_seed":false,"campfire_upgraded":3,"win_rate":0,"timestamp":1566161985,"path_taken":["M","?","$","M","?","E","R","E","T","M","M","M","$","E","R","BOSS","M","M","M","?","M","E","M","$","T","E","M","?","E","?","R","BOSS","M","?","?","M","M","E","?","E","T","$","R","?","?","E","R","BOSS","BOSS"],"build_version":"2019-07-17","purchased_purges":4,"victory":false,"max_hp_per_floor":[66,71,71,71,71,71,71,71,71,71,71,71,71,71,71,71,71,71,71,71,71,71,71,71,71,71,71,71,71,71,73,73,73,73,73,73,73,73,73,75,77,79,79,79,79,79,79,81,81,81,81],"card_choices":[{"not_picked":["Blur","Backflip"],"picked":"Backstab","floor":1.0},{"not_picked":["Slice","Catalyst","Expertise"],"picked":"SKIP","floor":4.0},{"not_picked":["Dagger Spray","Dodge and Roll"],"picked":"Well Laid Plans","floor":6.0},{"not_picked":["Blur","Masterful Stab"],"picked":"Backstab","floor":8.0},{"not_picked":["Sucker Punch","Deflect","Bane"],"picked":"SKIP","floor":10.0},{"not_picked":["Sucker Punch","Deflect","Bane"],"picked":"SKIP","floor":10.0},{"not_picked":["Deflect","Outmaneuver"],"picked":"Predator","floor":11.0},{"not_picked":["Calculated Gamble","Concentrate"],"picked":"Cloak And Dagger","floor":12.0},{"not_picked":["Bane","Bouncing Flask"],"picked":"Crippling Poison","floor":14.0},{"not_picked":["Glass Knife","Phantasmal Killer"],"picked":"Malaise","floor":16.0},{"not_picked":["Sucker Punch","Infinite Blades","Deflect"],"picked":"SKIP","floor":18.0},{"not_picked":["Outmaneuver","Slice"],"picked":"Deadly Poison","floor":19.0},{"not_picked":["Backflip","Tactician"],"picked":"PiercingWail","floor":20.0},{"not_picked":["Well Laid Plans","PiercingWail"],"picked":"Leg Sweep","floor":22.0},{"not_picked":["Blade Dance","Deadly Poison"],"picked":"PiercingWail","floor":23.0},{"not_picked":["Finisher","Slice"],"picked":"Backflip","floor":24.0},{"not_picked":["Underhanded Strike+1","Tools of the Trade"],"picked":"PiercingWail+1","floor":27.0},{"not_picked":["Deflect","Slice","Blade Dance"],"picked":"SKIP","floor":28.0},{"not_picked":["Predator","Outmaneuver"],"picked":"Caltrops","floor":30.0},{"not_picked":["Deflect","Flying Knee","Reflex"],"picked":"Singing Bowl","floor":31.0},{"not_picked":["Adrenaline","After Image"],"picked":"Corpse Explosion","floor":33.0},{"not_picked":["Bane","Masterful Stab+1"],"picked":"Backflip+1","floor":35.0},{"not_picked":["Tactician","Poisoned Stab"],"picked":"Bouncing Flask","floor":38.0},{"not_picked":["Outmaneuver","Backstab+1"],"picked":"Caltrops+1","floor":39.0},{"not_picked":["Prepared+1","Calculated Gamble","Predator"],"picked":"Singing Bowl","floor":40.0},{"not_picked":["Flash of Steel+1","Blind","Apotheosis"],"picked":"Singing Bowl","floor":41.0},{"not_picked":["Cloak And Dagger","All Out Attack+1","Concentrate"],"picked":"Singing Bowl","floor":42.0},{"not_picked":["Blade Dance","Underhanded Strike+1","Grand Finale+1"],"picked":"Singing Bowl","floor":48}],"player_experience":1011027,"relics_obtained":[{"floor":6.0,"key":"Snake Skull"},{"floor":8.0,"key":"Blood Vial"},{"floor":9.0,"key":"Regal Pillow"},{"floor":14.0,"key":"Bag of Marbles"},{"floor":23.0,"key":"War Paint"},{"floor":26.0,"key":"Letter Opener"},{"floor":27.0,"key":"Mercury Hourglass"},{"floor":29.0,"key":"Singing Bowl"},{"floor":30.0,"key":"Art of War"},{"floor":40.0,"key":"Molten Egg 2"},{"floor":42.0,"key":"Sundial"},{"floor":48,"key":"Prayer Wheel"}],"event_choices":[{"damage_healed":0.0,"max_hp_gain":5.0,"max_hp_loss":0.0,"gold_gain":0.0,"event_name":"Big Fish","player_choice":"Donut","floor":2.0,"gold_loss":0.0,"damage_taken":0.0},{"damage_healed":0.0,"max_hp_gain":0.0,"max_hp_loss":0.0,"gold_gain":0.0,"event_name":"Accursed Blacksmith","player_choice":"Rummage","floor":5.0,"gold_loss":0.0,"damage_taken":0.0,"relics_obtained":["WarpedTongs"],"cards_obtained":["Pain"]},{"damage_healed":0.0,"max_hp_gain":0.0,"max_hp_loss":0.0,"gold_gain":0.0,"event_name":"SecretPortal","player_choice":"Ignored","floor":36.0,"gold_loss":0.0,"damage_taken":0.0},{"damage_healed":0.0,"max_hp_gain":0.0,"max_hp_loss":0.0,"gold_gain":0.0,"event_name":"SensoryStone","player_choice":"Memory 1","floor":41.0,"gold_loss":0.0,"damage_taken":0.0},{"damage_healed":59,"gold_gain":0,"player_choice":"Heal","damage_taken":0,"max_hp_gain":0,"max_hp_loss":0,"event_name":"MindBloom","floor":47,"gold_loss":0,"cards_obtained":["Doubt"]}],"is_beta":false,"boss_relics":[{"not_picked":["Busted Crown","WristBlade"],"picked":"Coffee Dripper"},{"not_picked":["Cursed Key","Calling Bell"],"picked":"Velvet Choker"}],"items_purged_floors":[3,13,21,44],"is_endless":false,"potions_floor_spawned":[1,4,12,14,16,23,24,27,31,33,38,42,48],"killed_by":"Donu and Deca","ascension_level":20}