{"gold_per_floor":[110,35,55,55,55,55,88,88,108,124,136,147,159,159,159,159],"floor_reached":16,"playtime":269,"items_purged":[],"score":269,"play_id":"c2213c10-b192-4674-bb06-82f63aeb3df0","local_time":"20190806110119","is_ascension_mode":true,"campfire_choices":[{"data":"Bash","floor":6,"key":"SMITH"},{"data":"True Grit","floor":8,"key":"SMITH"},{"data":"Clothesline","floor":15,"key":"SMITH"}],"neow_cost":"NONE","seed_source_timestamp":53444406160111,"circlet_count":0,"master_deck":["AscendersBane","Strike_R","Strike_R","Strike_R","Strike_R","Defend_R","Defend_R","Defend_R","Defend_R","Bash+1","True Grit+1","Clothesline+1","Shockwave","Battle Trance"],"relics":["Burning Blood","NeowsBlessing","Happy Flower","Golden Idol","Mummified Hand","Gremlin Horn","Smiling Mask"],"potions_floor_usage":[16,16],"damage_taken":[{"damage":0,"enemies":"Small Slimes","floor":1,"turns":1},{"damage":0,"enemies":"Gremlin Nob","floor":7,"turns":1},{"damage":0,"enemies":"Jaw Worm","floor":10,"turns":1},{"damage":3,"enemies":"2 Louse","floor":11,"turns":3},{"damage":0,"enemies":"Exordium Wildlife","floor":12,"turns":3},{"damage":7,"enemies":"Large Slime","floor":13,"turns":5},{"damage":62,"enemies":"Hexaghost","floor":16,"turns":9}],"seed_played":"301326269780486506","potions_obtained":[{"floor":1,"key":"SteroidPotion"},{"floor":12,"key":"SpeedPotion"}],"is_trial":false,"path_per_floor":["M","?","T","?","T","R","E","R","T","M","M","M","M","?","R","B"],"character_chosen":"IRONCLAD","items_purchased":[],"campfire_rested":0,"item_purchase_floors":[],"current_hp_per_floor":[73,73,73,47,47,47,52,52,52,57,59,64,62,62,62,0],"gold":159,"neow_bonus":"THREE_ENEMY_KILL","is_prod":false,"is_daily":false,"chose_seed":false,"campfire_upgraded":3,"win_rate":0,"timestamp":1565064079,"path_taken":["M","?","?","?","?","R","E","R","T","M","M","M","?","?","R","BOSS"],"build_version":"2019-07-18","purchased_purges":0,"victory":false,"max_hp_per_floor":[75,75,75,75,75,75,75,75,75,75,75,75,75,75,75,75],"card_choices":[{"not_picked":["Blood for Blood","Sever Soul","Twin Strike"],"picked":"SKIP","floor":1},{"not_picked":["Clash","Corruption"],"picked":"True Grit","floor":7},{"not_picked":["Intimidate","Iron Wave"],"picked":"Clothesline","floor":10},{"not_picked":["Cleave","Thunderclap"],"picked":"Shockwave","floor":11},{"not_picked":["Anger","Heavy Blade"],"picked":"Battle Trance","floor":12},{"not_picked":["Barricade","Warcry","Twin Strike"],"picked":"SKIP","floor":13}],"player_experience":1048521,"relics_obtained":[{"floor":3,"key":"Happy Flower"},{"floor":5,"key":"Mummified Hand"},{"floor":7,"key":"Gremlin Horn"},{"floor":9,"key":"Smiling Mask"}],"event_choices":[{"cards_removed":["Strike_R"],"damage_healed":0,"gold_gain":0,"player_choice":"Card Removal","damage_taken":0,"max_hp_gain":0,"max_hp_loss":0,"event_name":"The Cleric","floor":2,"gold_loss":75},{"damage_healed":0,"gold_gain":0,"player_choice":"Take Damage","damage_taken":26,"relics_obtained":["Golden Idol"],"max_hp_gain":0,"max_hp_loss":0,"event_name":"Golden Idol","floor":4,"gold_loss":0},{"damage_healed":0,"gold_gain":0,"player_choice":"Ignored","damage_taken":0,"max_hp_gain":0,"max_hp_loss":0,"event_name":"Liars Game","floor":14,"gold_loss":0}],"is_beta":true,"boss_relics":[],"items_purged_floors":[],"is_endless":false,"potions_floor_spawned":[1,12],"killed_by":"Hexaghost","ascension_level":23}