{"gold_per_floor":[113,127,140,34,49,77,77,105,105,105,51,77,77,77,77,149,149,163,173,187,187,198,198],"floor_reached":23,"playtime":1102,"items_purged":[],"score":522,"play_id":"0487b6c7-24a7-4398-af08-7e5f94ad573e","local_time":"20190612223423","is_ascension_mode":true,"campfire_choices":[{"data":"Neutralize","floor":7,"key":"SMITH"},{"floor":10,"key":"REST"},{"floor":13,"key":"REST"},{"data":"Footwork","floor":15,"key":"SMITH"}],"neow_cost":"NONE","seed_source_timestamp":19093449680280,"circlet_count":0,"master_deck":["AscendersBane","Defend_G","Defend_G","Defend_G","Defend_G","Defend_G","Strike_G","Strike_G","Strike_G","Strike_G","Survivor","Neutralize+1","Poisoned Stab","Caltrops","All Out Attack","Deadly Poison","Quick Slash","Footwork+1","Backflip","Poisoned Stab","Malaise","Decay","Footwork","Well Laid Plans","Sucker Punch+1","Acrobatics"],"special_seed":0,"relics":["Ring of the Snake","NeowsBlessing","Oddly Smooth Stone","Omamori","Ancient Tea Set","Letter Opener","Calling Bell","Bag of Marbles","Meat on the Bone","Tough Bandages","Pen Nib"],"potions_floor_usage":[8,8,16,22],"damage_taken":[{"damage":0.0,"enemies":"Cultist","floor":1.0,"turns":1.0},{"damage":0.0,"enemies":"Small Slimes","floor":2.0,"turns":1.0},{"damage":0.0,"enemies":"2 Louse","floor":3.0,"turns":1.0},{"damage":4.0,"enemies":"Lots of Slimes","floor":5.0,"turns":2.0},{"damage":17.0,"enemies":"3 Sentries","floor":6.0,"turns":8.0},{"damage":20,"enemies":"Lagavulin","floor":8,"turns":6},{"damage":32,"enemies":"Gremlin Nob","floor":12,"turns":4},{"damage":0,"enemies":"The Guardian","floor":16,"turns":11},{"damage":17,"enemies":"3 Byrds","floor":18,"turns":4},{"damage":7,"enemies":"Spheric Guardian","floor":19,"turns":5},{"damage":20,"enemies":"Snecko","floor":20,"turns":9},{"damage":9,"enemies":"Snake Plant","floor":22,"turns":6},{"damage":47,"enemies":"Slavers","floor":23,"turns":4}],"seed_played":"-5345036626917564781","potions_obtained":[{"floor":5.0,"key":"Fire Potion"},{"floor":6.0,"key":"FearPotion"},{"floor":12,"key":"AttackPotion"},{"floor":18,"key":"GamblersBrew"},{"floor":20,"key":"Regen Potion"}],"is_trial":false,"path_per_floor":["M","M","M","$","M","E","R","E","T","R","$","E","R","?","R","B",null,"M","M","M","?","M","E"],"character_chosen":"THE_SILENT","items_purchased":["Poison Potion","Poison Potion","Backflip"],"campfire_rested":2,"item_purchase_floors":[4,4,11],"current_hp_per_floor":[59,59,59,59,55,38,38,18,18,37,37,5,24,24,24,24,56,39,44,36,36,39,0],"gold":198,"neow_bonus":"THREE_ENEMY_KILL","is_prod":false,"is_daily":false,"chose_seed":false,"campfire_upgraded":2,"win_rate":0,"timestamp":1560393263,"path_taken":["M","?","M","$","M","E","R","E","T","R","$","E","R","?","R","BOSS","M","?","M","?","M","E"],"build_version":"2019-01-23","purchased_purges":0,"victory":false,"max_hp_per_floor":[66,66,66,66,66,66,66,66,66,66,66,66,66,66,66,66,66,66,66,66,66,66,66],"card_choices":[{"not_picked":["Slice","Acrobatics"],"picked":"Poisoned Stab","floor":1.0},{"not_picked":["Outmaneuver","Sucker Punch"],"picked":"Caltrops","floor":2.0},{"not_picked":["Flechettes","Prepared"],"picked":"All Out Attack","floor":3.0},{"not_picked":["Bouncing Flask","All Out Attack"],"picked":"Deadly Poison","floor":5.0},{"not_picked":["Cloak And Dagger","Accuracy"],"picked":"Quick Slash","floor":6.0},{"not_picked":["Burst","All Out Attack"],"picked":"Footwork","floor":8},{"not_picked":["Reflex","All Out Attack","Concentrate"],"picked":"SKIP","floor":12},{"not_picked":["Tools of the Trade","Storm of Steel"],"picked":"Malaise","floor":16},{"not_picked":["Noxious Fumes","Deadly Poison"],"picked":"Footwork","floor":18},{"not_picked":["Deflect","Dagger Spray"],"picked":"Well Laid Plans","floor":19},{"not_picked":["Flying Knee","Endless Agony+1"],"picked":"Sucker Punch+1","floor":20},{"not_picked":["Bullet Time","Riddle With Holes"],"picked":"Acrobatics","floor":22}],"player_experience":932509,"relics_obtained":[{"floor":6.0,"key":"Oddly Smooth Stone"},{"floor":8,"key":"Omamori"},{"floor":9,"key":"Ancient Tea Set"},{"floor":12,"key":"Letter Opener"},{"floor":17,"key":"Bag of Marbles"},{"floor":17,"key":"Meat on the Bone"},{"floor":17,"key":"Tough Bandages"}],"event_choices":[{"damage_healed":0,"gold_gain":0,"cards_transformed":["Strike_G"],"player_choice":"Transformed","damage_taken":0,"max_hp_gain":0,"max_hp_loss":0,"event_name":"Transmorgrifier","floor":14,"gold_loss":0,"cards_obtained":["Poisoned Stab"]},{"damage_healed":0,"gold_gain":0,"player_choice":"Gave Potion","damage_taken":0,"relics_obtained":["Pen Nib"],"max_hp_gain":0,"max_hp_loss":0,"event_name":"WeMeetAgain","floor":21,"gold_loss":0}],"is_beta":false,"boss_relics":[{"not_picked":["Ring of the Serpent","Empty Cage"],"picked":"Calling Bell"}],"items_purged_floors":[],"is_endless":false,"potions_floor_spawned":[5,6,12,18,20],"killed_by":"Slavers","ascension_level":20}