{"gold_per_floor":[144,27,72,117,147,237,237,282,282,372,372,397,397,442,442,742,742,787,832,857,902,947,1037,1037,1082,1157,1247,1292,1337,1427,1502,1502,1802,1802,1847,1847,633,678,723,813,813,903,903,0,0,45,90,90],"floor_reached":48,"playtime":1319,"items_purged":[],"score":789,"play_id":"c22f5268-7361-4cf4-89fe-f68b27817514","local_time":"20180905210257","daily_mods":["Heirloom","Midas","Lethality"],"is_ascension_mode":false,"campfire_choices":[{"floor":7,"key":"REST"},{"floor":13,"key":"REST"},{"floor":15,"key":"REST"},{"floor":24,"key":"REST"},{"floor":32,"key":"REST"},{"floor":41,"key":"REST"}],"neow_cost":"","seed_source_timestamp":0,"circlet_count":0,"master_deck":["Strike_R+1","Strike_R+1","Strike_R+1","Strike_R+1","Strike_R+1","Defend_R+1","Defend_R+1","Defend_R+1","Defend_R+1","Bash+1","Hemokinesis+1","Flex+1","Thunderclap+1","Cleave+1","Warcry+1","Heavy Blade+1","Thunderclap+1","Shrug It Off+1","Thunderclap+1","Impervious+1","Sword Boomerang+1","Disarm+1","Shrug It Off+1","Cleave+1","Headbutt+1","Havoc+1","Whirlwind+1","True Grit+1","Uppercut+1","Metallicize+1","Demon Form+1","Warcry+1","Metallicize","Armaments","Rage","Perfected Strike","Body Slam","Panacea","The Bomb","Thunderclap","Feel No Pain","Shrug It Off+1","Armaments+1","Dramatic Entrance+1","Good Instincts","Flash of Steel+1","Metallicize","Flex+1"],"special_seed":17779,"relics":["Burning Blood","Unceasing Top","Tiny Chest","Torii","Oddly Smooth Stone","Vajra","FaceOfCleric","Orichalcum","Sozu","Strawberry","Ginger","Mercury Hourglass","Pen Nib","Bottled Lightning","Question Card","Busted Crown","Mark of the Bloom","TheAbacus","Bird Faced Urn","Red Skull","The Courier","Bottled Flame","Molten Egg 2","Red Mask"],"potions_floor_usage":[6,6,48,48],"damage_taken":[{"damage":0,"enemies":"Cultist","floor":1,"turns":2},{"damage":0,"enemies":"Small Slimes","floor":3,"turns":2},{"damage":0,"enemies":"2 Louse","floor":4,"turns":1},{"damage":6,"enemies":"Lagavulin","floor":6,"turns":3},{"damage":3,"enemies":"Exordium Wildlife","floor":8,"turns":2},{"damage":15,"enemies":"3 Sentries","floor":10,"turns":3},{"damage":3,"enemies":"Red Slaver","floor":14,"turns":1},{"damage":3,"enemies":"Slime Boss","floor":16,"turns":4},{"damage":3,"enemies":"Spheric Guardian","floor":18,"turns":3},{"damage":3,"enemies":"3 Byrds","floor":19,"turns":3},{"damage":3,"enemies":"Snake Plant","floor":21,"turns":3},{"damage":4,"enemies":"3 Cultists","floor":22,"turns":3},{"damage":28,"enemies":"Slavers","floor":23,"turns":4},{"damage":6,"enemies":"Centurion and Healer","floor":25,"turns":3},{"damage":28,"enemies":"Book of Stabbing","floor":27,"turns":3},{"damage":12,"enemies":"Snecko","floor":28,"turns":3},{"damage":0,"enemies":"3 Cultists","floor":29,"turns":3},{"damage":3,"enemies":"Gremlin Leader","floor":30,"turns":2},{"damage":58,"enemies":"Automaton","floor":33,"turns":7},{"damage":0,"enemies":"Orb Walker","floor":35,"turns":2},{"damage":0,"enemies":"3 Darklings","floor":38,"turns":3},{"damage":20,"enemies":"Maw","floor":39,"turns":5},{"damage":27,"enemies":"Nemesis","floor":40,"turns":5},{"damage":11,"enemies":"2 Orb Walkers","floor":42,"turns":2},{"damage":0,"enemies":"Spire Growth","floor":46,"turns":2},{"damage":0,"enemies":"Reptomancer","floor":47,"turns":2},{"damage":33,"enemies":"Nemesis","floor":48,"turns":4}],"seed_played":"-4275745277921961061","potions_obtained":[{"floor":1,"key":"Fire Potion"},{"floor":3,"key":"SpeedPotion"},{"floor":10,"key":"EssenceOfSteel"},{"floor":14,"key":"EssenceOfSteel"}],"is_trial":false,"path_per_floor":["M","$","M","M","?","E","R","M","T","E","?","T","R","M","R","B",null,"M","M","T","M","M","E","R","M","T","E","M","M","E","T","R","B",null,"M","?","$","M","M","E","R","E","T","?","?","M","M"],"character_chosen":"IRONCLAD","items_purchased":["Flex","Thunderclap","Fire Potion","TheAbacus","Metallicize","Armaments","Rage","Perfected Strike","Body Slam","Panacea","The Bomb","Bird Faced Urn","Red Skull"],"campfire_rested":6,"item_purchase_floors":[2,2,2,37,37,37,37,37,37,37,37,37,37],"current_hp_per_floor":[80,80,80,80,80,80,80,80,80,71,71,71,80,81,81,82,82,83,84,91,92,93,72,94,95,95,74,69,76,80,80,99,48,100,101,101,101,101,81,54,54,43,43,43,33,33,33,0],"gold":90,"neow_bonus":"","is_prod":false,"is_daily":true,"chose_seed":false,"campfire_upgraded":0,"win_rate":0,"timestamp":1536156177,"path_taken":["M","?","?","M","?","E","R","M","T","E","?","?","R","?","R","BOSS","M","M","?","M","M","E","R","M","T","E","?","M","E","?","R","BOSS","M","?","$","M","M","E","R","E","T","?","?","M","M","E"],"build_version":"2018-09-04-v2","purchased_purges":0,"victory":false,"max_hp_per_floor":[80,80,80,80,80,80,80,80,80,80,80,80,80,81,81,82,82,83,84,91,92,93,94,94,95,95,96,97,98,99,99,99,100,100,101,101,101,102,103,104,104,105,105,105,105,106,107,107],"card_choices":[{"not_picked":["Searing Blow","Combust"],"picked":"Hemokinesis","floor":1},{"not_picked":["Anger","Body Slam"],"picked":"Cleave","floor":3},{"not_picked":["Intimidate","Anger"],"picked":"Warcry","floor":4},{"not_picked":["Brutality","Armaments"],"picked":"Heavy Blade","floor":6},{"not_picked":["Searing Blow","Spot Weakness"],"picked":"Thunderclap","floor":8},{"not_picked":["Cleave","Perfected Strike"],"picked":"Shrug It Off","floor":10},{"not_picked":["Headbutt","Twin Strike"],"picked":"Thunderclap","floor":14},{"not_picked":["Fiend Fire","Exhume"],"picked":"Impervious","floor":16},{"not_picked":["Infernal Blade","Armaments+1"],"picked":"Sword Boomerang+1","floor":18},{"not_picked":["Heavy Blade+1","Havoc"],"picked":"Disarm+1","floor":19},{"not_picked":["Iron Wave","Shockwave"],"picked":"Shrug It Off+1","floor":21},{"not_picked":["Searing Blow","Entrench"],"picked":"Cleave","floor":22},{"not_picked":["Berserk","Burning Pact"],"picked":"Headbutt","floor":23},{"not_picked":["Flex","Spot Weakness+1"],"picked":"Havoc+1","floor":25},{"not_picked":["Impervious","Uppercut"],"picked":"Whirlwind","floor":27},{"not_picked":["Clash","Body Slam"],"picked":"True Grit","floor":28},{"not_picked":["Brutality","Sever Soul+1"],"picked":"Uppercut","floor":29},{"not_picked":["Evolve+1","Disarm+1"],"picked":"Metallicize+1","floor":30},{"not_picked":["Dark Embrace","Immolate","Exhume"],"picked":"Demon Form","floor":33},{"not_picked":["Reckless Charge+1"],"picked":"Warcry+1","floor":35},{"not_picked":["Havoc+1"],"picked":"Thunderclap","floor":38},{"not_picked":["Body Slam"],"picked":"Feel No Pain","floor":39},{"not_picked":["Cleave+1"],"picked":"Shrug It Off+1","floor":40},{"not_picked":["Wild Strike"],"picked":"Armaments+1","floor":42},{"not_picked":["Panacea"],"picked":"Dramatic Entrance+1","floor":45},{"not_picked":["Sadistic Nature"],"picked":"Good Instincts","floor":45},{"not_picked":["Secret Weapon"],"picked":"Flash of Steel+1","floor":45},{"not_picked":["Feel No Pain"],"picked":"Metallicize","floor":46},{"not_picked":["Carnage+1"],"picked":"Flex+1","floor":47}],"player_experience":337668,"relics_obtained":[{"floor":6,"key":"Torii"},{"floor":9,"key":"Oddly Smooth Stone"},{"floor":10,"key":"Vajra"},{"floor":12,"key":"Orichalcum"},{"floor":20,"key":"Strawberry"},{"floor":23,"key":"Ginger"},{"floor":26,"key":"Mercury Hourglass"},{"floor":27,"key":"Pen Nib"},{"floor":30,"key":"Bottled Lightning"},{"floor":31,"key":"Question Card"},{"floor":40,"key":"The Courier"},{"floor":42,"key":"Bottled Flame"},{"floor":43,"key":"Molten Egg 2"}],"event_choices":[{"event_name":"WeMeetAgain","player_choice":"Potion","floor":5,"damage_taken":0},{"event_name":"FaceTrader","player_choice":"Trade","floor":11,"damage_taken":0},{"event_name":"MindBloom","player_choice":"Upgrade","floor":36,"damage_taken":0},{"event_name":"Tomb of Lord Red Mask","player_choice":"Paid","floor":44,"damage_taken":0},{"event_name":"SensoryStone","player_choice":"Memory 3","floor":45,"damage_taken":0}],"is_beta":true,"boss_relics":[{"not_picked":["Tiny House","Lizard Tail"],"picked":"Sozu"},{"not_picked":["Runic Cube","Empty Cage"],"picked":"Busted Crown"}],"items_purged_floors":[],"is_endless":false,"potions_floor_spawned":[1,3,10,14,21,23,28,30,35,42,47],"killed_by":"Nemesis","ascension_level":0}