{"gold_per_floor":[10,30,30,40,40,75,75,102,180,210,227,227,237,44,44,147,147,164,164,175,31,31,31,59,59,59,74,74,74,74,91,91,91],"floor_reached":33,"playtime":3769,"items_purged":["Strike_G"],"score":298,"play_id":"764f76f8-4437-44cd-a543-9fe1ae9b0a7c","local_time":"20190626234149","is_ascension_mode":false,"campfire_choices":[{"data":"Distraction","floor":7.0,"key":"SMITH"},{"floor":15.0,"key":"REST"},{"floor":23,"key":"REST"},{"floor":32,"key":"REST"}],"neow_cost":"NO_GOLD","seed_source_timestamp":0,"circlet_count":0,"master_deck":["Defend_G+1","Defend_G+1","Defend_G+1","Defend_G+1","Defend_G+1","Strike_G+1","Strike_G+1","Strike_G+1","Strike_G+1","Survivor","Neutralize","Apotheosis+1","Madness","Skewer","Distraction+1","Phantasmal Killer","Expertise","Riddle With Holes","Dodge and Roll","Dash+1","Magnetism","Die Die Die+1","Dodge and Roll+1","Deflect","Glass Knife+1","Blur","RitualDagger+1"],"special_seed":0,"relics":["Ring of the Serpent","The Specimen","Lantern","Molten Egg 2","Vajra","Question Card","Singing Bowl","Peace Pipe"],"potions_floor_usage":[27,31,31,31],"damage_taken":[{"damage":0.0,"enemies":"Cultist","floor":1.0,"turns":4.0},{"damage":0.0,"enemies":"Jaw Worm","floor":2.0,"turns":2.0},{"damage":0.0,"enemies":"2 Louse","floor":4.0,"turns":4.0},{"damage":0.0,"enemies":"Gremlin Nob","floor":6.0,"turns":3.0},{"damage":14.0,"enemies":"3 Sentries","floor":8.0,"turns":5.0},{"damage":6.0,"enemies":"Looter","floor":11.0,"turns":4.0},{"damage":5.0,"enemies":"Blue Slaver","floor":13.0,"turns":3.0},{"damage":18.0,"enemies":"Slime Boss","floor":16.0,"turns":9.0},{"damage":24,"enemies":"2 Thieves","floor":18,"turns":4},{"damage":10,"enemies":"Shell Parasite","floor":20,"turns":8},{"damage":25,"enemies":"Gremlin Leader","floor":24,"turns":6},{"damage":9,"enemies":"Snecko","floor":27,"turns":5},{"damage":6,"enemies":"3 Cultists","floor":31,"turns":5},{"damage":43,"enemies":"Champ","floor":33,"turns":16}],"seed_played":"-8235389544060602016","potions_obtained":[{"floor":6.0,"key":"GamblersBrew"},{"floor":8.0,"key":"GamblersBrew"},{"floor":13.0,"key":"Poison Potion"},{"floor":18,"key":"SteroidPotion"},{"floor":24,"key":"EssenceOfSteel"},{"floor":27,"key":"Swift Potion"}],"is_trial":false,"path_per_floor":["M","M","?","M","?","E","R","E","T","?","M","T","M","$","R","B",null,"M","?","M","$","?","R","E","?","T","M","?","$","?","M","R","B"],"character_chosen":"THE_SILENT","items_purchased":["Magnetism","Glass Knife+1"],"campfire_rested":3,"item_purchase_floors":[14,21],"current_hp_per_floor":[70,70,70,70,70,70,70,56,56,56,50,50,45,45,66,48,70,46,33,23,23,23,45,20,14,14,7,7,7,7,3,26,0],"gold":91,"neow_bonus":"RANDOM_COLORLESS_2","is_prod":false,"is_daily":false,"chose_seed":false,"campfire_upgraded":1,"win_rate":0.0,"timestamp":1561610509,"path_taken":["M","M","?","M","?","E","R","E","T","?","M","?","M","$","R","BOSS","M","?","M","$","?","R","E","?","T","M","?","?","?","M","R","BOSS"],"build_version":"2019-01-23","purchased_purges":1,"victory":false,"max_hp_per_floor":[70,70,70,70,70,70,70,70,70,70,70,70,70,70,70,70,70,70,75,75,75,75,75,75,75,75,77,77,77,77,79,79,79],"card_choices":[{"not_picked":["Quick Slash","PiercingWail"],"picked":"Skewer","floor":1.0},{"not_picked":["Masterful Stab","Blade Dance"],"picked":"Distraction","floor":2.0},{"not_picked":["Prepared","Quick Slash"],"picked":"Phantasmal Killer","floor":4.0},{"not_picked":["Underhanded Strike","Slice"],"picked":"Expertise","floor":6.0},{"not_picked":["Deadly Poison","Prepared"],"picked":"Riddle With Holes","floor":8.0},{"not_picked":["Outmaneuver","Underhanded Strike+1"],"picked":"Dodge and Roll","floor":11.0},{"not_picked":["Poisoned Stab+1","Outmaneuver"],"picked":"Dash+1","floor":13.0},{"not_picked":["Night Terror","Unload+1"],"picked":"Die Die Die+1","floor":16.0},{"not_picked":["PiercingWail","Finisher+1"],"picked":"Dodge and Roll+1","floor":18},{"not_picked":["Acrobatics","Reflex"],"picked":"Deflect","floor":20},{"not_picked":["Acrobatics","Caltrops+1"],"picked":"Blur","floor":24},{"not_picked":["Terror+1","Dodge and Roll","PiercingWail","Prepared"],"picked":"Singing Bowl","floor":27},{"not_picked":["Backflip","Finisher+1","Bouncing Flask","Calculated Gamble"],"picked":"Singing Bowl","floor":31}],"player_experience":84254,"relics_obtained":[{"floor":6.0,"key":"The Specimen"},{"floor":8.0,"key":"Lantern"},{"floor":9.0,"key":"Molten Egg 2"},{"floor":12.0,"key":"Vajra"},{"floor":24,"key":"Question Card"},{"floor":26,"key":"Singing Bowl"},{"floor":30,"key":"Peace Pipe"}],"event_choices":[{"damage_healed":0.0,"max_hp_gain":0.0,"max_hp_loss":0.0,"gold_gain":0.0,"event_name":"Liars Game","player_choice":"Ignored","floor":3.0,"gold_loss":0.0,"damage_taken":0.0},{"damage_healed":0.0,"max_hp_gain":0.0,"max_hp_loss":0.0,"gold_gain":0.0,"event_name":"Living Wall","player_choice":"Grow","floor":5.0,"gold_loss":0.0,"damage_taken":0.0,"cards_upgraded":["Apotheosis"]},{"damage_healed":0.0,"max_hp_gain":0.0,"max_hp_loss":0.0,"gold_gain":30.0,"event_name":"Dead Adventurer","player_choice":"Searched \u00271\u0027 times","floor":10.0,"gold_loss":0.0,"damage_taken":0.0},{"damage_healed":0,"gold_gain":0,"player_choice":"Shed Blood","damage_taken":18,"max_hp_gain":5,"max_hp_loss":0,"event_name":"Forgotten Altar","floor":19,"gold_loss":0},{"damage_healed":0,"gold_gain":0,"player_choice":"Ignored","damage_taken":0,"max_hp_gain":0,"max_hp_loss":0,"event_name":"Beggar","floor":22,"gold_loss":0},{"damage_healed":0,"gold_gain":0,"player_choice":"Joined the Cult","damage_taken":6,"max_hp_gain":0,"max_hp_loss":0,"event_name":"Nest","floor":25,"gold_loss":0,"cards_obtained":["RitualDagger"]},{"damage_healed":0,"gold_gain":0,"player_choice":"Simplicity","damage_taken":0,"max_hp_gain":0,"max_hp_loss":0,"event_name":"Back to Basics","floor":28,"gold_loss":0,"cards_upgraded":["Defend_G","Defend_G","Defend_G","Defend_G","Defend_G","Strike_G","Strike_G","Strike_G","Strike_G"]},{"damage_healed":0,"gold_gain":0,"player_choice":"Relic","damage_taken":0,"max_hp_gain":0,"max_hp_loss":0,"event_name":"Wheel of Change","floor":30,"gold_loss":0}],"is_beta":false,"boss_relics":[{"not_picked":["Snecko Eye","Sozu"],"picked":"Ring of the Serpent"}],"items_purged_floors":[21],"is_endless":false,"potions_floor_spawned":[6,8,13,18,24,27],"killed_by":"Champ","ascension_level":0}