{"gold_per_floor":[110,120,131,28,43,76,95,95,118,144,169,169,183,218,218,295,295,315,315,326,29,40,40],"floor_reached":23,"playtime":1167,"items_purged":["Strike_R","Strike_R"],"score":426,"play_id":"7f658a1d-67f5-44d9-9e9e-0343d390cb98","local_time":"20190724231621","is_ascension_mode":true,"campfire_choices":[{"floor":8,"key":"REST"},{"floor":12,"key":"REST"},{"data":"Strike_R","floor":15,"key":"PURGE"}],"neow_cost":"NONE","seed_source_timestamp":348197238660063,"circlet_count":0,"master_deck":["AscendersBane","Strike_R","Strike_R","Defend_R","Defend_R","Defend_R","Defend_R","Bash","True Grit","Combust","Twin Strike","Shrug It Off","Clothesline","Spot Weakness","Shrug It Off","Twin Strike","Armaments","Inflame","Immolate","Corruption","Heavy Blade+1","Feel No Pain","True Grit+1"],"relics":["Burning Blood","Peace Pipe","Lantern","Smiling Mask","Odd Mushroom","Boot","Runic Pyramid","PreservedInsect"],"potions_floor_usage":[6,10,14,14,16],"damage_taken":[{"damage":1,"enemies":"Cultist","floor":1,"turns":3},{"damage":5,"enemies":"2 Louse","floor":2,"turns":4},{"damage":11,"enemies":"Small Slimes","floor":3,"turns":5},{"damage":7,"enemies":"2 Fungi Beasts","floor":5,"turns":3},{"damage":48,"enemies":"Lagavulin","floor":6,"turns":11},{"damage":24,"enemies":"Gremlin Gang","floor":7,"turns":4},{"damage":8,"enemies":"Gremlin Nob","floor":10,"turns":3},{"damage":18,"enemies":"The Mushroom Lair","floor":11,"turns":4},{"damage":12,"enemies":"Large Slime","floor":13,"turns":4},{"damage":45,"enemies":"Lagavulin","floor":14,"turns":9},{"damage":22,"enemies":"The Guardian","floor":16,"turns":13},{"damage":31,"enemies":"Chosen","floor":18,"turns":7},{"damage":15,"enemies":"2 Thieves","floor":20,"turns":3},{"damage":21,"enemies":"3 Cultists","floor":22,"turns":5},{"damage":16,"enemies":"Book of Stabbing","floor":23,"turns":4}],"seed_played":"7763711896857269512","potions_obtained":[{"floor":5,"key":"Dexterity Potion"},{"floor":6,"key":"BloodPotion"},{"floor":7,"key":"Fire Potion"},{"floor":11,"key":"Dexterity Potion"},{"floor":14,"key":"PowerPotion"},{"floor":22,"key":"Explosive Potion"}],"is_trial":false,"path_per_floor":["M","M","M","$","M","E","M","R","T","E","?","R","M","E","R","B",null,"M","?","M","$","M","E"],"character_chosen":"IRONCLAD","items_purchased":["Shrug It Off","PreservedInsect","Feel No Pain"],"campfire_rested":2,"item_purchase_floors":[4,21,21],"current_hp_per_floor":[80,81,76,76,75,33,15,39,39,37,25,49,43,24,24,8,64,39,39,30,30,15,0],"gold":40,"neow_bonus":"TEN_PERCENT_HP_BONUS","is_prod":false,"is_daily":false,"chose_seed":false,"campfire_upgraded":0,"win_rate":0,"timestamp":1564024581,"path_taken":["M","M","M","?","M","E","?","R","T","E","?","R","M","E","R","BOSS","M","?","M","$","M","E"],"build_version":"2019-07-17","purchased_purges":2,"victory":false,"max_hp_per_floor":[82,82,82,82,82,82,82,82,82,82,82,82,82,82,82,82,82,82,82,82,82,82,82],"card_choices":[{"not_picked":["Thunderclap","Armaments"],"picked":"True Grit","floor":1},{"not_picked":["True Grit","Flame Barrier"],"picked":"Combust","floor":2},{"not_picked":["Blood for Blood","Perfected Strike"],"picked":"Twin Strike","floor":3},{"not_picked":["Iron Wave","Warcry"],"picked":"Clothesline","floor":5},{"not_picked":["Body Slam","Berserk"],"picked":"Spot Weakness","floor":6},{"not_picked":["Clothesline","Twin Strike"],"picked":"Shrug It Off","floor":7},{"not_picked":["Berserk","Uppercut"],"picked":"Twin Strike","floor":10},{"not_picked":["Havoc","Sentinel"],"picked":"Armaments","floor":11},{"not_picked":["Dual Wield","Armaments","Cleave"],"picked":"SKIP","floor":13},{"not_picked":["Twin Strike","Wild Strike"],"picked":"Inflame","floor":14},{"not_picked":["Fiend Fire","Double Tap"],"picked":"Immolate","floor":16},{"not_picked":["Evolve","Cleave","Perfected Strike"],"picked":"SKIP","floor":18},{"not_picked":["Headbutt","Ghostly Armor"],"picked":"Heavy Blade+1","floor":20},{"not_picked":["Entrench","Carnage+1"],"picked":"True Grit+1","floor":22}],"player_experience":989901,"relics_obtained":[{"floor":6,"key":"Peace Pipe"},{"floor":9,"key":"Lantern"},{"floor":10,"key":"Smiling Mask"},{"floor":11,"key":"Odd Mushroom"},{"floor":14,"key":"Boot"}],"event_choices":[{"damage_healed":0,"gold_gain":0,"player_choice":"Fought Mushrooms","damage_taken":0,"max_hp_gain":0,"max_hp_loss":0,"event_name":"Mushrooms","floor":11,"gold_loss":0},{"damage_healed":0,"gold_gain":0,"player_choice":"Read","damage_taken":0,"max_hp_gain":0,"max_hp_loss":0,"event_name":"The Library","floor":19,"gold_loss":0,"cards_obtained":["Corruption"]}],"is_beta":false,"boss_relics":[{"not_picked":["Velvet Choker","Mark of Pain"],"picked":"Runic Pyramid"}],"items_purged_floors":[4,21],"is_endless":false,"potions_floor_spawned":[5,6,7,11,14,22],"killed_by":"Book of Stabbing","ascension_level":20}