{"gold_per_floor":[116,191,208,60,60,88,101,101,124,174,189,189,114,445,445,522,522,535,535,535,23,42,42,42],"floor_reached":24,"playtime":838,"items_purged":["Strike_P","Strike_P"],"score":397,"play_id":"ea7cf4e9-b79b-4bcd-9bad-89ab87a7ed7e","local_time":"20190928011353","is_ascension_mode":true,"campfire_choices":[{"data":"ConjureBlade","floor":8.0,"key":"SMITH"},{"data":"DeusExMachina","floor":12.0,"key":"SMITH"},{"data":"Vigilance","floor":15.0,"key":"SMITH"},{"data":"Eruption","floor":23.0,"key":"SMITH"}],"neow_cost":"NONE","seed_source_timestamp":421716668567700,"circlet_count":0,"master_deck":["AscendersBane","Strike_P","Strike_P","Defend_P","Defend_P","Defend_P","Defend_P","Eruption+1","Vigilance+1","WheelKick","ConjureBlade+1","DeusExMachina+1","Omniscience+1","WreathOfFlame+1"],"special_seed":0,"relics":["PureWater","NeowsBlessing","Blood Vial","Dream Catcher","Oddly Smooth Stone","Old Coin","Sozu","Enchiridion","Bottled Lightning","Anchor"],"potions_floor_usage":[],"damage_taken":[{"damage":0.0,"enemies":"Small Slimes","floor":1.0,"turns":2.0},{"damage":0.0,"enemies":"Jaw Worm","floor":3.0,"turns":1.0},{"damage":0.0,"enemies":"Gremlin Nob","floor":6.0,"turns":1.0},{"damage":1.0,"enemies":"Cultist","floor":7.0,"turns":3.0},{"damage":0.0,"enemies":"2 Fungi Beasts","floor":11.0,"turns":2.0},{"damage":11.0,"enemies":"3 Sentries","floor":14.0,"turns":4.0},{"damage":25.0,"enemies":"Hexaghost","floor":16.0,"turns":8.0},{"damage":31.0,"enemies":"3 Byrds","floor":18.0,"turns":6.0},{"damage":0.0,"enemies":"Chosen","floor":22.0,"turns":3.0},{"damage":14,"enemies":"Centurion and Healer","floor":24,"turns":2}],"seed_played":"-454024298472694409","potions_obtained":[{"floor":3.0,"key":"Explosive Potion"},{"floor":7.0,"key":"StancePotion"},{"floor":16.0,"key":"SteroidPotion"}],"is_trial":false,"path_per_floor":["M","?","M","$","?","E","M","R","T","?","M","R","$","E","R","B",null,"M","?","?","$","M","R","M"],"character_chosen":"WATCHER","items_purchased":["ConjureBlade","Bottled Lightning","Anchor"],"campfire_rested":0,"item_purchase_floors":[4,21,21],"current_hp_per_floor":[61,50,50,50,39,41,42,42,42,36,38,38,38,29,29,6,53,24,3,3,3,5,5,0],"gold":42,"neow_bonus":"THREE_ENEMY_KILL","is_prod":false,"is_daily":false,"chose_seed":false,"campfire_upgraded":4,"win_rate":0,"timestamp":1569608033,"path_taken":["M","?","M","$","?","E","M","R","T","?","?","R","$","E","R","BOSS","M","?","?","$","M","R","M"],"build_version":"2019-09-27","purchased_purges":2,"victory":false,"max_hp_per_floor":[68,68,68,68,68,68,68,68,68,68,68,68,68,68,68,68,68,68,68,68,68,68,68,68],"card_choices":[{"not_picked":["Consecrate","FlurryOfBlows"],"picked":"WheelKick","floor":1.0},{"not_picked":["BowlingBash","MasterReality","CrushJoints"],"picked":"SKIP","floor":3.0},{"not_picked":["Crescendo","Prostrate","Protect"],"picked":"SKIP","floor":6.0},{"not_picked":["BattleHymn","ThirdEye","DeceiveReality"],"picked":"SKIP","floor":7.0},{"not_picked":["Protect","CutThroughFate"],"picked":"DeusExMachina","floor":11.0},{"not_picked":["Swivel","Pray","Wallop"],"picked":"SKIP","floor":14.0},{"not_picked":["Nirvana","Alpha"],"picked":"Omniscience","floor":16.0},{"not_picked":["JustLucky+1","EmptyFist"],"picked":"WreathOfFlame+1","floor":18.0},{"not_picked":["Prostrate","SashWhip","Protect"],"picked":"SKIP","floor":22.0}],"player_experience":1169028,"relics_obtained":[{"floor":6.0,"key":"Dream Catcher"},{"floor":9.0,"key":"Oddly Smooth Stone"},{"floor":14.0,"key":"Old Coin"},{"floor":19.0,"key":"Enchiridion"}],"event_choices":[{"damage_healed":0.0,"max_hp_gain":0.0,"max_hp_loss":0.0,"gold_gain":75.0,"event_name":"World of Goop","player_choice":"Gather Gold","floor":2.0,"gold_loss":0.0,"damage_taken":11.0},{"damage_healed":0.0,"max_hp_gain":0.0,"max_hp_loss":0.0,"gold_gain":0.0,"event_name":"Scrap Ooze","player_choice":"Success","floor":5.0,"gold_loss":0.0,"damage_taken":11.0,"relics_obtained":["Blood Vial"]},{"damage_healed":0.0,"max_hp_gain":0.0,"max_hp_loss":0.0,"gold_gain":50.0,"event_name":"FaceTrader","player_choice":"Touch","floor":10.0,"gold_loss":0.0,"damage_taken":6.0},{"damage_healed":0.0,"max_hp_gain":0.0,"max_hp_loss":0.0,"gold_gain":0.0,"event_name":"Cursed Tome","player_choice":"Obtained Book","floor":19.0,"gold_loss":0.0,"damage_taken":21.0},{"damage_healed":0.0,"max_hp_gain":0.0,"max_hp_loss":0.0,"gold_gain":0.0,"event_name":"Accursed Blacksmith","player_choice":"Forge","floor":20.0,"gold_loss":0.0,"damage_taken":0.0,"cards_upgraded":["Omniscience"]}],"is_beta":true,"boss_relics":[{"not_picked":["Cursed Key","Velvet Choker"],"picked":"Sozu"}],"items_purged_floors":[13,21],"is_endless":false,"potions_floor_spawned":[3,7,16],"killed_by":"Centurion and Healer","ascension_level":15}