{"gold_per_floor":[112,112,127,127,127,156,156,156],"floor_reached":8,"playtime":61,"items_purged":[],"score":170,"play_id":"01afec6f-a426-4b76-87a0-b48765200d11","local_time":"20190826211134","is_ascension_mode":true,"campfire_choices":[{"data":"Neutralize","floor":7,"key":"SMITH"}],"neow_cost":"NONE","seed_source_timestamp":113840304440219,"circlet_count":0,"master_deck":["AscendersBane","Strike_G","Strike_G","Strike_G","Strike_G","Strike_G","Defend_G","Defend_G","Defend_G","Defend_G","Defend_G","Survivor","Neutralize+1","Footwork"],"relics":["Ring of the Snake","NeowsBlessing","Golden Idol","Question Card"],"potions_floor_usage":[],"damage_taken":[{"damage":0,"enemies":"2 Louse","floor":1,"turns":1},{"damage":0,"enemies":"Jaw Worm","floor":3,"turns":1},{"damage":0,"enemies":"3 Sentries","floor":6,"turns":1},{"damage":0,"enemies":"Lagavulin","floor":8,"turns":3}],"seed_played":"1611346903135862839","potions_obtained":[{"floor":1,"key":"SkillPotion"},{"floor":5,"key":"Explosive Potion"},{"floor":5,"key":"Block Potion"}],"is_trial":false,"path_per_floor":["M","?","M","?","?","E","R","E"],"character_chosen":"THE_SILENT","items_purchased":[],"campfire_rested":0,"item_purchase_floors":[],"current_hp_per_floor":[59,63,63,39,39,39,39,39],"gold":156,"neow_bonus":"THREE_ENEMY_KILL","is_prod":false,"is_daily":false,"chose_seed":false,"campfire_upgraded":1,"win_rate":0,"timestamp":1566828694,"path_taken":["M","?","M","?","?","E","R","E"],"build_version":"2019-07-17","purchased_purges":0,"victory":false,"max_hp_per_floor":[66,71,71,71,71,71,71,71],"card_choices":[{"not_picked":["Bane","Riddle With Holes","Outmaneuver"],"picked":"SKIP","floor":1},{"not_picked":["Flechettes","Dodge and Roll"],"picked":"Footwork","floor":3},{"not_picked":["Outmaneuver","Accuracy","Acrobatics"],"picked":"SKIP","floor":6}],"player_experience":1089549,"relics_obtained":[{"floor":6,"key":"Question Card"}],"event_choices":[{"damage_healed":0,"gold_gain":0,"player_choice":"Donut","damage_taken":0,"max_hp_gain":5,"max_hp_loss":0,"event_name":"Big Fish","floor":2,"gold_loss":0},{"damage_healed":0,"gold_gain":0,"player_choice":"Take Damage","damage_taken":24,"relics_obtained":["Golden Idol"],"max_hp_gain":0,"max_hp_loss":0,"event_name":"Golden Idol","floor":4,"gold_loss":0},{"damage_healed":0,"gold_gain":0,"player_choice":"Got Potions","damage_taken":0,"max_hp_gain":0,"max_hp_loss":0,"event_name":"Lab","floor":5,"gold_loss":0}],"is_beta":false,"boss_relics":[],"items_purged_floors":[],"is_endless":false,"potions_floor_spawned":[1],"killed_by":"Lagavulin","ascension_level":23}