{"gold_per_floor":[111,121,121,131,149,149,179,179,179,254,267,26,26,88,88,185,185,195,208,222,239,100,100,132,132,132,132,7,7,21,21,21,121,121,131,131,131,30,30,59,59,76,76,76,86,113,23,33,33,33],"floor_reached":51,"playtime":26553,"items_purged":["Strike_G","Strike_G","Strike_G"],"score":942,"play_id":"df734e2e-d939-4db1-9e1e-cfe689da1e11","local_time":"20180917184227","is_ascension_mode":true,"campfire_choices":[{"floor":6.0,"key":"REST"},{"floor":8.0,"key":"REST"},{"data":"Predator","floor":13.0,"key":"SMITH"},{"data":"Finesse","floor":15.0,"key":"SMITH"},{"floor":23.0,"key":"REST"},{"floor":25.0,"key":"REST"},{"floor":27.0,"key":"REST"},{"floor":32.0,"key":"REST"},{"floor":41,"key":"REST"},{"floor":44,"key":"REST"},{"floor":49,"key":"REST"}],"neow_cost":"NONE","seed_source_timestamp":0,"circlet_count":0,"master_deck":["Defend_G","Defend_G","Defend_G","Defend_G","Defend_G","Strike_G","Survivor","Neutralize","Poisoned Stab","Underhanded Strike","Crippling Poison+1","Riddle With Holes","Crippling Poison","Finesse+1","Predator+1","Crippling Poison+1","Adrenaline","Cloak And Dagger","Expertise","Skewer","Eviscerate+1","Expertise+1","Dagger Spray","Wraith Form v2","Envenom","Backflip+1","Flash of Steel","Madness","Terror","Deadly Poison+1","Catalyst+1","Dash","Escape Plan+1"],"special_seed":0,"relics":["HoveringKite","Regal Pillow","Letter Opener","Centennial Puzzle","Meat on the Bone","Fusion Hammer","War Paint","Pantograph","Lizard Tail","Unceasing Top","Bag of Marbles","Juzu Bracelet"],"potions_floor_usage":[45,48,50],"damage_taken":[{"damage":4.0,"enemies":"Small Slimes","floor":1.0,"turns":4.0},{"damage":7.0,"enemies":"Jaw Worm","floor":2.0,"turns":7.0},{"damage":0.0,"enemies":"Cultist","floor":4.0,"turns":4.0},{"damage":17.0,"enemies":"3 Louse","floor":5.0,"turns":3.0},{"damage":25.0,"enemies":"3 Sentries","floor":7.0,"turns":7.0},{"damage":0.0,"enemies":"Exordium Wildlife","floor":11.0,"turns":2.0},{"damage":7.0,"enemies":"Gremlin Nob","floor":14.0,"turns":3.0},{"damage":23.0,"enemies":"Slime Boss","floor":16.0,"turns":8.0},{"damage":10.0,"enemies":"Spheric Guardian","floor":18.0,"turns":4.0},{"damage":14.0,"enemies":"Chosen","floor":19.0,"turns":5.0},{"damage":0.0,"enemies":"Snake Plant","floor":20.0,"turns":4.0},{"damage":2.0,"enemies":"Centurion and Healer","floor":21.0,"turns":6.0},{"damage":25.0,"enemies":"Slavers","floor":24.0,"turns":5.0},{"damage":15.0,"enemies":"Sentry and Sphere","floor":30.0,"turns":5.0},{"damage":58.0,"enemies":"Automaton","floor":33.0,"turns":10.0},{"damage":33,"enemies":"3 Darklings","floor":35,"turns":6},{"damage":32,"enemies":"Nemesis","floor":40,"turns":7},{"damage":1,"enemies":"3 Shapes","floor":42,"turns":4},{"damage":26,"enemies":"Reptomancer","floor":45,"turns":4},{"damage":20,"enemies":"2 Orb Walkers","floor":46,"turns":4},{"damage":12,"enemies":"Spire Growth","floor":48,"turns":3},{"damage":104,"enemies":"Time Eater","floor":50,"turns":12}],"seed_played":"-6189259046738594347","potions_obtained":[{"floor":2.0,"key":"LiquidBronze"},{"floor":5.0,"key":"SpeedPotion"},{"floor":7.0,"key":"GhostInAJar"},{"floor":14.0,"key":"AttackPotion"},{"floor":16.0,"key":"Weak Potion"},{"floor":21.0,"key":"Energy Potion"},{"floor":30.0,"key":"PowerPotion"},{"floor":33.0,"key":"Ancient Potion"},{"floor":35,"key":"Dexterity Potion"},{"floor":42,"key":"Energy Potion"}],"is_trial":false,"path_per_floor":["M","M","?","M","M","R","E","R","T","?","M","$","R","?","R","B",null,"M","M","M","M","$","R","E","R","T","R","$","?","M","?","R","B",null,"M","?","?","$","?","E","R","M","T","R","M","E","?","M","R","B"],"character_chosen":"THE_SILENT","items_purchased":["Finesse","Predator","Eviscerate","Flash of Steel"],"campfire_rested":9,"item_purchase_floors":[12,12,22,38],"current_hp_per_floor":[59,52,34,34,17,53,28,64,64,53,53,53,53,46,46,35,61,51,37,37,47,47,70,45,70,70,70,70,70,55,42,75,29,64,43,43,43,43,43,23,60,59,59,75,49,41,41,41,75,33],"gold":33,"neow_bonus":"BOSS_RELIC","is_prod":false,"is_daily":false,"chose_seed":false,"campfire_upgraded":2,"win_rate":0,"timestamp":1537227747,"path_taken":["M","M","?","M","M","R","E","R","T","?","M","$","R","?","R","BOSS","M","?","M","M","$","R","E","R","T","R","?","?","M","?","R","BOSS","M","?","?","$","?","E","R","M","T","R","M","E","?","M","R","BOSS"],"build_version":"2018-09-06","purchased_purges":3,"victory":true,"max_hp_per_floor":[70,70,70,70,70,70,70,70,70,70,70,70,70,70,70,70,70,70,70,70,70,70,70,70,70,70,70,70,70,70,75,75,75,75,75,75,75,75,75,75,75,75,75,75,75,75,75,75,75,75],"card_choices":[{"not_picked":["Flying Knee","Slice"],"picked":"Poisoned Stab","floor":1.0},{"not_picked":["Prepared","PiercingWail"],"picked":"Underhanded Strike","floor":2.0},{"not_picked":["Tactician","Cloak And Dagger"],"picked":"Crippling Poison","floor":4.0},{"not_picked":["Cloak And Dagger","Underhanded Strike"],"picked":"Riddle With Holes","floor":5.0},{"not_picked":["Infinite Blades","Deadly Poison"],"picked":"Crippling Poison","floor":7.0},{"not_picked":["Distraction","Acrobatics"],"picked":"Dodge and Roll","floor":11.0},{"not_picked":["Dagger Spray","Blade Dance"],"picked":"Crippling Poison","floor":14.0},{"not_picked":["Venomology","Night Terror"],"picked":"Adrenaline","floor":16.0},{"not_picked":["Deflect","Underhanded Strike"],"picked":"Cloak And Dagger","floor":18.0},{"not_picked":["Finisher","Caltrops"],"picked":"Expertise","floor":19.0},{"not_picked":["Slice","Finisher+1"],"picked":"Skewer","floor":20.0},{"not_picked":["Setup","Blade Dance","Distraction"],"picked":"SKIP","floor":21.0},{"not_picked":["A Thousand Cuts","Slice"],"picked":"Expertise+1","floor":24.0},{"not_picked":["Distraction","Sucker Punch+1","Expertise"],"picked":"SKIP","floor":30.0},{"not_picked":["Adrenaline","Storm of Steel"],"picked":"Envenom","floor":33.0},{"not_picked":["Cloak And Dagger+1","Dagger Spray"],"picked":"Backflip+1","floor":35},{"not_picked":["Mind Blast","Secret Weapon"],"picked":"Madness","floor":39},{"not_picked":["Deadly Poison+1","Endless Agony+1"],"picked":"Terror","floor":40},{"not_picked":["Cloak And Dagger+1","Dagger Throw"],"picked":"Deadly Poison+1","floor":42},{"not_picked":["Cloak And Dagger","PiercingWail+1"],"picked":"Catalyst+1","floor":45},{"not_picked":["Expertise","Underhanded Strike"],"picked":"Dash","floor":46},{"not_picked":["Crippling Poison","Outmaneuver"],"picked":"Escape Plan+1","floor":48}],"player_experience":537653,"relics_obtained":[{"floor":7.0,"key":"Letter Opener"},{"floor":9.0,"key":"Centennial Puzzle"},{"floor":14.0,"key":"Meat on the Bone"},{"floor":24.0,"key":"War Paint"},{"floor":26.0,"key":"Pantograph"},{"floor":40,"key":"Unceasing Top"},{"floor":43,"key":"Bag of Marbles"},{"floor":46,"key":"Juzu Bracelet"}],"event_choices":[{"event_name":"Scrap Ooze","player_choice":"success","floor":3.0,"damage_taken":18.0},{"event_name":"World of Goop","player_choice":"Gather Gold","floor":10.0,"damage_taken":0.0},{"event_name":"Dead Adventurer","player_choice":"Searched \u00272\u0027 times","floor":14.0,"damage_taken":0.0},{"event_name":"Match and Keep!","player_choice":"2 cards matched","floor":29.0,"damage_taken":0.0},{"event_name":"Forgotten Altar","player_choice":"Shed Blood","floor":31.0,"damage_taken":0.0},{"event_name":"Falling","player_choice":"Removed Skill","floor":36,"damage_taken":0},{"event_name":"Tomb of Lord Red Mask","player_choice":"Ignored","floor":37,"damage_taken":0},{"event_name":"SensoryStone","player_choice":"Memory 1","floor":39,"damage_taken":0},{"event_name":"Designer","player_choice":"Full Service","floor":47,"damage_taken":0}],"is_beta":false,"boss_relics":[{"not_picked":["Calling Bell","Philosopher\u0027s Stone"],"picked":"Fusion Hammer"},{"not_picked":["Eternal Feather","Pandora\u0027s Box"],"picked":"Lizard Tail"}],"items_purged_floors":[12,22,28],"is_endless":false,"potions_floor_spawned":[2,5,7,14,16,21,30,33,35,42],"ascension_level":7}