{"gold_per_floor":[111,386,397,211,211,240,240,260,260,260,260],"floor_reached":11,"playtime":601,"items_purged":["Regret"],"score":178,"play_id":"39fe31df-45fe-4fdc-a22c-d2152200e16d","local_time":"20190727150311","is_ascension_mode":true,"campfire_choices":[{"floor":7,"key":"REST"}],"neow_cost":"NONE","seed_source_timestamp":273455310299002,"circlet_count":0,"master_deck":["AscendersBane","Strike_G","Strike_G","Strike_G","Strike_G","Strike_G","Defend_G","Defend_G","Defend_G","Defend_G","Defend_G","Survivor","Neutralize","Tactician","Flechettes","Footwork","Acrobatics","Calculated Gamble","Calculated Gamble"],"relics":["Ring of the Snake","NeowsBlessing","The Courier","Pear","Bag of Preparation","Golden Idol"],"potions_floor_usage":[11],"damage_taken":[{"damage":0,"enemies":"Small Slimes","floor":1,"turns":1},{"damage":0,"enemies":"Cultist","floor":3,"turns":1},{"damage":0,"enemies":"Lagavulin","floor":6,"turns":1},{"damage":0,"enemies":"2 Louse","floor":8,"turns":2},{"damage":35,"enemies":"3 Sentries","floor":11,"turns":13}],"seed_played":"-1533244851965615510","potions_obtained":[{"floor":6,"key":"Dexterity Potion"}],"is_trial":false,"path_per_floor":["M","?","M","$","?","E","R","M","T","?","E"],"character_chosen":"THE_SILENT","items_purchased":["Footwork","Acrobatics"],"campfire_rested":1,"item_purchase_floors":[4,4],"current_hp_per_floor":[59,59,59,59,24,34,56,56,56,30,0],"gold":260,"neow_bonus":"THREE_ENEMY_KILL","is_prod":false,"is_daily":false,"chose_seed":false,"campfire_upgraded":0,"win_rate":0,"timestamp":1564257791,"path_taken":["M","?","?","$","?","E","R","M","T","?","E"],"build_version":"2019-07-17","purchased_purges":1,"victory":false,"max_hp_per_floor":[66,66,66,66,66,76,76,76,76,76,76],"card_choices":[{"not_picked":["Dagger Throw","Prepared"],"picked":"Tactician","floor":1},{"not_picked":["Calculated Gamble","Deadly Poison"],"picked":"Flechettes","floor":3},{"not_picked":["PiercingWail","Underhanded Strike"],"picked":"Calculated Gamble","floor":6},{"not_picked":["Flying Knee","Dagger Throw"],"picked":"Calculated Gamble","floor":8}],"player_experience":1639931,"relics_obtained":[{"floor":6,"key":"Pear"},{"floor":9,"key":"Bag of Preparation"}],"event_choices":[{"damage_healed":0,"gold_gain":275,"player_choice":"Desecrate","damage_taken":0,"max_hp_gain":0,"max_hp_loss":0,"event_name":"Golden Shrine","floor":2,"gold_loss":0,"cards_obtained":["Regret"]},{"damage_healed":0,"gold_gain":0,"player_choice":"Success","damage_taken":35,"relics_obtained":["The Courier"],"max_hp_gain":0,"max_hp_loss":0,"event_name":"Scrap Ooze","floor":5,"gold_loss":0},{"damage_healed":0,"gold_gain":0,"player_choice":"Take Damage","damage_taken":26,"relics_obtained":["Golden Idol"],"max_hp_gain":0,"max_hp_loss":0,"event_name":"Golden Idol","floor":10,"gold_loss":0}],"is_beta":false,"boss_relics":[],"items_purged_floors":[4],"is_endless":false,"potions_floor_spawned":[6],"killed_by":"3 Sentries","ascension_level":17}