{"gold_per_floor":[15,15,15,34,34,34,59,92,92,113,113,149,149,184,184,312,312,331,331,331,376,65,65,12,43,43,43,75,75,105,18,18,114,114,129,141,141,157,172,172,205,205,205,233,233,265,4,20,20,20,20,20,20,47,47],"floor_reached":56,"playtime":5214,"items_purged":["Strike_B"],"score":1345,"play_id":"b3a05a75-255c-4a57-a4b7-0fc44dcc65b6","local_time":"20190816201222","is_ascension_mode":true,"campfire_choices":[{"data":"Zap","floor":6.0,"key":"SMITH"},{"data":"Genetic Algorithm","floor":11.0,"key":"SMITH"},{"data":"Coolheaded","floor":13,"key":"SMITH"},{"floor":15,"key":"REST"},{"data":"Creative AI","floor":23,"key":"SMITH"},{"data":"Defragment","floor":32,"key":"SMITH"},{"data":"Self Repair","floor":40,"key":"SMITH"},{"floor":42,"key":"RECALL"},{"data":"Lockon","floor":45,"key":"SMITH"},{"data":"Darkness","floor":49,"key":"SMITH"},{"data":"White Noise","floor":52,"key":"SMITH"}],"neow_cost":"NO_GOLD","seed_source_timestamp":0,"circlet_count":0,"master_deck":["Strike_B+1","Strike_B+1","Strike_B+1","Defend_B+1","Defend_B+1","Zap+1","Dualcast","Cold Snap","Coolheaded+1","Compile Driver","Genetic Algorithm+1","Ball Lightning","Doom and Gloom","Electrodynamics","Self Repair+1","Creative AI+1","Conserve Battery","Cold Snap+1","Lockon+1","Capacitor","Leap","Amplify","Redo","Defragment+1","Beam Cell","Echo Form","Recycle","Go for the Eyes+1","Fusion+1","Redo+1","Double Energy","Storm","Glacier+1","Steam+1","White Noise+1","Darkness+1","White Noise"],"special_seed":0,"relics":["FrozenCore","Bloody Idol","Matryoshka","Regal Pillow","Lantern","Prayer Wheel","Odd Mushroom","Inserter","Happy Flower","DataDisk","Meat on the Bone","Mercury Hourglass","Smiling Mask","Oddly Smooth Stone","Juzu Bracelet","Frozen Egg 2","Symbiotic Virus","PreservedInsect","Runic Capacitor","Unceasing Top"],"potions_floor_usage":[39,46,55,55,55],"damage_taken":[{"damage":5.0,"enemies":"Cultist","floor":1.0,"turns":4.0},{"damage":0.0,"enemies":"2 Louse","floor":4.0,"turns":2.0},{"damage":4.0,"enemies":"Jaw Worm","floor":7.0,"turns":2.0},{"damage":15.0,"enemies":"3 Sentries","floor":8.0,"turns":9.0},{"damage":0.0,"enemies":"Blue Slaver","floor":10.0,"turns":3.0},{"damage":6.0,"enemies":"Gremlin Nob","floor":12.0,"turns":3.0},{"damage":5,"enemies":"The Mushroom Lair","floor":14,"turns":3},{"damage":39,"enemies":"The Guardian","floor":16,"turns":11},{"damage":10,"enemies":"Spheric Guardian","floor":18,"turns":5},{"damage":28,"enemies":"Gremlin Leader","floor":25,"turns":6},{"damage":35,"enemies":"Book of Stabbing","floor":28,"turns":7},{"damage":36,"enemies":"Gremlin Leader","floor":30,"turns":5},{"damage":20,"enemies":"Champ","floor":33,"turns":9},{"damage":13,"enemies":"3 Shapes","floor":35,"turns":4},{"damage":27,"enemies":"3 Darklings","floor":36,"turns":6},{"damage":0,"enemies":"Maw","floor":38,"turns":6},{"damage":17,"enemies":"Transient","floor":39,"turns":5},{"damage":15,"enemies":"Nemesis","floor":41,"turns":7},{"damage":10,"enemies":"Giant Head","floor":44,"turns":7},{"damage":62,"enemies":"Reptomancer","floor":46,"turns":8},{"damage":15,"enemies":"3 Darklings","floor":48,"turns":5},{"damage":33,"enemies":"Donu and Deca","floor":50,"turns":7},{"damage":59,"enemies":"Shield and Spear","floor":54,"turns":7},{"damage":60,"enemies":"The Heart","floor":55,"turns":10}],"seed_played":"-6320454052555917297","potions_obtained":[{"floor":4.0,"key":"Fire Potion"},{"floor":7.0,"key":"Weak Potion"},{"floor":8.0,"key":"FocusPotion"},{"floor":39,"key":"FocusPotion"},{"floor":46,"key":"EssenceOfSteel"}],"is_trial":false,"path_per_floor":["M","?","?","M","?","R","M","E","T","M","R","E","R","?","R","B",null,"M","?","?","T","$","R","$","E","T","$","E","?","E","$","R","B",null,"M","M","?","M","M","R","E","R","T","E","R","E","$","M","R","B",null,"R","$","E","B",null],"character_chosen":"DEFECT","items_purchased":["DataDisk","Capacitor","Leap","Defragment","Beam Cell","Runic Capacitor","White Noise"],"campfire_rested":1,"item_purchase_floors":[22,22,24,31,31,47,47],"current_hp_per_floor":[84,62,62,62,67,67,63,48,48,48,48,42,42,37,80,48,94,91,91,91,94,94,94,94,78,78,78,67,67,55,55,55,59,94,94,79,79,94,89,89,79,79,79,94,94,59,59,71,71,60,94,94,94,62,14],"gold":47,"neow_bonus":"TWENTY_PERCENT_HP_BONUS","is_prod":false,"is_daily":false,"chose_seed":false,"campfire_upgraded":9,"win_rate":0,"timestamp":1566004342,"path_taken":["M","?","?","?","?","R","M","E","T","M","R","E","R","?","R","BOSS","M","?","?","?","$","R","?","E","T","$","E","?","E","?","R","BOSS","M","?","?","M","M","R","E","R","T","E","R","E","$","M","R","BOSS","R","$","E","BOSS"],"build_version":"2019-07-17","purchased_purges":1,"victory":true,"max_hp_per_floor":[89,89,89,89,94,94,94,94,94,94,94,94,94,94,94,94,94,94,94,94,94,94,94,94,94,94,94,94,94,94,94,94,94,94,94,94,94,94,94,94,94,94,94,94,94,94,94,94,94,94,94,94,94,94,94],"card_choices":[{"not_picked":["Sweeping Beam","Recycle"],"picked":"Cold Snap","floor":1.0},{"not_picked":["Hello World","Stack"],"picked":"Compile Driver","floor":4.0},{"not_picked":["Leap","Beam Cell"],"picked":"Genetic Algorithm","floor":7.0},{"not_picked":["Hello World","Gash"],"picked":"Ball Lightning","floor":8.0},{"not_picked":["Hologram","Glacier"],"picked":"Doom and Gloom","floor":10.0},{"not_picked":["Go for the Eyes","Glacier"],"picked":"Electrodynamics","floor":12},{"not_picked":["Conserve Battery","Cold Snap"],"picked":"Self Repair","floor":14},{"not_picked":["Electrodynamics","Core Surge"],"picked":"Creative AI","floor":16},{"not_picked":["Turbo","Barrage"],"picked":"Conserve Battery","floor":18},{"not_picked":["Ball Lightning","Gash"],"picked":"Cold Snap+1","floor":18},{"not_picked":["Barrage","Stack","Cold Snap"],"picked":"SKIP","floor":25},{"not_picked":["Ball Lightning","Redo"],"picked":"Amplify","floor":28},{"not_picked":["Hyperbeam","Skim"],"picked":"Redo","floor":30},{"not_picked":["All For One","Machine Learning"],"picked":"Echo Form","floor":33},{"not_picked":["Reinforced Body+1","Ball Lightning"],"picked":"Recycle","floor":35},{"not_picked":["Coolheaded+1","Capacitor"],"picked":"Go for the Eyes+1","floor":35},{"not_picked":["Amplify","Hologram+1"],"picked":"Fusion+1","floor":36},{"not_picked":["Static Discharge+1","Skim+1"],"picked":"Redo+1","floor":36},{"not_picked":["Hologram","Coolheaded+1"],"picked":"Double Energy","floor":38},{"not_picked":["Redo+1","Compile Driver+1"],"picked":"Storm","floor":38},{"not_picked":["Cold Snap+1","Hello World"],"picked":"Glacier+1","floor":39},{"not_picked":["Turbo","Doom and Gloom+1","Scrape"],"picked":"SKIP","floor":39},{"not_picked":["Reprogram+1","Meteor Strike","Hologram+1"],"picked":"SKIP","floor":41},{"not_picked":["Reinforced Body+1","Turbo","Coolheaded"],"picked":"SKIP","floor":44},{"not_picked":["Cold Snap","Ball Lightning"],"picked":"Steam+1","floor":46},{"not_picked":["Hello World+1","Stack"],"picked":"Darkness","floor":48},{"not_picked":["Leap","Redo","Gash+1"],"picked":"SKIP","floor":48},{"not_picked":["Go for the Eyes","Gash"],"picked":"White Noise","floor":54}],"player_experience":171583,"relics_obtained":[{"floor":8.0,"key":"Matryoshka"},{"floor":9.0,"key":"Regal Pillow"},{"floor":9.0,"key":"Lantern"},{"floor":12,"key":"Prayer Wheel"},{"floor":14,"key":"Odd Mushroom"},{"floor":21,"key":"Happy Flower"},{"floor":25,"key":"Meat on the Bone"},{"floor":26,"key":"Mercury Hourglass"},{"floor":28,"key":"Smiling Mask"},{"floor":30,"key":"Oddly Smooth Stone"},{"floor":41,"key":"Juzu Bracelet"},{"floor":43,"key":"Frozen Egg 2"},{"floor":44,"key":"Symbiotic Virus"},{"floor":46,"key":"PreservedInsect"},{"floor":54,"key":"Unceasing Top"}],"event_choices":[{"damage_healed":0.0,"max_hp_gain":0.0,"max_hp_loss":0.0,"gold_gain":0.0,"event_name":"Golden Idol","player_choice":"Take Damage","floor":2.0,"gold_loss":0.0,"damage_taken":22.0,"relics_obtained":["Golden Idol"]},{"damage_healed":0.0,"max_hp_gain":0.0,"max_hp_loss":0.0,"gold_gain":0.0,"cards_transformed":["Defend_B"],"event_name":"Living Wall","player_choice":"Change","floor":3.0,"gold_loss":0.0,"damage_taken":0.0,"cards_obtained":["Coolheaded"]},{"damage_healed":0.0,"max_hp_gain":5.0,"max_hp_loss":0.0,"gold_gain":0.0,"event_name":"Big Fish","player_choice":"Donut","floor":5.0,"gold_loss":0.0,"damage_taken":0.0},{"damage_healed":0,"gold_gain":0,"player_choice":"Fought Mushrooms","damage_taken":0,"max_hp_gain":0,"max_hp_loss":0,"event_name":"Mushrooms","floor":14,"gold_loss":0},{"damage_healed":0,"gold_gain":0,"player_choice":"Read","damage_taken":0,"max_hp_gain":0,"max_hp_loss":0,"event_name":"The Library","floor":19,"gold_loss":0,"cards_obtained":["Lockon"]},{"damage_healed":0,"gold_gain":0,"player_choice":"Gave Idol","damage_taken":0,"relics_obtained":["Bloody Idol"],"max_hp_gain":0,"max_hp_loss":0,"event_name":"Forgotten Altar","floor":20,"relics_lost":["Golden Idol"],"gold_loss":0},{"damage_healed":0,"gold_gain":0,"player_choice":"Simplicity","damage_taken":0,"max_hp_gain":0,"max_hp_loss":0,"event_name":"Back to Basics","floor":29,"gold_loss":0,"cards_upgraded":["Strike_B","Strike_B","Strike_B","Defend_B","Defend_B","Defend_B"]},{"cards_removed":["Defend_B"],"damage_healed":0,"gold_gain":0,"player_choice":"Removed Skill","damage_taken":0,"max_hp_gain":0,"max_hp_loss":0,"event_name":"Falling","floor":37,"gold_loss":0}],"is_beta":false,"boss_relics":[{"not_picked":["Black Star","Fusion Hammer"],"picked":"Inserter"},{"not_picked":["Runic Dome","Astrolabe"],"picked":"FrozenCore"}],"items_purged_floors":[22],"is_endless":false,"potions_floor_spawned":[4,7,8,16,18,33,36,38,39,46],"ascension_level":1}