{"gold_per_floor":[115,95,108,127,127,167,167,201,201,224,249,424,424,444,444,574,574,598,598,598,598,617,636,636],"floor_reached":24,"playtime":1597,"items_purged":[],"score":229,"play_id":"decae305-596b-458d-8cfc-3359620d6b5a","local_time":"20190924034632","is_ascension_mode":true,"campfire_choices":[{"floor":7,"key":"REST"},{"floor":13,"key":"REST"},{"data":"Hello World","floor":15,"key":"SMITH"}],"neow_cost":"NONE","seed_source_timestamp":995922757074700,"circlet_count":0,"master_deck":["Strike_B","Strike_B","Defend_B","Defend_B","Defend_B","Defend_B","Zap","Dualcast","BootSequence","Tempest","Doom and Gloom","Rebound","Glacier+1","Coolheaded+1","Hello World+1","Doubt","Reinforced Body+1","Creative AI","Recycle+1","Self Repair","Turbo+1","Fusion+1","Barrage+1"],"relics":["Inserter","Golden Idol","Toxic Egg 2","Molten Egg 2","Mummified Hand","Nuclear Battery","Enchiridion"],"potions_floor_usage":[6,8,16,16,18,18,23,24],"damage_taken":[{"damage":4,"enemies":"Jaw Worm","floor":1,"turns":4},{"damage":1,"enemies":"Cultist","floor":3,"turns":5},{"damage":2,"enemies":"2 Louse","floor":4,"turns":3},{"damage":16,"enemies":"Lagavulin","floor":6,"turns":6},{"damage":17,"enemies":"3 Sentries","floor":8,"turns":5},{"damage":3,"enemies":"Blue Slaver","floor":10,"turns":4},{"damage":0,"enemies":"3 Louse","floor":11,"turns":4},{"damage":1,"enemies":"Looter","floor":14,"turns":3},{"damage":32,"enemies":"Slime Boss","floor":16,"turns":10},{"damage":6,"enemies":"3 Byrds","floor":18,"turns":5},{"damage":13,"enemies":"Spheric Guardian","floor":22,"turns":4},{"damage":11,"enemies":"Centurion and Healer","floor":23,"turns":5},{"damage":49,"enemies":"Cultist and Chosen","floor":24,"turns":5}],"seed_played":"-5634886503221476576","potions_obtained":[{"floor":2,"key":"Explosive Potion"},{"floor":3,"key":"PowerPotion"},{"floor":8,"key":"Swift Potion"},{"floor":11,"key":"SteroidPotion"},{"floor":14,"key":"Swift Potion"},{"floor":16,"key":"Energy Potion"},{"floor":22,"key":"SkillPotion"},{"floor":23,"key":"PowerPotion"}],"is_trial":false,"path_per_floor":["M","?","M","M","?","E","R","E","T","M","M","?","R","M","R","B",null,"M","?","?","?","M","M","M"],"character_chosen":"DEFECT","items_purchased":[],"campfire_rested":2,"item_purchase_floors":[],"current_hp_per_floor":[71,71,70,68,50,34,56,39,39,36,36,36,58,57,57,25,75,69,53,53,53,47,43,0],"gold":636,"neow_bonus":"BOSS_RELIC","is_prod":false,"is_daily":false,"chose_seed":false,"campfire_upgraded":1,"win_rate":0,"timestamp":1569311192,"path_taken":["M","?","?","M","?","E","R","E","T","M","M","?","R","M","R","BOSS","M","?","?","?","M","M","M"],"build_version":"2019-07-17","purchased_purges":0,"victory":false,"max_hp_per_floor":[75,75,75,75,75,75,75,75,75,75,75,75,75,75,75,75,75,75,75,75,75,75,75,75],"card_choices":[{"not_picked":["Go for the Eyes","Hologram"],"picked":"BootSequence","floor":1},{"not_picked":["Ball Lightning","Blizzard"],"picked":"Tempest","floor":3},{"not_picked":["Sweeping Beam","Capacitor"],"picked":"Doom and Gloom","floor":4},{"not_picked":["Meteor Strike","Go for the Eyes"],"picked":"Rebound","floor":6},{"not_picked":["Melter","Doom and Gloom"],"picked":"Glacier+1","floor":8},{"not_picked":["Redo+1","Turbo+1"],"picked":"Coolheaded+1","floor":10},{"not_picked":["Beam Cell+1","Steam+1"],"picked":"Hello World","floor":11},{"not_picked":["Barrage+1","Go for the Eyes+1"],"picked":"Reinforced Body+1","floor":14},{"not_picked":["Meteor Strike+1","Seek+1"],"picked":"Creative AI","floor":16},{"not_picked":["Leap+1","Steam+1"],"picked":"Recycle+1","floor":18},{"not_picked":["Auto Shields+1","Sweeping Beam+1"],"picked":"Barrage+1","floor":22},{"not_picked":["Streamline+1","Reinforced Body+1","Stack+1"],"picked":"SKIP","floor":23}],"player_experience":61816,"relics_obtained":[{"floor":6,"key":"Toxic Egg 2"},{"floor":8,"key":"Molten Egg 2"},{"floor":9,"key":"Mummified Hand"},{"floor":19,"key":"Enchiridion"}],"event_choices":[{"damage_healed":0,"gold_gain":0,"player_choice":"Bought 1 Potion","damage_taken":0,"max_hp_gain":0,"max_hp_loss":0,"event_name":"The Woman in Blue","floor":2,"gold_loss":0},{"damage_healed":0,"gold_gain":0,"player_choice":"Take Damage","damage_taken":18,"relics_obtained":["Golden Idol"],"max_hp_gain":0,"max_hp_loss":0,"event_name":"Golden Idol","floor":5,"gold_loss":0},{"damage_healed":0,"gold_gain":175,"player_choice":"AGREE","damage_taken":0,"max_hp_gain":0,"max_hp_loss":0,"event_name":"Liars Game","floor":12,"gold_loss":0,"cards_obtained":["Doubt"]},{"damage_healed":0,"gold_gain":0,"player_choice":"Obtained Book","damage_taken":16,"max_hp_gain":0,"max_hp_loss":0,"event_name":"Cursed Tome","floor":19,"gold_loss":0},{"damage_healed":0,"gold_gain":0,"player_choice":"Read","damage_taken":0,"max_hp_gain":0,"max_hp_loss":0,"event_name":"The Library","floor":20,"gold_loss":0,"cards_obtained":["Self Repair"]},{"damage_healed":0,"gold_gain":0,"cards_transformed":["Strike_B","Strike_B"],"player_choice":"Became Test Subject","damage_taken":0,"max_hp_gain":0,"max_hp_loss":0,"event_name":"Drug Dealer","floor":21,"gold_loss":0,"cards_obtained":["Turbo","Fusion"]}],"is_beta":false,"boss_relics":[{"not_picked":["Philosopher\u0027s Stone","Coffee Dripper"],"picked":"Nuclear Battery"}],"items_purged_floors":[],"is_endless":false,"potions_floor_spawned":[3,8,11,14,16,22,23],"killed_by":"Cultist and Chosen","ascension_level":2}