{"gold_per_floor":[110,122,136,151,76,86,114,114,114,141,141],"floor_reached":11,"playtime":1049,"items_purged":["Strike_G"],"score":157,"play_id":"e4ffdd81-097b-4bf3-bc59-2a49bd2d6e18","local_time":"20190730101936","is_ascension_mode":true,"campfire_choices":[{"floor":8,"key":"REST"}],"neow_cost":"NONE","seed_source_timestamp":515210918475308,"circlet_count":0,"master_deck":["AscendersBane","Strike_G","Strike_G","Strike_G","Strike_G","Defend_G","Defend_G","Defend_G","Defend_G","Defend_G","Survivor","Neutralize","Deadly Poison","Dagger Spray","Terror","Deadly Poison","Sucker Punch","Blade Dance","Cloak And Dagger"],"relics":["Fusion Hammer","Art of War","Question Card","Shuriken"],"potions_floor_usage":[6,10],"damage_taken":[{"damage":4,"enemies":"Jaw Worm","floor":1,"turns":6},{"damage":0,"enemies":"2 Louse","floor":2,"turns":4},{"damage":0,"enemies":"Cultist","floor":3,"turns":4},{"damage":3,"enemies":"Blue Slaver","floor":4,"turns":3},{"damage":8,"enemies":"Looter","floor":6,"turns":2},{"damage":24,"enemies":"3 Sentries","floor":7,"turns":10},{"damage":37,"enemies":"Gremlin Nob","floor":10,"turns":6},{"damage":2,"enemies":"Gremlin Gang","floor":11,"turns":3}],"seed_played":"-3200197741400129997","potions_obtained":[{"floor":3,"key":"Energy Potion"},{"floor":4,"key":"AttackPotion"},{"floor":6,"key":"FearPotion"}],"is_trial":false,"path_per_floor":["M","M","M","M","$","M","E","R","T","E","M"],"character_chosen":"THE_SILENT","items_purchased":[],"campfire_rested":1,"item_purchase_floors":[],"current_hp_per_floor":[55,55,55,52,52,44,20,39,39,2,0],"gold":141,"neow_bonus":"BOSS_RELIC","is_prod":false,"is_daily":false,"chose_seed":false,"campfire_upgraded":0,"win_rate":0,"timestamp":1564499976,"path_taken":["M","M","M","M","$","M","E","R","T","E","M"],"build_version":"2019-07-17","purchased_purges":1,"victory":false,"max_hp_per_floor":[66,66,66,66,66,66,66,66,66,66,66],"card_choices":[{"not_picked":["Outmaneuver","Finisher"],"picked":"Deadly Poison","floor":1},{"not_picked":["Flying Knee","Dagger Throw"],"picked":"Dagger Spray","floor":2},{"not_picked":["Finisher","Choke"],"picked":"Terror","floor":3},{"not_picked":["Dagger Spray","Tactician"],"picked":"Deadly Poison","floor":4},{"not_picked":["Deflect","Blade Dance"],"picked":"Sucker Punch","floor":6},{"not_picked":["All Out Attack","Heel Hook"],"picked":"Blade Dance","floor":7},{"not_picked":["Dagger Throw","PiercingWail","Underhanded Strike"],"picked":"Cloak And Dagger","floor":10}],"player_experience":1653055,"relics_obtained":[{"floor":7,"key":"Art of War"},{"floor":9,"key":"Question Card"},{"floor":10,"key":"Shuriken"}],"event_choices":[],"is_beta":false,"boss_relics":[],"items_purged_floors":[5],"is_endless":false,"potions_floor_spawned":[3,4,6],"killed_by":"Gremlin Gang","ascension_level":17}