{"gold_per_floor":[50,50,50,104,29,60,60,115,169,169,242,242,19,83,83,217,217,320,423,522,625,227,227,342,342,367,367,486,486,51,167,167,340,340,476,476,809,1031,1031,1182,534,608,658,57,194,341,341,407,407,407],"floor_reached":51,"playtime":2502,"items_purged":["Strike_P","Strike_P","BattleHymn","Defend_P+1","Defend_P+1"],"score":2078,"play_id":"d0787ad0-2cde-439b-8667-492d147fb186","local_time":"20190928020114","is_ascension_mode":true,"campfire_choices":[{"data":"Vigilance","floor":7.0,"key":"SMITH"},{"data":"Wallop","floor":10.0,"key":"SMITH"},{"data":"Eruption","floor":12.0,"key":"SMITH"},{"data":"Defend_P","floor":15.0,"key":"SMITH"},{"data":"Defend_P","floor":23.0,"key":"SMITH"},{"data":"Vault","floor":25.0,"key":"SMITH"},{"data":"Vault","floor":27.0,"key":"SMITH"},{"data":"Wallop","floor":32.0,"key":"SMITH"},{"floor":47,"key":"RECALL"},{"floor":49,"key":"REST"}],"neow_cost":"NO_GOLD","seed_source_timestamp":422680695534600,"circlet_count":0,"master_deck":["AscendersBane","Eruption+1","Vigilance+1","Wish+1","Wallop+1","Wish+1","Vault+1","Vault+1","Wallop+1","Omniscience+1","Wallop+1"],"special_seed":0,"relics":["PureWater","Lantern","Blood Vial","Yang","DollysMirror","Snecko Eye","Vajra","Red Mask","Juzu Bracelet","InkBottle","TungstenRod","CloakClasp","Busted Crown","Singing Bowl","Du-Vu Doll","MealTicket","Frozen Eye","War Paint","MawBank","Whetstone","Meat on the Bone","Dream Catcher","Mummified Hand"],"potions_floor_usage":[],"damage_taken":[{"damage":15.0,"enemies":"Cultist","floor":1.0,"turns":2.0},{"damage":25.0,"enemies":"Small Slimes","floor":4.0,"turns":7.0},{"damage":5.0,"enemies":"Gremlin Nob","floor":6.0,"turns":2.0},{"damage":4.0,"enemies":"Jaw Worm","floor":8.0,"turns":4.0},{"damage":5.0,"enemies":"Lagavulin","floor":11.0,"turns":5.0},{"damage":8.0,"enemies":"Lots of Slimes","floor":14.0,"turns":3.0},{"damage":2.0,"enemies":"The Guardian","floor":16.0,"turns":10.0},{"damage":21.0,"enemies":"Chosen","floor":18.0,"turns":6.0},{"damage":17.0,"enemies":"Shell Parasite","floor":19.0,"turns":7.0},{"damage":6.0,"enemies":"Cultist and Chosen","floor":20.0,"turns":4.0},{"damage":4.0,"enemies":"Snecko","floor":21.0,"turns":4.0},{"damage":3.0,"enemies":"Masked Bandits","floor":24.0,"turns":3.0},{"damage":3.0,"enemies":"Gremlin Leader","floor":28.0,"turns":6.0},{"damage":0.0,"enemies":"Book of Stabbing","floor":31.0,"turns":4.0},{"damage":2.0,"enemies":"Collector","floor":33.0,"turns":9.0},{"damage":25.0,"enemies":"3 Darklings","floor":35.0,"turns":6.0},{"damage":11.0,"enemies":"Giant Head","floor":40.0,"turns":8.0},{"damage":7.0,"enemies":"Nemesis","floor":42.0,"turns":7.0},{"damage":13,"enemies":"3 Shapes","floor":45,"turns":3},{"damage":16,"enemies":"Reptomancer","floor":46,"turns":4},{"damage":16,"enemies":"Nemesis","floor":48,"turns":7},{"damage":28,"enemies":"Awakened One","floor":50,"turns":11}],"seed_played":"9008990707977628107","potions_obtained":[{"floor":4.0,"key":"Dexterity Potion"},{"floor":8.0,"key":"Explosive Potion"},{"floor":14.0,"key":"Weak Potion"},{"floor":21.0,"key":"Strength Potion"},{"floor":31.0,"key":"Dexterity Potion"}],"is_trial":false,"path_per_floor":["M","?","?","M","?","E","R","M","T","R","E","R","$","M","R","B",null,"M","M","M","M","$","R","?","R","T","R","E","?","$","E","R","B",null,"M","?","?","?","T","E","$","E","T","$","M","E","R","E","R","B",null],"character_chosen":"WATCHER","items_purchased":["DollysMirror","Vajra","Vault","TungstenRod","Wallop","Ambrosia","MealTicket","Frozen Eye","Whetstone","Meat on the Bone","BottledMiracle"],"campfire_rested":1,"item_purchase_floors":[13,22,22,30,41,41,41,41,44,44,44],"current_hp_per_floor":[46,46,46,21,21,16,16,12,12,12,9,9,9,3,3,3,47,28,13,9,7,7,7,6,6,6,6,5,5,5,7,7,7,48,25,22,22,22,22,15,15,12,12,27,30,30,30,30,53,39],"gold":407,"neow_bonus":"TRANSFORM_TWO_CARDS","is_prod":false,"is_daily":false,"chose_seed":false,"campfire_upgraded":8,"win_rate":0,"timestamp":1569610874,"path_taken":["M","?","?","?","?","E","R","M","T","R","E","R","?","M","R","BOSS","M","M","M","M","?","R","?","R","T","R","E","?","$","E","R","BOSS","M","?","?","?","?","E","$","E","T","$","M","E","R","E","R","BOSS"],"build_version":"2019-09-27","purchased_purges":5,"victory":true,"max_hp_per_floor":[68,62,62,62,62,62,62,62,62,62,62,62,62,62,62,62,62,62,62,62,62,62,62,62,62,62,62,62,62,62,62,62,62,62,62,62,62,62,62,64,64,66,66,66,68,70,70,72,74,74],"card_choices":[{"not_picked":["EmptyFist","Collect","JustLucky"],"picked":"SKIP","floor":1.0},{"not_picked":["FollowUp","Wireheading","FlowState"],"picked":"SKIP","floor":4.0},{"not_picked":["FollowUp","Fasting"],"picked":"Wallop","floor":6.0},{"not_picked":["CutThroughFate","Weave","EmptyBody"],"picked":"SKIP","floor":8.0},{"not_picked":["DeceiveReality","WreathOfFlame","PathToVictory"],"picked":"SKIP","floor":11.0},{"not_picked":["WindmillStrike","Sanctity","FlyingSleeves"],"picked":"SKIP","floor":14.0},{"not_picked":["DevaForm","Nirvana"],"picked":"Vault","floor":16.0},{"not_picked":["Perseverance","Halt","EmptyFist"],"picked":"SKIP","floor":18.0},{"not_picked":["Halt","Prostrate+1","CutThroughFate"],"picked":"SKIP","floor":19.0},{"not_picked":["Consecrate","Sanctity","Evaluate"],"picked":"SKIP","floor":20.0},{"not_picked":["BowlingBash","Crescendo","BattleHymn"],"picked":"SKIP","floor":21.0},{"not_picked":["SashWhip","FollowUp"],"picked":"Wallop","floor":28.0},{"not_picked":["BowlingBash","ForeignInfluence+1","SashWhip"],"picked":"SKIP","floor":31.0},{"not_picked":["Pray","Adaptation"],"picked":"Omniscience","floor":33.0},{"not_picked":["CrushJoints"],"picked":"SKIP","floor":35.0},{"not_picked":["BowlingBash"],"picked":"Singing Bowl","floor":40.0},{"not_picked":["Tantrum"],"picked":"Singing Bowl","floor":42.0},{"not_picked":["FlurryOfBlows"],"picked":"Singing Bowl","floor":45},{"not_picked":["FlyingSleeves+1"],"picked":"Singing Bowl","floor":46},{"not_picked":["Weave+1"],"picked":"Singing Bowl","floor":48},{"not_picked":["Protect"],"picked":"Singing Bowl","floor":49}],"player_experience":1169866,"relics_obtained":[{"floor":6.0,"key":"Lantern"},{"floor":9.0,"key":"Blood Vial"},{"floor":11.0,"key":"Yang"},{"floor":24.0,"key":"Red Mask"},{"floor":26.0,"key":"Juzu Bracelet"},{"floor":28.0,"key":"InkBottle"},{"floor":31.0,"key":"CloakClasp"},{"floor":39.0,"key":"Singing Bowl"},{"floor":40.0,"key":"Du-Vu Doll"},{"floor":42.0,"key":"War Paint"},{"floor":43.0,"key":"MawBank"},{"floor":46,"key":"Dream Catcher"},{"floor":48,"key":"Mummified Hand"}],"event_choices":[{"damage_healed":0.0,"max_hp_gain":0.0,"max_hp_loss":6.0,"gold_gain":0.0,"event_name":"Golden Idol","player_choice":"Lose Max HP","floor":2.0,"gold_loss":0.0,"damage_taken":0.0,"relics_obtained":["Golden Idol"]},{"damage_healed":0.0,"max_hp_gain":0.0,"max_hp_loss":0.0,"gold_gain":0.0,"event_name":"Upgrade Shrine","player_choice":"Upgraded","floor":3.0,"gold_loss":0.0,"damage_taken":0.0,"cards_upgraded":["Wish"]},{"cards_removed":["Defend_P"],"damage_healed":0.0,"max_hp_gain":0.0,"max_hp_loss":0.0,"gold_gain":0.0,"event_name":"The Cleric","player_choice":"Card Removal","floor":5.0,"gold_loss":75.0,"damage_taken":0.0},{"damage_healed":0.0,"max_hp_gain":0.0,"max_hp_loss":0.0,"gold_gain":0.0,"event_name":"Masked Bandits","player_choice":"Fought Bandits","floor":24.0,"gold_loss":0.0,"damage_taken":0.0},{"cards_removed":["Strike_P"],"damage_healed":0.0,"max_hp_gain":0.0,"max_hp_loss":0.0,"gold_gain":0.0,"event_name":"Back to Basics","player_choice":"Elegance","floor":29.0,"gold_loss":0.0,"damage_taken":0.0},{"damage_healed":0.0,"max_hp_gain":0.0,"max_hp_loss":0.0,"gold_gain":0.0,"event_name":"The Woman in Blue","player_choice":"Bought 0 Potions","floor":36.0,"gold_loss":0.0,"damage_taken":0.0},{"damage_healed":0.0,"max_hp_gain":0.0,"max_hp_loss":0.0,"gold_gain":333.0,"event_name":"The Moai Head","player_choice":"Gave Idol","floor":37.0,"relics_lost":["Golden Idol"],"gold_loss":0.0,"damage_taken":0.0},{"damage_healed":0.0,"max_hp_gain":0.0,"max_hp_loss":0.0,"gold_gain":222.0,"event_name":"Tomb of Lord Red Mask","player_choice":"Wore Mask","floor":38.0,"gold_loss":0.0,"damage_taken":0.0}],"is_beta":true,"boss_relics":[{"not_picked":["Calling Bell","Pandora\u0027s Box"],"picked":"Snecko Eye"},{"not_picked":["Runic Dome","Sozu"],"picked":"Busted Crown"}],"items_purged_floors":[13,22,30,41,44],"is_endless":false,"potions_floor_spawned":[4,8,14,18,21,31,35,45,48],"ascension_level":15}