{"gold_per_floor":[110,110,130,205,205,230,240,240],"floor_reached":8,"playtime":115,"items_purged":[],"score":154,"play_id":"77862241-270f-4b95-be30-6a658049a907","local_time":"20190922012255","is_ascension_mode":true,"campfire_choices":[],"neow_cost":"NONE","seed_source_timestamp":87717204532200,"circlet_count":0,"master_deck":["AscendersBane","Strike_P","Strike_P","Strike_P+1","Strike_P+1","Defend_P","Defend_P","Defend_P","Eruption","Vigilance"],"relics":["PureWater","NeowsBlessing","Shuriken"],"potions_floor_usage":[8,8],"damage_taken":[{"damage":0,"enemies":"2 Louse","floor":1,"turns":1},{"damage":0,"enemies":"Small Slimes","floor":3,"turns":1},{"damage":0,"enemies":"Gremlin Nob","floor":6,"turns":1},{"damage":0,"enemies":"Cultist","floor":7,"turns":2},{"damage":13,"enemies":"3 Sentries","floor":8,"turns":3}],"seed_played":"-3594032534649928640","potions_obtained":[{"floor":3,"key":"DuplicationPotion"},{"floor":6,"key":"Dexterity Potion"}],"is_trial":false,"path_per_floor":["M","?","M","?","?","E","M","E"],"character_chosen":"WATCHER","items_purchased":[],"campfire_rested":0,"item_purchase_floors":[],"current_hp_per_floor":[55,37,37,26,19,19,19,6],"gold":240,"neow_bonus":"THREE_ENEMY_KILL","is_prod":false,"is_daily":false,"chose_seed":false,"campfire_upgraded":0,"win_rate":0,"timestamp":1569090175,"path_taken":["M","?","M","?","?","E","M","E"],"build_version":"2019-09-20","purchased_purges":0,"victory":false,"max_hp_per_floor":[61,61,61,61,61,61,61,61],"card_choices":[{"not_picked":["Weave","Prostrate","ClearTheMind"],"picked":"SKIP","floor":1},{"not_picked":["WindmillStrike","Meditate","DeceiveReality"],"picked":"SKIP","floor":3},{"not_picked":["StepAndStrike","CrushJoints","Vengeance"],"picked":"SKIP","floor":6},{"not_picked":["CrushJoints","Halt","Weave"],"picked":"SKIP","floor":7}],"player_experience":1130260,"relics_obtained":[{"floor":6,"key":"Shuriken"}],"event_choices":[{"damage_healed":0,"gold_gain":0,"player_choice":"Entered Light","damage_taken":18,"max_hp_gain":0,"max_hp_loss":0,"event_name":"Shining Light","floor":2,"gold_loss":0,"cards_upgraded":["Strike_P","Strike_P"]},{"damage_healed":0,"gold_gain":75,"player_choice":"Gather Gold","damage_taken":11,"max_hp_gain":0,"max_hp_loss":0,"event_name":"World of Goop","floor":4,"gold_loss":0},{"cards_removed":["Defend_P"],"damage_healed":0,"gold_gain":0,"player_choice":"Card Removal","damage_taken":7,"max_hp_gain":0,"max_hp_loss":0,"event_name":"Golden Wing","floor":5,"gold_loss":0}],"is_beta":true,"boss_relics":[],"items_purged_floors":[],"is_endless":false,"potions_floor_spawned":[3,6],"killed_by":"3 Sentries","ascension_level":18}