{"path_per_floor":["M","?","M","?","M","E","M","M","T","E","M","M","E","$","R","B",null,"M","M","?","M","?","E","M","R","T","M","M","$","M","E","R","B",null,"M","?","?","M","M","E","R","?","T","?","M","$","M","M","R","B"],"character_chosen":"THE_SILENT","items_purchased":["Shuriken","Footwork","Girya","GhostInAJar","Apotheosis"],"gold_per_floor":[114,114,129,204,219,249,264,279,304,334,349,364,394,105,105,205,205,220,235,235,250,250,280,295,295,320,335,350,50,65,95,95,195,225,240,240,240,255,270,300,300,349,349,349,364,89,104,119,119,119],"floor_reached":51,"campfire_rested":0,"playtime":3102,"item_purchase_floors":[14,14,29,46,46],"current_hp_per_floor":[70,75,75,64,63,47,47,43,43,43,39,33,35,35,35,15,85,85,85,85,78,78,50,50,72,72,72,60,60,53,34,60,60,90,90,90,90,86,76,61,90,66,66,66,50,50,40,25,65,58],"items_purged":[],"gold":119,"score":970,"play_id":"95ed84ae-7ffb-482b-b984-6ef4e4c689a9","local_time":"20180623105236","daily_mods":["Diverse","Time Dilation","Hoarder"],"is_prod":false,"is_daily":true,"chose_seed":false,"is_ascension_mode":false,"campfire_upgraded":2,"win_rate":0,"timestamp":1529727756,"campfire_choices":[{"data":"Footwork","floor":15,"key":"SMITH"},{"data":"Pommel Strike","floor":25,"key":"SMITH"},{"data":"1","floor":32,"key":"LIFT"},{"data":"2","floor":41,"key":"LIFT"},{"data":"3","floor":49,"key":"LIFT"}],"path_taken":["M","?","M","?","M","E","M","M","T","E","?","?","E","?","R","BOSS","M","M","?","M","?","E","M","R","T","M","?","$","M","E","R","BOSS","M","?","?","M","M","E","R","?","T","?","?","$","?","M","R","BOSS"],"build_version":"2018-06-21","seed_source_timestamp":0,"purchased_purges":0,"circlet_count":0,"victory":true,"master_deck":["Defend_G","Defend_G","Defend_G","Defend_G","Strike_G","Strike_G","Strike_G","Strike_G","Strike_G","Survivor","Neutralize","Sword Boomerang","Sword Boomerang","Sword Boomerang","Conserve Battery","Conserve Battery","Melter","Melter","Melter","Armaments","Armaments","Armaments","Ball Lightning","Ball Lightning","Ball Lightning","Pommel Strike","Pommel Strike+1","Pommel Strike","Riddle With Holes","Riddle With Holes","Riddle With Holes","Pommel Strike","Pommel Strike","Pommel Strike","Leap","Leap+1","Leap","Footwork+1","Footwork","Footwork","Reboot","Reboot","Reboot","PiercingWail","PiercingWail","PiercingWail","Sword Boomerang","Sword Boomerang","Sword Boomerang","Cold Snap","Cold Snap","Cold Snap","Neutralize","Neutralize","Neutralize","Conserve Battery","Conserve Battery","Conserve Battery","After Image","After Image","After Image","Reinforced Body","Reinforced Body","Reinforced Body","Corruption+1","Corruption+1","Corruption+1","Go for the Eyes+1","Go for the Eyes+1","Go for the Eyes+1","Metallicize+1","Metallicize+1","Metallicize+1","Writhe","Writhe","Writhe","Cleave+1","Cleave+1","Cleave+1","Cleave+1","Cleave+1","Cleave+1","Machine Learning","Machine Learning","Machine Learning","Backflip","Backflip","Backflip","Stack+1","Stack+1","Stack+1","Apotheosis","Apotheosis","Apotheosis","Flame Barrier","Flame Barrier","Flame Barrier","Sucker Punch+1","Sucker Punch+1","Sucker Punch+1"],"max_hp_per_floor":[70,75,75,75,75,75,75,75,75,75,75,75,85,85,85,85,85,85,85,85,85,85,85,85,85,85,85,85,85,85,85,85,85,90,90,90,90,90,90,90,90,90,90,90,90,90,90,90,90,90],"special_seed":17705,"relics":["Ring of the Snake","Ancient Tea Set","Happy Flower","Du-Vu Doll","Pear","Shuriken","Eternal Feather","Pen Nib","Vajra","Girya","Matryoshka","Tiny House","Calipers","Incense Burner","Snake Skull","Kunai"],"card_choices":[{"not_picked":["Tempest","Sweeping Beam"],"picked":"Sword Boomerang","floor":1},{"not_picked":["Ball Lightning","Anger"],"picked":"Conserve Battery","floor":3},{"not_picked":["Outmaneuver","Dash"],"picked":"Melter","floor":5},{"not_picked":["Double Energy","Rupture"],"picked":"Armaments","floor":6},{"not_picked":["Noxious Fumes","Storm"],"picked":"Ball Lightning","floor":7},{"not_picked":["Meteor Strike","Heavy Blade"],"picked":"Pommel Strike","floor":8},{"not_picked":["Prepared","Fiend Fire","Barrage"],"picked":"SKIP","floor":10},{"not_picked":["White Noise","Ghostly Armor"],"picked":"Riddle With Holes","floor":11},{"not_picked":["Headbutt","Dagger Throw"],"picked":"Pommel Strike","floor":12},{"not_picked":["Underhanded Strike","Carnage"],"picked":"Leap","floor":13},{"not_picked":["Tactician","Corpse Explosion"],"picked":"Reboot","floor":16},{"not_picked":["Poisoned Stab","Hello World"],"picked":"PiercingWail","floor":18},{"not_picked":["Dodge and Roll+1","Chaos+1"],"picked":"Sword Boomerang","floor":19},{"not_picked":["Force Field+1","Searing Blow"],"picked":"Cold Snap","floor":21},{"not_picked":["Seeing Red","Rebound"],"picked":"Conserve Battery","floor":23},{"not_picked":["Burning Pact","Warcry+1","Twin Strike"],"picked":"SKIP","floor":24},{"not_picked":["Sucker Punch","Clothesline"],"picked":"After Image","floor":27},{"not_picked":["Perfected Strike","Rage"],"picked":"Reinforced Body","floor":28},{"not_picked":["Riddle With Holes+1","Sucker Punch","Shrug It Off"],"picked":"SKIP","floor":30},{"not_picked":["Rainbow","Dark Embrace"],"picked":"Corruption+1","floor":31},{"not_picked":["Pommel Strike","Bloodletting"],"picked":"Go for the Eyes+1","floor":34},{"not_picked":["Clash","Barrage"],"picked":"Metallicize+1","floor":35},{"not_picked":["Searing Blow+1","Quick Slash+1"],"picked":"Cleave+1","floor":38},{"not_picked":["Anger+1","Outmaneuver+1"],"picked":"Cleave+1","floor":39},{"not_picked":["Streamline+1","Dual Wield+1"],"picked":"Machine Learning","floor":40},{"not_picked":["Dash","Predator"],"picked":"Backflip","floor":42},{"not_picked":["Wild Strike+1","Perfected Strike"],"picked":"Stack+1","floor":45},{"not_picked":["Rage","Expertise+1"],"picked":"Flame Barrier","floor":47},{"not_picked":["Chaos+1","Amplify"],"picked":"Sucker Punch+1","floor":48}],"player_experience":106299,"potions_floor_usage":[10,13,23,28,33,33,39,40,50,50,50],"damage_taken":[{"damage":0,"enemies":"Small Slimes","floor":1,"turns":3},{"damage":0,"enemies":"2 Louse","floor":3,"turns":2},{"damage":1,"enemies":"Jaw Worm","floor":5,"turns":5},{"damage":16,"enemies":"3 Sentries","floor":6,"turns":8},{"damage":0,"enemies":"3 Louse","floor":7,"turns":4},{"damage":4,"enemies":"Exordium Wildlife","floor":8,"turns":4},{"damage":0,"enemies":"Gremlin Nob","floor":10,"turns":2},{"damage":4,"enemies":"Lots of Slimes","floor":11,"turns":2},{"damage":6,"enemies":"Red Slaver","floor":12,"turns":3},{"damage":8,"enemies":"3 Sentries","floor":13,"turns":5},{"damage":20,"enemies":"The Guardian","floor":16,"turns":12},{"damage":0,"enemies":"Shell Parasite","floor":18,"turns":6},{"damage":0,"enemies":"Spheric Guardian","floor":19,"turns":2},{"damage":7,"enemies":"Snake Plant","floor":21,"turns":6},{"damage":28,"enemies":"Gremlin Leader","floor":23,"turns":8},{"damage":0,"enemies":"Sentry and Sphere","floor":24,"turns":2},{"damage":0,"enemies":"Centurion and Healer","floor":27,"turns":3},{"damage":12,"enemies":"Slaver and Parasite","floor":28,"turns":5},{"damage":7,"enemies":"3 Cultists","floor":30,"turns":5},{"damage":19,"enemies":"Book of Stabbing","floor":31,"turns":6},{"damage":0,"enemies":"Champ","floor":33,"turns":7},{"damage":0,"enemies":"Orb Walker","floor":35,"turns":3},{"damage":4,"enemies":"3 Darklings","floor":38,"turns":8},{"damage":10,"enemies":"Spire Growth","floor":39,"turns":5},{"damage":15,"enemies":"2 Orb Walkers","floor":40,"turns":4},{"damage":24,"floor":42,"turns":3},{"damage":16,"enemies":"4 Shapes","floor":45,"turns":4},{"damage":10,"enemies":"Flame Bruiser 2 Orb","floor":47,"turns":4},{"damage":15,"enemies":"3 Darklings","floor":48,"turns":4},{"damage":7,"enemies":"Awakened One","floor":50,"turns":25}],"relics_obtained":[{"floor":6,"key":"Ancient Tea Set"},{"floor":9,"key":"Happy Flower"},{"floor":10,"key":"Du-Vu Doll"},{"floor":13,"key":"Pear"},{"floor":23,"key":"Pen Nib"},{"floor":26,"key":"Vajra"},{"floor":31,"key":"Matryoshka"},{"floor":40,"key":"Calipers"},{"floor":42,"key":"Incense Burner"},{"floor":43,"key":"Snake Skull"},{"floor":43,"key":"Kunai"}],"event_choices":[{"event_name":"Big Fish","player_choice":"Donut","floor":2,"damage_taken":0},{"event_name":"World of Goop","player_choice":"Gather Gold","floor":4,"damage_taken":0},{"event_name":"Purifier","player_choice":"One Purge","floor":20,"damage_taken":0},{"event_name":"Match and Keep!","player_choice":"1 cards matched","floor":22,"damage_taken":0},{"event_name":"The Woman in Blue","player_choice":"Bought 0 Potions","floor":36,"damage_taken":0},{"event_name":"Winding Halls","player_choice":"Writhe","floor":37,"damage_taken":0},{"event_name":"Mysterious Sphere","player_choice":"Fight","floor":42,"damage_taken":0},{"event_name":"Falling","player_choice":"Removed Skill","floor":44,"damage_taken":0}],"boss_relics":[{"not_picked":["Astrolabe","Black Star"],"picked":"Eternal Feather"},{"not_picked":["White Beast Statue","Busted Crown"],"picked":"Tiny House"}],"items_purged_floors":[],"is_endless":false,"potions_floor_spawned":[1,6,10,12,23,24,31,33,35,45,47,48],"seed_played":"3243282396606865900","ascension_level":0,"potions_obtained":[{"floor":1,"key":"Energy Potion"},{"floor":6,"key":"Ancient Potion"},{"floor":10,"key":"FearPotion"},{"floor":12,"key":"Dexterity Potion"},{"floor":23,"key":"LiquidBronze"},{"floor":24,"key":"Weak Potion"},{"floor":31,"key":"EssenceOfSteel"},{"floor":33,"key":"Poison Potion"},{"floor":34,"key":"LiquidBronze"},{"floor":35,"key":"Weak Potion"},{"floor":45,"key":"Weak Potion"},{"floor":48,"key":"EssenceOfSteel"}],"is_trial":false}