{"gold_per_floor":[110,110,10,20,20,20,42,42,86,102,116,142,158,158,158,215,215,226,234,234,42,42,42,62,62,62,62,71,93,93,19,19,83,125,139,152,162,0,10,10,10,10,10,10,39,131,140,140,140,152,152],"floor_reached":51,"playtime":2561,"items_purged":["Defend_P"],"score":1815,"play_id":"f114243a-6e45-431f-b40b-33c8e274343b","local_time":"20190926210053","is_ascension_mode":true,"campfire_choices":[{"data":"WindmillStrike","floor":6.0,"key":"SMITH"},{"data":"Vigilance","floor":8.0,"key":"SMITH"},{"data":"Protect","floor":15.0,"key":"SMITH"},{"data":"Protect","floor":23.0,"key":"SMITH"},{"data":"Strike_P","floor":25.0,"key":"SMITH"},{"data":"Strike_P","floor":30.0,"key":"SMITH"},{"data":"Wallop","floor":32.0,"key":"SMITH"},{"data":"Ragnarok","floor":40.0,"key":"SMITH"},{"data":"MentalFortress","floor":44.0,"key":"SMITH"},{"data":"WreathOfFlame","floor":49.0,"key":"SMITH"}],"neow_cost":"NONE","seed_source_timestamp":318485099397400,"circlet_count":0,"master_deck":["Eruption","Vigilance+1","AscMod:ascendersbane","WindmillStrike+1","Worship","Protect+1","Protect+1","Wish","Worship","Wallop+1","Ragnarok+1","WreathOfFlame+1","WheelKick","DeceiveReality","Conclude","MentalFortress+1","Indignation","Ragnarok+1","Normality","Regret","Regret","Injury"],"special_seed":0,"relics":["Snecko Eye","Omamori","War Paint","Tiny Chest","Happy Flower","Philosopher\u0027s Stone","CeramicFish","Vajra","Boot","Matryoshka","Bag of Marbles","Blood Vial","Pandora\u0027s Box","Red Mask","Molten Egg 2","White Beast Statue","Potion Belt","Mango","Torii"],"potions_floor_usage":[50,50],"damage_taken":[{"damage":4.0,"enemies":"Small Slimes","floor":1.0,"turns":4.0},{"damage":0.0,"enemies":"Jaw Worm","floor":4.0,"turns":2.0},{"damage":41.0,"enemies":"3 Sentries","floor":7.0,"turns":8.0},{"damage":0.0,"enemies":"Cultist","floor":10.0,"turns":2.0},{"damage":0.0,"enemies":"Blue Slaver","floor":11.0,"turns":3.0},{"damage":0.0,"enemies":"Lagavulin","floor":12.0,"turns":4.0},{"damage":0.0,"enemies":"Exordium Thugs","floor":13.0,"turns":3.0},{"damage":0.0,"enemies":"The Guardian","floor":16.0,"turns":9.0},{"damage":0.0,"enemies":"Spheric Guardian","floor":18.0,"turns":1.0},{"damage":0.0,"enemies":"2 Thieves","floor":19.0,"turns":3.0},{"damage":3.0,"enemies":"Slavers","floor":24.0,"turns":5.0},{"damage":0.0,"enemies":"3 Cultists","floor":28.0,"turns":3.0},{"damage":16.0,"enemies":"Collector","floor":33.0,"turns":10.0},{"damage":3.0,"enemies":"3 Shapes","floor":35.0,"turns":4.0},{"damage":0.0,"enemies":"3 Darklings","floor":36.0,"turns":2.0},{"damage":1.0,"enemies":"Sphere and 2 Shapes","floor":37.0,"turns":3.0},{"damage":12.0,"enemies":"Transient","floor":39.0,"turns":6.0},{"damage":0.0,"enemies":"Reptomancer","floor":45.0,"turns":4.0},{"damage":0.0,"enemies":"Mind Bloom Boss Battle","floor":46.0,"turns":3.0},{"damage":5.0,"enemies":"Maw","floor":47.0,"turns":3.0},{"damage":40,"enemies":"Time Eater","floor":50,"turns":7},{"damage":14,"enemies":"Awakened One","floor":51,"turns":1}],"seed_played":"3973875662009090105","potions_obtained":[{"floor":1.0,"key":"PowerPotion"},{"floor":7.0,"key":"DuplicationPotion"},{"floor":12.0,"key":"PowerPotion"},{"floor":13.0,"key":"Weak Potion"},{"floor":14.0,"key":"Energy Potion"},{"floor":24.0,"key":"Fire Potion"},{"floor":28.0,"key":"DuplicationPotion"},{"floor":37.0,"key":"AttackPotion"},{"floor":45.0,"key":"Fire Potion"},{"floor":46.0,"key":"PowerPotion"},{"floor":47.0,"key":"StancePotion"}],"is_trial":false,"path_per_floor":["M","?","$","M","T","R","E","R","T","M","M","E","M","?","R","B",null,"M","M","T","$","?","R","E","R","T","?","M","T","R","$","R","B",null,"M","M","M","?","M","R","?","$","T","R","E","?","M","T","R","B","B"],"character_chosen":"WATCHER","items_purchased":["Vajra","Worship","Wallop"],"campfire_rested":0,"item_purchase_floors":[21,21,31],"current_hp_per_floor":[51,51,51,51,51,51,10,10,10,10,10,10,10,10,10,10,40,40,40,40,40,40,40,37,37,37,37,37,37,37,37,37,23,46,45,47,48,48,38,38,38,38,38,38,40,53,50,50,50,12,0],"gold":152,"neow_bonus":"BOSS_RELIC","is_prod":false,"is_daily":false,"chose_seed":false,"campfire_upgraded":10,"win_rate":0,"timestamp":1569506453,"path_taken":["M","?","$","M","?","R","E","R","T","M","M","E","?","?","R","BOSS","M","M","?","$","?","R","E","R","T","?","M","?","R","?","R","BOSS","M","?","?","?","M","R","?","$","T","R","E","?","M","?","R","BOSS","BOSS"],"build_version":"2019-09-25","purchased_purges":1,"victory":false,"max_hp_per_floor":[61,61,61,61,61,61,61,61,61,61,61,61,61,61,61,61,61,61,61,61,61,61,61,61,61,61,61,61,61,61,61,61,61,61,61,61,61,61,61,61,61,61,61,61,61,75,75,75,75,75,75],"card_choices":[{"not_picked":["ForeignInfluence","Evaluate"],"picked":"WindmillStrike","floor":1.0},{"not_picked":["CleanseEvil","Consecrate"],"picked":"Worship","floor":4.0},{"not_picked":["Halt","BowlingBash"],"picked":"Protect","floor":7.0},{"not_picked":["WaveOfTheHand","Weave"],"picked":"Protect","floor":10.0},{"not_picked":["FlyingSleeves","EmptyFist","SpiritShield"],"picked":"SKIP","floor":11.0},{"not_picked":["Halt","Perseverance","Sanctity"],"picked":"SKIP","floor":12.0},{"not_picked":["Halt","Perseverance","Sanctity"],"picked":"SKIP","floor":12.0},{"not_picked":["FearNoEvil","Crescendo","Protect"],"picked":"SKIP","floor":13.0},{"not_picked":["Adaptation","Judgement"],"picked":"Wish","floor":16.0},{"not_picked":["FlowState+1","Crescendo","TalkToTheHand"],"picked":"SKIP","floor":18.0},{"not_picked":["CutThroughFate","Wireheading+1","Prostrate"],"picked":"SKIP","floor":19.0},{"not_picked":["EmptyFist","BowlingBash","Prostrate"],"picked":"SKIP","floor":24.0},{"not_picked":["EmptyFist","FearNoEvil","Halt"],"picked":"SKIP","floor":28.0},{"not_picked":["Judgement","Blasphemy"],"picked":"Ragnarok","floor":33.0},{"not_picked":["Worship","Protect","Halt"],"picked":"SKIP","floor":35.0},{"not_picked":["BattleHymn","Scrawl","Protect"],"picked":"SKIP","floor":36.0},{"not_picked":["JustLucky","CutThroughFate+1","SpiritShield+1"],"picked":"SKIP","floor":37.0},{"not_picked":["EmptyFist","Prostrate","Protect"],"picked":"SKIP","floor":39.0},{"not_picked":["Weave+1","Alpha"],"picked":"Ragnarok+1","floor":45.0},{"not_picked":["FlyingSleeves+1","Consecrate+1","Perseverance"],"picked":"SKIP","floor":47.0}],"player_experience":1160332,"relics_obtained":[{"floor":5.0,"key":"Omamori"},{"floor":7.0,"key":"War Paint"},{"floor":9.0,"key":"Tiny Chest"},{"floor":12.0,"key":"Happy Flower"},{"floor":20.0,"key":"CeramicFish"},{"floor":24.0,"key":"Boot"},{"floor":26.0,"key":"Matryoshka"},{"floor":29.0,"key":"Bag of Marbles"},{"floor":29.0,"key":"Blood Vial"},{"floor":43.0,"key":"Molten Egg 2"},{"floor":43.0,"key":"White Beast Statue"},{"floor":45.0,"key":"Potion Belt"},{"floor":46.0,"key":"Mango"},{"floor":48.0,"key":"Torii"}],"event_choices":[{"damage_healed":0.0,"max_hp_gain":0.0,"max_hp_loss":0.0,"gold_gain":0.0,"event_name":"Liars Game","player_choice":"Ignored","floor":2.0,"gold_loss":0.0,"damage_taken":0.0},{"damage_healed":0.0,"max_hp_gain":0.0,"max_hp_loss":0.0,"gold_gain":0.0,"event_name":"Lab","player_choice":"Got Potions","floor":14.0,"gold_loss":0.0,"damage_taken":0.0},{"damage_healed":0.0,"max_hp_gain":0.0,"max_hp_loss":0.0,"gold_gain":0.0,"event_name":"The Mausoleum","player_choice":"Ignored","floor":22.0,"gold_loss":0.0,"damage_taken":0.0},{"damage_healed":0.0,"max_hp_gain":0.0,"max_hp_loss":0.0,"gold_gain":0.0,"event_name":"Vampires","player_choice":"Ignored","floor":27.0,"gold_loss":0.0,"damage_taken":0.0},{"damage_healed":0.0,"max_hp_gain":0.0,"max_hp_loss":0.0,"gold_gain":0.0,"event_name":"Tomb of Lord Red Mask","player_choice":"Paid","floor":38.0,"gold_loss":162.0,"damage_taken":0.0,"relics_obtained":["Red Mask"]},{"cards_removed":["Omniscience"],"damage_healed":0.0,"max_hp_gain":0.0,"max_hp_loss":0.0,"gold_gain":0.0,"event_name":"Falling","player_choice":"Removed Power","floor":41.0,"gold_loss":0.0,"damage_taken":0.0},{"damage_healed":0.0,"max_hp_gain":0.0,"max_hp_loss":0.0,"gold_gain":0.0,"event_name":"MindBloom","player_choice":"Fight","floor":46.0,"gold_loss":0.0,"damage_taken":0.0}],"is_beta":true,"boss_relics":[{"not_picked":["TwistingMind"],"picked":"Accursed"},{"not_picked":["TwistingMind"],"picked":"Accursed"},{"not_picked":["Cursed Key","Velvet Choker"],"picked":"Philosopher\u0027s Stone"},{"not_picked":["BlightedDurian"],"picked":"GraspOfShadows"},{"not_picked":["BlightedDurian"],"picked":"GraspOfShadows"},{"not_picked":["SacredBark","VioletLotus"],"picked":"Pandora\u0027s Box"}],"items_purged_floors":[3],"is_endless":false,"potions_floor_spawned":[1,7,12,13,24,28,37,45,46,47],"killed_by":"Awakened One","ascension_level":25}