{"gold_per_floor":[119,132,132,149,163,163,192,245,272,300,311,311,329,346,346,420,420,440,54,74,124,124,150,162,162,162,192,142,142,154,168,168,241,241,251,297,257,276,295,295,327,327,377,377,377,404,416,135,135,135,135],"floor_reached":52,"playtime":3330,"items_purged":["Strike_R"],"score":1974,"play_id":"6332ae19-a7fb-4c67-89f5-c1d98576c021","local_time":"20190427232510","is_ascension_mode":true,"campfire_choices":[{"data":"Bash","floor":6,"key":"SMITH"},{"data":"Feed","floor":12,"key":"SMITH"},{"data":"Metallicize","floor":15,"key":"SMITH"},{"floor":25,"key":"REST"},{"data":"Spot Weakness","floor":29,"key":"SMITH"},{"data":"Metallicize","floor":32,"key":"SMITH"},{"data":"Uppercut","floor":40,"key":"SMITH"},{"data":"Disarm","floor":42,"key":"SMITH"},{"data":"Inflame","floor":49,"key":"SMITH"}],"neow_cost":"NONE","seed_source_timestamp":514406201727438,"circlet_count":0,"master_deck":["AscendersBane","Strike_R","Strike_R","Strike_R","Strike_R","Defend_R","Defend_R","Defend_R+1","Defend_R","Bash+1","Whirlwind+1","Iron Wave","Impervious+1","Shrug It Off","Headbutt","Feed+1","Burning Pact","Metallicize+1","Exhume","Headbutt","Disarm+1","Spot Weakness+1","Flame Barrier","Uppercut+1","Metallicize+1","Feel No Pain+1","Corruption","Offering","Offering","Shrug It Off","Shrug It Off","Disarm","Heavy Blade+1","Metallicize","Impervious","Pummel","Pummel","Battle Trance","Inflame+1"],"relics":["Burning Blood","PreservedInsect","War Paint","Potion Belt","Bronze Scales","Velvet Choker","Incense Burner","Enchiridion","Pantograph","FossilizedHelix","Juzu Bracelet","Orrery","Ice Cream","Art of War","Dream Catcher","Oddly Smooth Stone"],"potions_floor_usage":[7,16,23,33,36,36,46,50],"damage_taken":[{"damage":7,"enemies":"Cultist","floor":1,"turns":4},{"damage":5,"enemies":"Small Slimes","floor":2,"turns":4},{"damage":2,"enemies":"Jaw Worm","floor":4,"turns":4},{"damage":23,"enemies":"Exordium Wildlife","floor":5,"turns":5},{"damage":8,"enemies":"Gremlin Nob","floor":7,"turns":3},{"damage":12,"enemies":"Lagavulin","floor":10,"turns":6},{"damage":0,"enemies":"2 Fungi Beasts","floor":11,"turns":2},{"damage":9,"enemies":"Gremlin Gang","floor":13,"turns":3},{"damage":27,"enemies":"Red Slaver","floor":14,"turns":6},{"damage":1,"enemies":"The Guardian","floor":16,"turns":16},{"damage":26,"enemies":"2 Thieves","floor":18,"turns":4},{"damage":17,"enemies":"Spheric Guardian","floor":20,"turns":7},{"damage":16,"enemies":"Book of Stabbing","floor":23,"turns":5},{"damage":8,"enemies":"Snake Plant","floor":24,"turns":5},{"damage":19,"enemies":"Slavers","floor":27,"turns":8},{"damage":0,"enemies":"Snecko","floor":30,"turns":8},{"damage":0,"enemies":"3 Cultists","floor":31,"turns":7},{"damage":36,"enemies":"Automaton","floor":33,"turns":11},{"damage":10,"enemies":"3 Darklings","floor":35,"turns":4},{"damage":19,"enemies":"2 Orb Walkers","floor":36,"turns":4},{"damage":10,"enemies":"Orb Walker","floor":38,"turns":5},{"damage":0,"enemies":"4 Shapes","floor":39,"turns":7},{"damage":27,"enemies":"Nemesis","floor":41,"turns":11},{"damage":42,"enemies":"Reptomancer","floor":46,"turns":9},{"damage":1,"enemies":"Transient","floor":47,"turns":6},{"damage":61,"enemies":"Awakened One","floor":50,"turns":19},{"damage":20,"enemies":"Time Eater","floor":51,"turns":16}],"seed_played":"3986377665222997365","potions_obtained":[{"floor":2,"key":"Dexterity Potion"},{"floor":5,"key":"FearPotion"},{"floor":13,"key":"EssenceOfSteel"},{"floor":16,"key":"SkillPotion"},{"floor":24,"key":"Explosive Potion"},{"floor":27,"key":"Explosive Potion"},{"floor":31,"key":"SkillPotion"},{"floor":33,"key":"SpeedPotion"},{"floor":35,"key":"Fire Potion"},{"floor":37,"key":"PowerPotion"},{"floor":37,"key":"LiquidBronze"},{"floor":46,"key":"AttackPotion"}],"is_trial":false,"path_per_floor":["M","M","?","M","M","R","E","?","T","E","M","R","M","M","R","B",null,"M","$","M","?","?","E","M","R","T","E","?","R","M","M","R","B",null,"M","?","?","M","M","R","E","R","T","?","?","E","M","$","R","B","B",null],"character_chosen":"IRONCLAD","items_purchased":["Disarm","Incense Burner","Inflame","Oddly Smooth Stone"],"campfire_rested":1,"item_purchase_floors":[19,19,48,48],"current_hp_per_floor":[67,68,68,72,55,55,53,53,53,47,56,56,57,40,40,45,76,60,60,53,53,32,22,20,48,48,39,39,39,49,63,63,62,101,101,96,96,96,106,106,89,89,89,89,89,53,58,58,58,32,47],"gold":135,"neow_bonus":"RANDOM_COMMON_RELIC","is_prod":false,"is_daily":false,"chose_seed":false,"campfire_upgraded":8,"win_rate":0,"timestamp":1556421910,"path_taken":["M","M","?","?","M","R","E","?","T","E","M","R","M","M","R","BOSS","M","$","M","?","?","E","M","R","T","E","?","R","M","M","R","BOSS","M","?","?","M","M","R","E","R","T","?","?","E","M","$","R","BOSS","BOSS"],"build_version":"2019-01-23","purchased_purges":1,"victory":true,"max_hp_per_floor":[75,75,75,75,75,75,75,75,75,75,78,78,82,86,86,86,86,90,90,94,94,94,94,94,94,94,98,98,98,102,110,110,114,114,118,126,126,130,134,134,138,138,138,131,131,131,131,131,131,135,139],"card_choices":[{"not_picked":["Cleave","Clash"],"picked":"Whirlwind","floor":1},{"not_picked":["Perfected Strike","Whirlwind"],"picked":"Iron Wave","floor":2},{"not_picked":["Armaments","Shockwave"],"picked":"Impervious","floor":4},{"not_picked":["Carnage","Iron Wave"],"picked":"Shrug It Off","floor":5},{"not_picked":["Clash","Havoc"],"picked":"Headbutt","floor":7},{"not_picked":["Anger","Disarm"],"picked":"Feed","floor":10},{"not_picked":["Anger","Cleave"],"picked":"Burning Pact","floor":11},{"not_picked":["True Grit","Armaments","Clash"],"picked":"SKIP","floor":13},{"not_picked":["Clash","Body Slam"],"picked":"Metallicize","floor":14},{"not_picked":["Double Tap","Barricade"],"picked":"Exhume","floor":16},{"not_picked":["Hemokinesis","Twin Strike"],"picked":"Headbutt","floor":18},{"not_picked":["Sword Boomerang+1","Evolve"],"picked":"Spot Weakness","floor":20},{"not_picked":["Entrench+1","Corruption"],"picked":"Flame Barrier","floor":23},{"not_picked":["Havoc","Wild Strike+1"],"picked":"Uppercut","floor":24},{"not_picked":["Perfected Strike","Combust"],"picked":"Metallicize","floor":27},{"not_picked":["Havoc","Flex"],"picked":"Feel No Pain+1","floor":30},{"not_picked":["Wild Strike","Warcry"],"picked":"Corruption","floor":31},{"not_picked":["Juggernaut","Barricade"],"picked":"Offering","floor":33},{"not_picked":["Reckless Charge","Sword Boomerang"],"picked":"Offering","floor":34},{"not_picked":["Pummel","Perfected Strike"],"picked":"Shrug It Off","floor":34},{"not_picked":["Armaments","Pommel Strike"],"picked":"Shrug It Off","floor":34},{"not_picked":["Havoc","Pummel"],"picked":"Disarm","floor":34},{"not_picked":["Shockwave","Clash"],"picked":"Heavy Blade+1","floor":35},{"not_picked":["Flex","Perfected Strike"],"picked":"Metallicize","floor":38},{"not_picked":["Rampage+1","Seeing Red"],"picked":"Impervious","floor":39},{"not_picked":["Flex+1","Carnage"],"picked":"Pummel","floor":41},{"not_picked":["Warcry","Body Slam+1"],"picked":"Pummel","floor":46},{"not_picked":["Burning Pact+1","Perfected Strike+1"],"picked":"Battle Trance","floor":47}],"player_experience":799917,"relics_obtained":[{"floor":7,"key":"War Paint"},{"floor":9,"key":"Potion Belt"},{"floor":10,"key":"Bronze Scales"},{"floor":22,"key":"Enchiridion"},{"floor":23,"key":"Pantograph"},{"floor":26,"key":"FossilizedHelix"},{"floor":27,"key":"Juzu Bracelet"},{"floor":36,"key":"Ice Cream"},{"floor":41,"key":"Art of War"},{"floor":46,"key":"Dream Catcher"}],"event_choices":[{"damage_healed":0,"gold_gain":0,"player_choice":"Forge","damage_taken":0,"max_hp_gain":0,"max_hp_loss":0,"event_name":"Accursed Blacksmith","floor":3,"gold_loss":0,"cards_upgraded":["Whirlwind"]},{"damage_healed":0,"gold_gain":53,"player_choice":"Gained Gold","damage_taken":0,"max_hp_gain":0,"max_hp_loss":0,"event_name":"Golden Wing","floor":8,"gold_loss":0},{"damage_healed":0,"gold_gain":50,"player_choice":"Stole From Cult","damage_taken":0,"max_hp_gain":0,"max_hp_loss":0,"event_name":"Nest","floor":21,"gold_loss":0},{"damage_healed":0,"gold_gain":0,"player_choice":"Obtained Book","damage_taken":21,"max_hp_gain":0,"max_hp_loss":0,"event_name":"Cursed Tome","floor":22,"gold_loss":0},{"damage_healed":0,"gold_gain":0,"player_choice":"Bet on Murderer","damage_taken":0,"max_hp_gain":0,"max_hp_loss":0,"event_name":"The Joust","floor":28,"gold_loss":50},{"damage_healed":0,"gold_gain":0,"player_choice":"Fight","damage_taken":0,"max_hp_gain":0,"max_hp_loss":0,"event_name":"Mysterious Sphere","floor":36,"gold_loss":0},{"damage_healed":0,"gold_gain":0,"player_choice":"Bought 3 Potions","damage_taken":0,"max_hp_gain":0,"max_hp_loss":0,"event_name":"The Woman in Blue","floor":37,"gold_loss":0},{"damage_healed":0,"gold_gain":0,"player_choice":"Max HP","damage_taken":0,"max_hp_gain":0,"max_hp_loss":7,"event_name":"Winding Halls","floor":44,"gold_loss":0},{"damage_healed":0,"gold_gain":0,"player_choice":"Ignored","damage_taken":0,"max_hp_gain":0,"max_hp_loss":0,"event_name":"Tomb of Lord Red Mask","floor":45,"gold_loss":0}],"is_beta":false,"boss_relics":[{"not_picked":["Philosopher\u0027s Stone","Runic Dome"],"picked":"Velvet Choker"},{"not_picked":["Empty Cage","Tiny House"],"picked":"Orrery"}],"items_purged_floors":[48],"is_endless":false,"potions_floor_spawned":[2,5,13,16,24,27,31,33,35,41,46],"ascension_level":20}