{"gold_per_floor":[114,114,114,129,304,304,334,349,349,379,394,424,424,439,439,539,539,554,554,569,584,584,614,629,659,659,674,449,449,764,794,794,894,894,909,924,1174,1189,1204,1204,1234,1234,1234,1264,1264,1264,1324,1339,1339,1339],"floor_reached":51,"playtime":1428,"items_purged":["Strike_R"],"score":1267,"play_id":"0d03206d-1f3f-4d17-82a9-191d35c3c9e4","local_time":"20180707101632","daily_mods":["Brewmaster","Time Dilation","Vintage"],"is_ascension_mode":false,"campfire_choices":[{"data":"Bash","floor":6,"key":"SMITH"},{"data":"Whirlwind","floor":13,"key":"SMITH"},{"data":"Perfected Strike","floor":15,"key":"SMITH"},{"data":"Flex","floor":32,"key":"SMITH"},{"data":"Offering","floor":42,"key":"SMITH"},{"data":"Venomology","floor":46,"key":"SMITH"},{"data":"Venomology","floor":49,"key":"SMITH"}],"neow_cost":"","seed_source_timestamp":0,"circlet_count":0,"master_deck":["Strike_R+1","Strike_R","Defend_R","Defend_R+1","Defend_R","Bash+1","Venomology","Venomology","Venomology+1","Venomology+1","Venomology+1","Doubt","Perfected Strike+1","Whirlwind+1","Demon Form+1","Offering+1","Demon Form+1","Flex+1","Whirlwind+1","Demon Form+1","Regret","Writhe","Evolve+1","Shame","Seeing Red+1"],"special_seed":17719,"relics":["Burning Blood","White Beast Statue","Centennial Puzzle","Orichalcum","Du-Vu Doll","Blood Vial","Bag of Marbles","Magic Flower","Frozen Egg 2","Bronze Scales","Matryoshka","Letter Opener","War Paint","Mark of Pain","Paper Frog","Bag of Preparation","Pantograph","Ancient Tea Set","Art of War","Shuriken","Lantern","Molten Egg 2","Whetstone","Vajra","Old Coin","Toxic Egg 2","Juzu Bracelet","Cursed Key","Regal Pillow","Darkstone Periapt","Happy Flower","Potion Belt","Ornamental Fan","Sundial","Pen Nib","Tiny Chest","Anchor"],"potions_floor_usage":[1,4,4,7,7,7,7,7,8,8,8,10,10,10,10,11,11,12,14,16,16,16,16,16,18,18,18,18,20,20,20,21,23,23,23,23,24,24,25,25,25,25,25,27,27,27,31,31,31,33,33,33,33,33,33,38,39,41,41,41,41,47,47,47,47,48,48,48,50,50,50,50,50,50,50,50,50,50,50,50,50],"damage_taken":[{"damage":20,"enemies":"Jaw Worm","floor":1,"turns":4},{"damage":5,"enemies":"Small Slimes","floor":4,"turns":3},{"damage":2,"enemies":"3 Sentries","floor":7,"turns":9},{"damage":8,"enemies":"2 Louse","floor":8,"turns":3},{"damage":6,"enemies":"Gremlin Nob","floor":10,"turns":4},{"damage":0,"enemies":"Blue Slaver","floor":11,"turns":1},{"damage":0,"enemies":"3 Sentries","floor":12,"turns":1},{"damage":7,"enemies":"2 Fungi Beasts","floor":14,"turns":2},{"damage":0,"enemies":"Slime Boss","floor":16,"turns":4},{"damage":14,"enemies":"2 Thieves","floor":18,"turns":3},{"damage":4,"enemies":"Spheric Guardian","floor":20,"turns":2},{"damage":4,"enemies":"Snake Plant","floor":21,"turns":1},{"damage":4,"enemies":"Book of Stabbing","floor":23,"turns":2},{"damage":8,"enemies":"Chosen and Byrds","floor":24,"turns":3},{"damage":25,"enemies":"Gremlin Leader","floor":25,"turns":6},{"damage":8,"enemies":"Sentry and Sphere","floor":27,"turns":3},{"damage":2,"enemies":"Snecko","floor":30,"turns":3},{"damage":4,"enemies":"Book of Stabbing","floor":31,"turns":1},{"damage":4,"enemies":"Champ","floor":33,"turns":4},{"damage":0,"enemies":"Orb Walker","floor":35,"turns":1},{"damage":0,"enemies":"3 Darklings","floor":36,"turns":1},{"damage":0,"enemies":"Spire Growth","floor":38,"turns":1},{"damage":0,"enemies":"Flame Bruiser 2 Orb","floor":39,"turns":1},{"damage":7,"enemies":"Giant Head","floor":41,"turns":5},{"damage":4,"enemies":"2 Orb Walkers","floor":44,"turns":1},{"damage":36,"enemies":"Nemesis","floor":47,"turns":3},{"damage":24,"enemies":"4 Shapes","floor":48,"turns":3},{"damage":4,"enemies":"Donu and Deca","floor":50,"turns":2}],"seed_played":"-5610983590349585426","potions_obtained":[{"floor":1,"key":"Explosive Potion"},{"floor":7,"key":"SteroidPotion"},{"floor":8,"key":"Swift Potion"},{"floor":10,"key":"EntropicBrew"},{"floor":11,"key":"Fire Potion"},{"floor":12,"key":"Poison Potion"},{"floor":16,"key":"Ancient Potion"},{"floor":20,"key":"SkillPotion"},{"floor":21,"key":"Fire Potion"},{"floor":23,"key":"Regen Potion"},{"floor":24,"key":"SpeedPotion"},{"floor":25,"key":"Regen Potion"},{"floor":27,"key":"EssenceOfSteel"},{"floor":33,"key":"Weak Potion"},{"floor":35,"key":"Swift Potion"},{"floor":36,"key":"Dexterity Potion"},{"floor":38,"key":"EssenceOfSteel"},{"floor":41,"key":"Ancient Potion"},{"floor":44,"key":"SneckoOil"},{"floor":47,"key":"Explosive Potion"}],"is_trial":false,"path_per_floor":["M","?","?","M","?","R","E","M","T","E","M","E","R","M","R","B",null,"M","?","M","M","?","E","M","E","T","M","$","?","M","E","R","B",null,"M","M","?","M","M","?","E","R","T","E","?","R","E","M","R","B"],"character_chosen":"IRONCLAD","items_purchased":["Vajra"],"campfire_rested":0,"item_purchase_floors":[28],"current_hp_per_floor":[66,66,54,63,63,63,80,78,78,80,80,80,80,80,80,80,80,75,75,80,80,80,80,80,64,64,80,80,80,80,80,80,80,80,80,80,86,86,86,92,92,92,98,98,98,98,71,73,73,98],"gold":1339,"neow_bonus":"","is_prod":false,"is_daily":true,"chose_seed":false,"campfire_upgraded":7,"win_rate":0,"timestamp":1530935192,"path_taken":["M","?","?","M","?","R","E","M","T","E","M","E","R","?","R","BOSS","M","?","?","M","?","E","M","E","T","?","$","?","M","E","R","BOSS","M","M","?","M","M","?","E","R","T","E","?","R","E","M","R","BOSS"],"build_version":"2018-07-05","purchased_purges":1,"victory":true,"max_hp_per_floor":[80,80,80,80,80,80,80,80,80,80,80,80,80,80,80,80,80,80,80,80,80,80,80,80,80,80,80,80,80,80,80,80,80,80,80,80,86,86,86,92,92,92,98,98,98,98,98,98,98,98],"card_choices":[{"not_picked":["Havoc","Rupture"],"picked":"Perfected Strike","floor":7},{"not_picked":["Disarm","Clothesline"],"picked":"Whirlwind","floor":10},{"not_picked":["Fiend Fire","Clash"],"picked":"Demon Form+1","floor":12},{"not_picked":["Bludgeon","Immolate"],"picked":"Offering","floor":16},{"not_picked":["Pummel","Heavy Blade"],"picked":"Demon Form+1","floor":23},{"not_picked":["Havoc+1","Warcry+1"],"picked":"Flex","floor":25},{"not_picked":["Armaments+1","Heavy Blade+1","Iron Wave+1"],"picked":"SKIP","floor":31},{"not_picked":["Reaper+1","Limit Break+1"],"picked":"Demon Form+1","floor":33},{"not_picked":["Evolve+1","Body Slam+1","Warcry+1"],"picked":"SKIP","floor":41},{"not_picked":["Body Slam+1","Warcry+1"],"picked":"Evolve+1","floor":41},{"not_picked":["Sever Soul+1","Burning Pact+1","Iron Wave+1"],"picked":"SKIP","floor":44},{"not_picked":["Inflame+1","Reckless Charge+1"],"picked":"Seeing Red+1","floor":47}],"player_experience":153163,"relics_obtained":[{"floor":1,"key":"Centennial Puzzle"},{"floor":4,"key":"Du-Vu Doll"},{"floor":7,"key":"Blood Vial"},{"floor":8,"key":"Bag of Marbles"},{"floor":9,"key":"Magic Flower"},{"floor":10,"key":"Frozen Egg 2"},{"floor":11,"key":"Bronze Scales"},{"floor":12,"key":"Matryoshka"},{"floor":14,"key":"Letter Opener"},{"floor":16,"key":"War Paint"},{"floor":18,"key":"Paper Frog"},{"floor":20,"key":"Bag of Preparation"},{"floor":21,"key":"Pantograph"},{"floor":23,"key":"Ancient Tea Set"},{"floor":24,"key":"Art of War"},{"floor":25,"key":"Shuriken"},{"floor":26,"key":"Lantern"},{"floor":26,"key":"Molten Egg 2"},{"floor":27,"key":"Whetstone"},{"floor":30,"key":"Old Coin"},{"floor":31,"key":"Toxic Egg 2"},{"floor":33,"key":"Juzu Bracelet"},{"floor":35,"key":"Regal Pillow"},{"floor":36,"key":"Darkstone Periapt"},{"floor":39,"key":"Happy Flower"},{"floor":41,"key":"Potion Belt"},{"floor":43,"key":"Ornamental Fan"},{"floor":43,"key":"Sundial"},{"floor":44,"key":"Pen Nib"},{"floor":47,"key":"Tiny Chest"},{"floor":48,"key":"Anchor"}],"event_choices":[{"event_name":"Living Wall","player_choice":"Forget","floor":2,"damage_taken":0},{"event_name":"Scrap Ooze","player_choice":"success","floor":3,"damage_taken":12},{"event_name":"Liars Game","player_choice":"agreed","floor":5,"damage_taken":0},{"event_name":"Purifier","player_choice":"One Purge","floor":19,"damage_taken":0},{"event_name":"The Woman in Blue","player_choice":"Bought 0 Potions","floor":22,"damage_taken":0},{"event_name":"Duplicator","player_choice":"One dupe","floor":29,"damage_taken":0},{"event_name":"Golden Shrine","player_choice":"Desecrate","floor":37,"damage_taken":0},{"event_name":"Winding Halls","player_choice":"Writhe","floor":40,"damage_taken":0},{"event_name":"Falling","player_choice":"Removed Attack","floor":45,"damage_taken":0}],"boss_relics":[{"not_picked":["Tiny House","Eternal Feather"],"picked":"Mark of Pain"},{"not_picked":["Astrolabe","Velvet Choker"],"picked":"Cursed Key"}],"items_purged_floors":[28],"is_endless":false,"potions_floor_spawned":[1,4,7,8,10,11,12,14,16,18,20,21,23,24,25,27,30,31,33,35,36,38,39,41,44,47,48],"ascension_level":0}