{"gold_per_floor":[115,134,145,163,178,213,213,138,161,191,202,72,72,86,86,163,163,178,194,194,194,194],"floor_reached":22,"playtime":4232,"items_purged":["Phantasmal Killer"],"score":366,"play_id":"ce3137d6-4456-4d97-9986-1651d0005cff","local_time":"20190723230037","is_ascension_mode":true,"campfire_choices":[{"floor":7,"key":"REST"},{"data":"After Image","floor":13,"key":"SMITH"},{"floor":15,"key":"REST"}],"neow_cost":"NONE","seed_source_timestamp":856806760869194,"circlet_count":0,"master_deck":["AscendersBane","Survivor","Neutralize","Endless Agony+1","Heel Hook+1","Bouncing Flask","Riddle With Holes","Slice","PiercingWail","Accuracy","Expertise","Infinite Blades","Deflect","Infinite Blades","PiercingWail+1","Skewer","Terror+1","PiercingWail","Bouncing Flask","After Image+1","Accuracy","A Thousand Cuts","Choke+1","Dagger Spray+1","Writhe","Decay"],"relics":["Pandora\u0027s Box","Whetstone","Orichalcum","Smiling Mask","Lizard Tail","War Paint"],"potions_floor_usage":[6,6,10,11,19],"damage_taken":[{"damage":0,"enemies":"2 Louse","floor":1,"turns":2},{"damage":3,"enemies":"Small Slimes","floor":2,"turns":3},{"damage":8,"enemies":"Jaw Worm","floor":3,"turns":2},{"damage":16,"enemies":"3 Louse","floor":4,"turns":2},{"damage":2,"enemies":"Blue Slaver","floor":5,"turns":4},{"damage":8,"enemies":"Gremlin Nob","floor":6,"turns":3},{"damage":10,"enemies":"3 Sentries","floor":10,"turns":5},{"damage":0,"enemies":"2 Fungi Beasts","floor":11,"turns":2},{"damage":14,"enemies":"Large Slime","floor":14,"turns":5},{"damage":38,"enemies":"The Guardian","floor":16,"turns":9},{"damage":21,"enemies":"Spheric Guardian","floor":18,"turns":5},{"damage":19,"enemies":"2 Thieves","floor":19,"turns":5},{"damage":61,"enemies":"3 Cultists","floor":22,"turns":4}],"seed_played":"8510038210829721165","potions_obtained":[{"floor":2,"key":"Strength Potion"},{"floor":4,"key":"Swift Potion"},{"floor":5,"key":"Regen Potion"},{"floor":6,"key":"FearPotion"},{"floor":10,"key":"Fire Potion"},{"floor":18,"key":"Weak Potion"}],"is_trial":false,"path_per_floor":["M","M","M","M","M","E","R","?","T","E","M","$","R","M","R","B",null,"M","M","?","?","M"],"character_chosen":"THE_SILENT","items_purchased":["After Image"],"campfire_rested":2,"item_purchase_floors":[12],"current_hp_per_floor":[59,56,48,32,30,31,50,50,50,40,40,40,40,26,45,7,51,30,11,11,11,0],"gold":194,"neow_bonus":"BOSS_RELIC","is_prod":false,"is_daily":false,"chose_seed":false,"campfire_upgraded":1,"win_rate":0,"timestamp":1563940837,"path_taken":["M","M","M","M","M","E","R","?","T","E","M","$","R","M","R","BOSS","M","M","?","?","M"],"build_version":"2019-07-17","purchased_purges":1,"victory":false,"max_hp_per_floor":[66,66,66,66,66,66,66,66,66,66,66,66,66,66,66,66,66,66,66,66,66,66],"card_choices":[{"not_picked":["Dagger Spray","Dagger Throw"],"picked":"Infinite Blades","floor":1},{"not_picked":["Masterful Stab","PiercingWail"],"picked":"Deflect","floor":2},{"not_picked":["Outmaneuver","Calculated Gamble"],"picked":"Infinite Blades","floor":3},{"not_picked":["Acrobatics","Flying Knee"],"picked":"PiercingWail","floor":4},{"not_picked":["Prepared","Deadly Poison"],"picked":"Skewer","floor":5},{"not_picked":["Heel Hook","Choke"],"picked":"Terror","floor":6},{"not_picked":["Outmaneuver","Concentrate"],"picked":"PiercingWail","floor":10},{"not_picked":["Heel Hook","Quick Slash"],"picked":"Bouncing Flask","floor":11},{"not_picked":["Dagger Throw","Predator"],"picked":"Accuracy","floor":14},{"not_picked":["Malaise","Wraith Form v2"],"picked":"A Thousand Cuts","floor":16},{"not_picked":["Flying Knee","Blade Dance"],"picked":"Choke+1","floor":18},{"not_picked":["Quick Slash","Outmaneuver"],"picked":"Dagger Spray+1","floor":19}],"player_experience":1630159,"relics_obtained":[{"floor":6,"key":"Whetstone"},{"floor":9,"key":"Orichalcum"},{"floor":10,"key":"Smiling Mask"}],"event_choices":[{"cards_removed":["Flying Knee"],"damage_healed":0,"gold_gain":0,"player_choice":"Card Removal","damage_taken":0,"max_hp_gain":0,"max_hp_loss":0,"event_name":"The Cleric","floor":8,"gold_loss":75},{"damage_healed":0,"gold_gain":0,"player_choice":"Opened","damage_taken":0,"relics_obtained":["War Paint"],"max_hp_gain":0,"max_hp_loss":0,"event_name":"The Mausoleum","floor":20,"gold_loss":0,"cards_obtained":["Writhe"]},{"damage_healed":0,"gold_gain":0,"player_choice":"Smashed Altar","damage_taken":0,"max_hp_gain":0,"max_hp_loss":0,"event_name":"Forgotten Altar","floor":21,"gold_loss":0,"cards_obtained":["Decay"]}],"is_beta":false,"boss_relics":[{"not_picked":["Velvet Choker","HoveringKite"],"picked":"Lizard Tail"}],"items_purged_floors":[12],"is_endless":false,"potions_floor_spawned":[2,4,5,6,10,18],"killed_by":"3 Cultists","ascension_level":17}