{"gold_per_floor":[109,109,128,140,9,9,43,43,43,78,146,157,489,489],"floor_reached":14,"playtime":451,"items_purged":["Strike_G"],"score":216,"play_id":"b8ea05f5-d482-42e0-a066-db5888a94329","local_time":"20190721185518","is_ascension_mode":true,"campfire_choices":[{"data":"Bouncing Flask","floor":6.0,"key":"SMITH"}],"neow_cost":"NONE","seed_source_timestamp":74002846222394,"circlet_count":0,"master_deck":["AscendersBane","Strike_G","Strike_G","Strike_G","Defend_G","Defend_G","Defend_G","Defend_G","Defend_G","Survivor","Neutralize","Quick Slash","Bouncing Flask+1","Calculated Gamble","Deadly Poison","Quick Slash","Noxious Fumes","Crippling Poison"],"special_seed":0,"relics":["Ring of the Snake","NeowsBlessing","Ornamental Fan","Kunai","Nunchaku","Bottled Lightning","Old Coin"],"potions_floor_usage":[],"damage_taken":[{"damage":0.0,"enemies":"Small Slimes","floor":1.0,"turns":1.0},{"damage":0.0,"enemies":"Cultist","floor":3.0,"turns":1.0},{"damage":0.0,"enemies":"Jaw Worm","floor":4.0,"turns":1.0},{"damage":33.0,"enemies":"Gremlin Nob","floor":7.0,"turns":4.0},{"damage":12.0,"enemies":"Lagavulin","floor":10.0,"turns":5.0},{"damage":10.0,"enemies":"Exordium Wildlife","floor":12.0,"turns":4.0},{"damage":17.0,"enemies":"3 Sentries","floor":13.0,"turns":7.0},{"damage":18,"enemies":"Exordium Thugs","floor":14,"turns":2}],"seed_played":"-904197570889590835","potions_obtained":[{"floor":3.0,"key":"Swift Potion"},{"floor":7.0,"key":"Fire Potion"}],"is_trial":false,"path_per_floor":["M","?","M","M","$","R","E","?","T","E","T","M","E","M"],"character_chosen":"THE_SILENT","items_purchased":["Strength Potion"],"campfire_rested":0,"item_purchase_floors":[5],"current_hp_per_floor":[59,59,59,59,59,59,26,48,48,36,36,26,9,0],"gold":489,"neow_bonus":"THREE_ENEMY_KILL","is_prod":false,"is_daily":false,"chose_seed":false,"campfire_upgraded":1,"win_rate":0,"timestamp":1563749718,"path_taken":["M","?","?","M","$","R","E","?","T","E","?","M","E","?"],"build_version":"2019-07-17","purchased_purges":1,"victory":false,"max_hp_per_floor":[66,66,66,66,66,66,66,66,66,66,66,66,66,66],"card_choices":[{"not_picked":["Reflex","Slice"],"picked":"Quick Slash","floor":1.0},{"not_picked":["Reflex","Blur"],"picked":"Calculated Gamble","floor":3.0},{"not_picked":["Slice","Acrobatics"],"picked":"Deadly Poison","floor":4.0},{"not_picked":["Dagger Spray","PiercingWail"],"picked":"Quick Slash","floor":7.0},{"not_picked":["Quick Slash","Dagger Throw"],"picked":"Noxious Fumes","floor":10.0},{"not_picked":["Reflex","Blur"],"picked":"Crippling Poison","floor":12.0},{"not_picked":["Storm of Steel","A Thousand Cuts","Finisher"],"picked":"SKIP","floor":13.0}],"player_experience":977351,"relics_obtained":[{"floor":7.0,"key":"Ornamental Fan"},{"floor":9.0,"key":"Kunai"},{"floor":10.0,"key":"Nunchaku"},{"floor":11.0,"key":"Bottled Lightning"},{"floor":13.0,"key":"Old Coin"}],"event_choices":[{"damage_healed":0.0,"max_hp_gain":0.0,"max_hp_loss":0.0,"gold_gain":0.0,"cards_transformed":["Strike_G"],"event_name":"Transmorgrifier","player_choice":"Transformed","floor":2.0,"gold_loss":0.0,"damage_taken":0.0,"cards_obtained":["Bouncing Flask"]},{"damage_healed":22.0,"max_hp_gain":0.0,"max_hp_loss":0.0,"gold_gain":0.0,"event_name":"Big Fish","player_choice":"Banana","floor":8.0,"gold_loss":0.0,"damage_taken":0.0}],"is_beta":false,"boss_relics":[],"items_purged_floors":[5],"is_endless":false,"potions_floor_spawned":[3,7,12],"killed_by":"Exordium Thugs","ascension_level":20}