{"gold_per_floor":[110,110,35,95,109,109,109,109,175,75,97,137,147,167],"floor_reached":14,"playtime":173,"items_purged":["Defend_G"],"score":272,"play_id":"5a13c1e0-8a02-449f-b5f2-77cda325a0e0","local_time":"20190828010123","is_ascension_mode":true,"campfire_choices":[{"data":"Neutralize","floor":6,"key":"SMITH"}],"neow_cost":"NONE","seed_source_timestamp":213921574084967,"circlet_count":0,"master_deck":["Strike_G","Strike_G","Strike_G","Strike_G+1","Defend_G","Defend_G","Defend_G+1","Defend_G","Survivor","Neutralize+1","AscMod:ascendersbane","Dash"],"relics":["Ring of the Snake","NeowsBlessing","Blue Candle","Oddly Smooth Stone","Potion Belt"],"potions_floor_usage":[14],"damage_taken":[{"damage":0,"enemies":"2 Louse","floor":1,"turns":1},{"damage":0,"enemies":"Small Slimes","floor":5,"turns":1},{"damage":0,"enemies":"3 Sentries","floor":11,"turns":1},{"damage":0,"enemies":"Cultist","floor":13,"turns":3},{"damage":27,"enemies":"Gremlin Nob","floor":14,"turns":6}],"seed_played":"-4266675269693863166","potions_obtained":[{"floor":5,"key":"GamblersBrew"},{"floor":14,"key":"EssenceOfSteel"}],"is_trial":false,"path_per_floor":["M","?","?","?","M","R","?","$","T","$","E","?","M","E"],"character_chosen":"THE_SILENT","items_purchased":[],"campfire_rested":0,"item_purchase_floors":[],"current_hp_per_floor":[59,59,59,48,48,48,28,28,28,28,28,28,28,1],"gold":167,"neow_bonus":"THREE_ENEMY_KILL","is_prod":false,"is_daily":false,"chose_seed":false,"campfire_upgraded":1,"win_rate":0,"timestamp":1566928883,"path_taken":["M","?","?","?","M","R","?","$","T","$","E","?","M","E"],"build_version":"2019-07-17","purchased_purges":1,"victory":false,"max_hp_per_floor":[66,66,66,66,66,66,66,66,66,66,66,66,66,66],"card_choices":[{"not_picked":["Acrobatics","Underhanded Strike","Catalyst"],"picked":"SKIP","floor":1},{"not_picked":["Heel Hook","Deflect","Acrobatics"],"picked":"SKIP","floor":5},{"not_picked":["Poisoned Stab","Bullet Time"],"picked":"Dash","floor":11},{"not_picked":["Quick Slash","Accuracy","Dodge and Roll"],"picked":"SKIP","floor":13},{"not_picked":["Riddle With Holes","Cloak And Dagger","Poisoned Stab"],"picked":"SKIP","floor":14}],"player_experience":1099811,"relics_obtained":[{"floor":9,"key":"Blue Candle"},{"floor":11,"key":"Oddly Smooth Stone"},{"floor":14,"key":"Potion Belt"}],"event_choices":[{"damage_healed":0,"gold_gain":0,"player_choice":"Ignored","damage_taken":0,"max_hp_gain":0,"max_hp_loss":0,"event_name":"Liars Game","floor":2,"gold_loss":0},{"cards_removed":["Strike_G"],"damage_healed":0,"gold_gain":0,"player_choice":"Card Removal","damage_taken":0,"max_hp_gain":0,"max_hp_loss":0,"event_name":"The Cleric","floor":3,"gold_loss":75},{"damage_healed":0,"gold_gain":75,"player_choice":"Gather Gold","damage_taken":11,"max_hp_gain":0,"max_hp_loss":0,"event_name":"World of Goop","floor":4,"gold_loss":0},{"damage_healed":0,"gold_gain":0,"player_choice":"Entered Light","damage_taken":20,"max_hp_gain":0,"max_hp_loss":0,"event_name":"Shining Light","floor":7,"gold_loss":0,"cards_upgraded":["Defend_G","Strike_G"]},{"damage_healed":0,"gold_gain":50,"player_choice":"Pray","damage_taken":0,"max_hp_gain":0,"max_hp_loss":0,"event_name":"Golden Shrine","floor":12,"gold_loss":0}],"is_beta":false,"boss_relics":[],"items_purged_floors":[10],"is_endless":false,"potions_floor_spawned":[5,14],"killed_by":"Gremlin Nob","ascension_level":25}