{"gold_per_floor":[114,124,13,28,42,77,40,75,75,75,107,121,150,75,75,172,172,188,109,9,0,17,52,64],"floor_reached":24,"playtime":12754,"items_purged":["Defend_B","Strike_B"],"score":256,"play_id":"62832bf5-b3b0-4695-b2ad-b074b97fe5ba","local_time":"20180825212756","is_ascension_mode":true,"campfire_choices":[{"data":"Dualcast","floor":10,"key":"SMITH"},{"data":"Sunder","floor":15,"key":"SMITH"}],"neow_cost":"NONE","seed_source_timestamp":934912817278782,"circlet_count":0,"master_deck":["Strike_B","Strike_B","Strike_B","Defend_B","Defend_B","Defend_B","Zap+1","Dualcast+1","Ball Lightning","Self Repair","Chill","Coolheaded","Tempest","Self Repair","Capacitor","Conserve Battery","Sunder+1","Creative AI","Reprogram+1","Auto Shields+1","Double Energy+1","Coolheaded+1","Reboot+1"],"relics":["Cracked Core","Juzu Bracelet","Prayer Wheel","Turnip","Meat on the Bone","Ancient Tea Set","Black Star","Toxic Egg 2","Strawberry","MawBank"],"potions_floor_usage":[6,8,11,16],"damage_taken":[{"damage":1,"enemies":"Cultist","floor":1,"turns":3},{"damage":1,"enemies":"Jaw Worm","floor":2,"turns":2},{"damage":0,"enemies":"2 Louse","floor":4,"turns":1},{"damage":7,"enemies":"Blue Slaver","floor":5,"turns":2},{"damage":13,"enemies":"Lagavulin","floor":6,"turns":8},{"damage":2,"enemies":"3 Sentries","floor":8,"turns":9},{"damage":41,"enemies":"Gremlin Nob","floor":11,"turns":6},{"damage":6,"enemies":"2 Fungi Beasts","floor":12,"turns":4},{"damage":13,"enemies":"3 Sentries","floor":13,"turns":8},{"damage":37,"enemies":"The Guardian","floor":16,"turns":14},{"damage":19,"enemies":"3 Byrds","floor":18,"turns":5},{"damage":40,"enemies":"2 Thieves","floor":21,"turns":4},{"damage":22,"enemies":"Sentry and Sphere","floor":22,"turns":6},{"damage":36,"enemies":"Gremlin Leader","floor":23,"turns":8},{"damage":26,"enemies":"Colosseum Slavers","floor":24,"turns":8},{"damage":39,"enemies":"Colosseum Nobs","floor":24,"turns":3}],"seed_played":"5713854381170588374","potions_obtained":[{"floor":5,"key":"Weak Potion"},{"floor":6,"key":"Swift Potion"},{"floor":8,"key":"Weak Potion"},{"floor":13,"key":"Regen Potion"}],"is_trial":false,"path_per_floor":["M","M","$","M","M","E","$","E","T","R","E","M","E","$","R","B",null,"M","?","$","M","M","E"],"character_chosen":"DEFECT","items_purchased":["Self Repair","Chill","Self Repair"],"campfire_rested":0,"item_purchase_floors":[3,3,7],"current_hp_per_floor":[74,73,73,73,66,60,60,72,72,72,45,53,54,54,54,58,75,56,56,56,35,39,36,0],"gold":64,"neow_bonus":"UPGRADE_CARD","is_prod":false,"is_daily":false,"chose_seed":false,"campfire_upgraded":2,"win_rate":0,"timestamp":1535250476,"path_taken":["M","M","$","?","M","E","?","E","T","R","E","M","E","$","R","BOSS","M","?","$","M","M","E","?"],"build_version":"2018-08-23v2","purchased_purges":2,"victory":false,"max_hp_per_floor":[75,75,75,75,75,75,75,75,75,75,75,75,75,75,75,75,75,75,75,75,75,75,82,82],"card_choices":[{"not_picked":["Steam Power","Hologram"],"picked":"Ball Lightning","floor":1},{"not_picked":["Redo","Stack","Streamline"],"picked":"SKIP","floor":2},{"not_picked":["Steam","Rebound","Stack"],"picked":"SKIP","floor":4},{"not_picked":["Undo","Skim"],"picked":"Coolheaded","floor":5},{"not_picked":["Storm","Skim"],"picked":"Tempest","floor":6},{"not_picked":["Coolheaded","Aggregate"],"picked":"Capacitor","floor":8},{"not_picked":["Steam","Ball Lightning","Hologram"],"picked":"SKIP","floor":11},{"not_picked":["Fusion","Redo"],"picked":"Conserve Battery","floor":12},{"not_picked":["Fusion","Loop"],"picked":"Sunder","floor":12},{"not_picked":["Compile Driver","Skim","Streamline"],"picked":"SKIP","floor":13},{"not_picked":["Seek","Multi-Cast"],"picked":"Creative AI","floor":16},{"not_picked":["Steam Power","Melter"],"picked":"Reprogram+1","floor":18},{"not_picked":["Ball Lightning","Skim","Sweeping Beam"],"picked":"SKIP","floor":18},{"not_picked":["Cold Snap","Coolheaded+1"],"picked":"Auto Shields+1","floor":21},{"not_picked":["Reinforced Body+1","Tempest+1","Cold Snap"],"picked":"SKIP","floor":21},{"not_picked":["Coolheaded+1","Hologram+1"],"picked":"Double Energy+1","floor":22},{"not_picked":["Sunder","Sweeping Beam+1"],"picked":"Coolheaded+1","floor":22},{"not_picked":["Undo+1","Reprogram+1"],"picked":"Reboot+1","floor":23}],"player_experience":254398,"relics_obtained":[{"floor":6,"key":"Juzu Bracelet"},{"floor":8,"key":"Prayer Wheel"},{"floor":9,"key":"Turnip"},{"floor":11,"key":"Meat on the Bone"},{"floor":13,"key":"Ancient Tea Set"},{"floor":23,"key":"Strawberry"},{"floor":23,"key":"MawBank"}],"event_choices":[{"event_name":"WeMeetAgain","player_choice":"Gold","floor":19,"damage_taken":0},{"event_name":"Colosseum","player_choice":"Fight","floor":24,"damage_taken":0},{"event_name":"Colosseum","player_choice":"Fought Nobs","floor":24,"damage_taken":0}],"is_beta":false,"boss_relics":[{"not_picked":["Empty Cage","Inserter"],"picked":"Black Star"}],"items_purged_floors":[14,20],"is_endless":false,"potions_floor_spawned":[5,6,8,13,24],"killed_by":"Colosseum Nobs","ascension_level":1}