{"gold_per_floor":[117,128,144,144,167,167,242,242,242,30,46,46,81,95,95,194,194,209,209,230,243,243,243,258,291,291,314,332,370,370,370,370,370],"floor_reached":33,"playtime":1361,"items_purged":["Strike_R"],"score":578,"play_id":"93db8163-0fe4-4cee-9abe-607c6f434a79","local_time":"20190519141450","is_ascension_mode":true,"campfire_choices":[{"data":"Carnage","floor":6.0,"key":"SMITH"},{"data":"Uppercut","floor":8.0,"key":"SMITH"},{"data":"Disarm","floor":12.0,"key":"SMITH"},{"floor":15.0,"key":"REST"},{"data":"Immolate","floor":23.0,"key":"SMITH"},{"data":"Ghostly","floor":30,"key":"SMITH"},{"data":"Ghostly","floor":32,"key":"SMITH"}],"neow_cost":"NONE","seed_source_timestamp":224692650185392,"circlet_count":0,"master_deck":["AscendersBane","Strike_R","Strike_R","Strike_R","Strike_R","Defend_R","Defend_R","Defend_R","Defend_R","Bash+1","Carnage+1","Uppercut+1","Reaper","Disarm+1","Immolate+1","Feed","Ghostly+1","Ghostly","Ghostly+1","Dual Wield","Decay","Headbutt+1","Feel No Pain"],"special_seed":0,"relics":["Burning Blood","Bloody Idol","Smiling Mask","Paper Frog","Busted Crown","Self Forming Clay","Dream Catcher","StoneCalendar"],"potions_floor_usage":[29,33],"damage_taken":[{"damage":2.0,"enemies":"2 Louse","floor":1.0,"turns":4.0},{"damage":9.0,"enemies":"Jaw Worm","floor":2.0,"turns":4.0},{"damage":7.0,"enemies":"Small Slimes","floor":3.0,"turns":3.0},{"damage":20.0,"enemies":"Red Slaver","floor":5.0,"turns":5.0},{"damage":11.0,"enemies":"Blue Slaver","floor":11.0,"turns":3.0},{"damage":25.0,"enemies":"3 Sentries","floor":13.0,"turns":10.0},{"damage":12.0,"enemies":"Large Slime","floor":14.0,"turns":3.0},{"damage":59.0,"enemies":"Slime Boss","floor":16.0,"turns":9.0},{"damage":22.0,"enemies":"3 Byrds","floor":18.0,"turns":5.0},{"damage":7.0,"enemies":"2 Thieves","floor":20.0,"turns":4.0},{"damage":4.0,"enemies":"Cultist and Chosen","floor":21.0,"turns":5.0},{"damage":32.0,"enemies":"3 Cultists","floor":24.0,"turns":6.0},{"damage":27,"enemies":"Gremlin Leader","floor":25,"turns":5},{"damage":4,"enemies":"Snake Plant","floor":27,"turns":4},{"damage":3,"enemies":"Centurion and Healer","floor":28,"turns":7},{"damage":25,"enemies":"Slavers","floor":29,"turns":6},{"damage":62,"enemies":"Collector","floor":33,"turns":6}],"seed_played":"-7162623996872962672","potions_obtained":[{"floor":1.0,"key":"Dexterity Potion"},{"floor":2.0,"key":"EssenceOfSteel"},{"floor":13.0,"key":"Fruit Juice"},{"floor":16.0,"key":"LiquidBronze"},{"floor":25,"key":"Energy Potion"},{"floor":29,"key":"FearPotion"}],"is_trial":false,"path_per_floor":["M","M","M","?","M","R","?","R","T","$","M","R","E","M","R","B",null,"M","?","M","M","?","R","M","E","T","M","M","E","R","?","R","B"],"character_chosen":"IRONCLAD","items_purchased":["Reaper"],"campfire_rested":1,"item_purchase_floors":[10],"current_hp_per_floor":[72,69,68,68,54,54,43,43,43,43,38,38,31,25,45,13,58,50,38,40,44,44,44,22,13,13,23,37,31,31,31,31,0],"gold":370,"neow_bonus":"UPGRADE_CARD","is_prod":false,"is_daily":false,"chose_seed":false,"campfire_upgraded":6,"win_rate":0,"timestamp":1558289690,"path_taken":["M","M","M","?","M","R","?","R","T","$","M","R","E","M","R","BOSS","M","?","M","M","?","R","?","E","T","M","M","E","R","?","R","BOSS"],"build_version":"2019-01-23","purchased_purges":1,"victory":false,"max_hp_per_floor":[75,75,75,68,68,68,68,68,68,68,68,68,68,68,68,73,73,76,38,41,44,44,44,44,44,44,47,50,50,50,50,50,50],"card_choices":[{"not_picked":["Reckless Charge","Havoc"],"picked":"Carnage","floor":1.0},{"not_picked":["Clash","Heavy Blade","Havoc"],"picked":"SKIP","floor":2.0},{"not_picked":["Sword Boomerang","Perfected Strike","Twin Strike"],"picked":"SKIP","floor":3.0},{"not_picked":["Sword Boomerang","Headbutt"],"picked":"Uppercut","floor":5.0},{"not_picked":["Perfected Strike","Hemokinesis"],"picked":"Disarm","floor":11.0},{"not_picked":["Flame Barrier","Dual Wield"],"picked":"Immolate","floor":13.0},{"not_picked":["Cleave","Sword Boomerang","Rampage"],"picked":"SKIP","floor":14.0},{"not_picked":["Impervious","Exhume"],"picked":"Feed","floor":16.0},{"not_picked":["Whirlwind"],"picked":"SKIP","floor":18.0},{"not_picked":["Flex"],"picked":"SKIP","floor":20.0},{"not_picked":[],"picked":"Dual Wield","floor":21.0},{"not_picked":[],"picked":"Headbutt+1","floor":24.0},{"not_picked":["Warcry"],"picked":"SKIP","floor":25},{"not_picked":["Blood for Blood"],"picked":"SKIP","floor":27},{"not_picked":[],"picked":"Feel No Pain","floor":28},{"not_picked":["Rampage"],"picked":"SKIP","floor":29}],"player_experience":849955,"relics_obtained":[{"floor":9.0,"key":"Smiling Mask"},{"floor":13.0,"key":"Paper Frog"},{"floor":25,"key":"Self Forming Clay"},{"floor":26,"key":"Dream Catcher"},{"floor":29,"key":"StoneCalendar"}],"event_choices":[{"damage_healed":0.0,"max_hp_gain":0.0,"max_hp_loss":7.0,"gold_gain":0.0,"event_name":"Golden Idol","player_choice":"Lose Max HP","floor":4.0,"gold_loss":0.0,"damage_taken":0.0,"relics_obtained":["Golden Idol"]},{"damage_healed":0.0,"max_hp_gain":0.0,"max_hp_loss":0.0,"gold_gain":75.0,"event_name":"World of Goop","player_choice":"Gather Gold","floor":7.0,"gold_loss":0.0,"damage_taken":11.0},{"damage_healed":0.0,"max_hp_gain":0.0,"max_hp_loss":38.0,"gold_gain":0.0,"event_name":"Ghosts","player_choice":"Became a Ghost","floor":19.0,"gold_loss":0.0,"damage_taken":0.0,"cards_obtained":["Ghostly","Ghostly","Ghostly"]},{"damage_healed":0.0,"max_hp_gain":0.0,"max_hp_loss":0.0,"gold_gain":0.0,"event_name":"Wheel of Change","player_choice":"Cursed","floor":22.0,"gold_loss":0.0,"damage_taken":0.0,"cards_obtained":["Decay"]},{"damage_healed":0,"gold_gain":0,"player_choice":"Gave Idol","damage_taken":0,"relics_obtained":["Bloody Idol"],"max_hp_gain":0,"max_hp_loss":0,"event_name":"Forgotten Altar","floor":31,"relics_lost":["Golden Idol"],"gold_loss":0}],"is_beta":false,"boss_relics":[{"not_picked":["Black Star","Tiny House"],"picked":"Busted Crown"}],"items_purged_floors":[10],"is_endless":false,"potions_floor_spawned":[1,2,13,16,25,29],"killed_by":"Collector","ascension_level":20}