{"path_per_floor":["M","?","M","?","?","R","E","R","T","M","$","E","M","?","R","B",null,"M","$","M","M","M","E","$","E","T","$","E","R","T","M","R","B",null,"M","M","?","?","?","E","?","?","T","M","E","?","M","$","R","B"],"character_chosen":"THE_SILENT","items_purchased":["Backstab+1","Swift Strike+1"],"gold_per_floor":[114,289,304,304,304,304,334,334,334,349,99,129,144,146,146,246,246,246,146,146,146,146,146,21,21,21,21,21,21,21,21,21,21,21,21,21,21,21,21,21,21,0,0,0,0,0,0,0,0,0],"floor_reached":51,"campfire_rested":0,"playtime":2176,"item_purchase_floors":[11,11],"current_hp_per_floor":[70,76,76,76,61,61,65,65,71,71,71,75,79,82,82,87,88,88,88,88,88,86,88,88,88,94,94,93,93,99,100,100,97,106,112,113,113,103,102,116,116,116,122,126,123,125,130,130,130,137],"items_purged":["Strike_G","Strike_G","Strike_G"],"gold":0,"score":1596,"play_id":"0c34b793-6682-4539-a772-af2e3d787bfe","local_time":"20180622100240","daily_mods":["Allstar","Cursed Run","Vintage"],"is_prod":false,"is_daily":true,"chose_seed":false,"is_ascension_mode":false,"campfire_upgraded":3,"win_rate":0,"timestamp":1529638360,"campfire_choices":[{"data":"Neutralize","floor":6,"key":"SMITH"},{"data":"Acrobatics","floor":8,"key":"SMITH"},{"data":"Jack Of All Trades","floor":15,"key":"SMITH"},{"data":"1","floor":29,"key":"LIFT"},{"data":"2","floor":32,"key":"LIFT"},{"data":"3","floor":49,"key":"LIFT"}],"path_taken":["M","?","M","?","?","R","E","R","T","M","$","E","M","?","R","BOSS","M","?","M","M","?","E","?","E","T","$","E","R","?","M","R","BOSS","M","M","?","?","?","E","?","?","T","M","E","?","M","?","R","BOSS"],"build_version":"2018-06-21","seed_source_timestamp":0,"purchased_purges":3,"circlet_count":0,"victory":true,"master_deck":["Defend_G+1","Defend_G+1","Defend_G","Defend_G","Defend_G","Strike_G+1","Strike_G+1","Survivor+1","Neutralize+1","Master of Strategy+1","Jack Of All Trades+1","Enlightenment","Master of Strategy","Doubt","Acrobatics+1","Regret","Backstab+1","Swift Strike+1","Calculated Gamble","Regret","Storm of Steel","Dagger Throw+1","Pain","Acrobatics+1","Writhe","Parasite","Tools of the Trade","Decay","Normality"],"max_hp_per_floor":[70,76,76,76,76,76,76,76,82,82,82,82,82,82,82,88,88,88,88,88,88,88,88,88,88,94,94,94,94,100,100,100,106,106,113,113,113,113,113,127,127,127,133,133,133,133,133,133,133,139],"special_seed":17704,"relics":["Cursed Key","Darkstone Periapt","Du-Vu Doll","Molten Egg 2","Dream Catcher","Incense Burner","Ornamental Fan","Letter Opener","Vajra","Dodecahedron","Odd Mushroom","Happy Flower","Ectoplasm","Girya","Gremlin Horn","Mercury Hourglass","Whetstone","Tiny Chest","War Paint","Juzu Bracelet","Centennial Puzzle","Toxic Egg 2","Ice Cream","Paper Crane","Black Star","Strawberry","Ancient Tea Set","Gambling Chip","Thread and Needle","Mango","Red Mask","Frozen Egg 2","Bronze Scales","Blood Vial","Bag of Preparation","Dead Branch","Tough Bandages"],"card_choices":[{"not_picked":["Dodge and Roll","Storm of Steel"],"picked":"Acrobatics","floor":7},{"not_picked":["Dodge and Roll","Crippling Poison"],"picked":"Calculated Gamble","floor":12},{"not_picked":["Unload+1","Corpse Explosion+1"],"picked":"Storm of Steel","floor":16},{"not_picked":["Outmaneuver","Backflip","Poisoned Stab+1"],"picked":"SKIP","floor":23},{"not_picked":["Deadly Poison","Quick Slash+1"],"picked":"Dagger Throw+1","floor":25},{"not_picked":["Quick Slash+1","Blade Dance"],"picked":"Acrobatics+1","floor":28},{"not_picked":["Night Terror+1","After Image"],"picked":"Tools of the Trade","floor":33},{"not_picked":["PiercingWail+1","Bullet Time+1","Envenom"],"picked":"SKIP","floor":40},{"not_picked":["Caltrops+1","Bullet Time+1","Dodge and Roll+1"],"picked":"SKIP","floor":45}],"player_experience":104123,"potions_floor_usage":[7,7,12,16,18,23,33,50,50,50],"damage_taken":[{"damage":0,"enemies":"Jaw Worm","floor":1,"turns":5},{"damage":0,"enemies":"Small Slimes","floor":3,"turns":4},{"damage":0,"enemies":"3 Sentries","floor":7,"turns":5},{"damage":0,"enemies":"Cultist","floor":10,"turns":2},{"damage":0,"enemies":"Lagavulin","floor":12,"turns":5},{"damage":0,"enemies":"3 Louse","floor":13,"turns":1},{"damage":0,"floor":14,"turns":2},{"damage":1,"enemies":"Slime Boss","floor":16,"turns":8},{"damage":0,"enemies":"Shell Parasite","floor":18,"turns":1},{"damage":0,"enemies":"Chosen","floor":20,"turns":3},{"damage":0,"enemies":"3 Cultists","floor":21,"turns":3},{"damage":2,"enemies":"Cultist and Chosen","floor":22,"turns":4},{"damage":0,"enemies":"Gremlin Leader","floor":23,"turns":2},{"damage":1,"enemies":"Book of Stabbing","floor":25,"turns":5},{"damage":1,"enemies":"Gremlin Leader","floor":28,"turns":2},{"damage":0,"enemies":"Snake Plant","floor":31,"turns":1},{"damage":11,"enemies":"Automaton","floor":33,"turns":5},{"damage":2,"enemies":"3 Darklings","floor":35,"turns":2},{"damage":0,"enemies":"3 Shapes","floor":36,"turns":2},{"damage":1,"floor":39,"turns":3},{"damage":0,"enemies":"2 Orb Walkers","floor":40,"turns":2},{"damage":0,"enemies":"Sphere and 2 Shapes","floor":44,"turns":2},{"damage":3,"enemies":"Giant Head","floor":45,"turns":3},{"damage":0,"floor":46,"turns":1},{"damage":1,"enemies":"Flame Bruiser 2 Orb","floor":47,"turns":2},{"damage":1,"enemies":"Time Eater","floor":50,"turns":8}],"relics_obtained":[{"floor":1,"key":"Molten Egg 2"},{"floor":3,"key":"Dream Catcher"},{"floor":7,"key":"Incense Burner"},{"floor":9,"key":"Ornamental Fan"},{"floor":10,"key":"Letter Opener"},{"floor":12,"key":"Vajra"},{"floor":13,"key":"Dodecahedron"},{"floor":14,"key":"Odd Mushroom"},{"floor":16,"key":"Happy Flower"},{"floor":18,"key":"Girya"},{"floor":20,"key":"Gremlin Horn"},{"floor":21,"key":"Mercury Hourglass"},{"floor":22,"key":"Whetstone"},{"floor":23,"key":"Tiny Chest"},{"floor":25,"key":"War Paint"},{"floor":26,"key":"Juzu Bracelet"},{"floor":28,"key":"Centennial Puzzle"},{"floor":30,"key":"Toxic Egg 2"},{"floor":31,"key":"Ice Cream"},{"floor":33,"key":"Paper Crane"},{"floor":35,"key":"Strawberry"},{"floor":36,"key":"Ancient Tea Set"},{"floor":39,"key":"Gambling Chip"},{"floor":40,"key":"Thread and Needle"},{"floor":40,"key":"Mango"},{"floor":43,"key":"Frozen Egg 2"},{"floor":44,"key":"Bronze Scales"},{"floor":45,"key":"Blood Vial"},{"floor":45,"key":"Bag of Preparation"},{"floor":46,"key":"Dead Branch"},{"floor":47,"key":"Tough Bandages"}],"event_choices":[{"event_name":"Liars Game","player_choice":"agreed","floor":2,"damage_taken":0},{"event_name":"The Lab","player_choice":"Got Potions","floor":4,"damage_taken":0},{"event_name":"Shining Light","player_choice":"Entered Light","floor":5,"damage_taken":0},{"event_name":"Mushrooms","player_choice":"Fought Mushrooms","floor":14,"damage_taken":0},{"event_name":"Falling","player_choice":"Removed Skill","floor":37,"damage_taken":0},{"event_name":"SensoryStone","player_choice":"Memory 3","floor":38,"damage_taken":0},{"event_name":"Mysterious Sphere","player_choice":"Fight","floor":39,"damage_taken":0},{"event_name":"Transmorgrifier","player_choice":"Skipped","floor":41,"damage_taken":0},{"event_name":"Tomb of Lord Red Mask","player_choice":"Paid","floor":42,"damage_taken":0},{"event_name":"MindBloom","player_choice":"Fight","floor":46,"damage_taken":0}],"boss_relics":[{"not_picked":["Velvet Choker","Pandora\u0027s Box"],"picked":"Ectoplasm"},{"not_picked":["Runic Dome","Snecko Eye"],"picked":"Black Star"}],"items_purged_floors":[11,19,24],"is_endless":false,"potions_floor_spawned":[10,12,16,18,20,22,23,35,40,44,45,46],"seed_played":"3074579552746350727","ascension_level":0,"potions_obtained":[{"floor":4,"key":"Fire Potion"},{"floor":4,"key":"Block Potion"},{"floor":4,"key":"EssenceOfSteel"},{"floor":10,"key":"GamblersBrew"},{"floor":12,"key":"Poison Potion"},{"floor":16,"key":"SkillPotion"},{"floor":18,"key":"Weak Potion"},{"floor":20,"key":"PowerPotion"},{"floor":22,"key":"SteroidPotion"},{"floor":23,"key":"Energy Potion"},{"floor":35,"key":"SteroidPotion"},{"floor":40,"key":"PowerPotion"}],"is_trial":false}