{"gold_per_floor":[119,119,139,20,20,53,53,86,158,176,193,48,94,94,94,191,191,191,116,116,47,47,47,47,47,47,47,47,47,47,47,47,47,47,47,47,47,47,47,47,47,47,47,47,47,47,47,47,47,47],"floor_reached":51,"playtime":6871,"items_purged":["Defend_G"],"score":734,"play_id":"1a88056d-640c-4d38-81b4-ee986c0f736a","local_time":"20180821213217","is_ascension_mode":false,"campfire_choices":[{"data":"After Image","floor":7.0,"key":"SMITH"},{"data":"A Thousand Cuts","floor":15.0,"key":"SMITH"},{"floor":28,"key":"REST"},{"data":"Footwork","floor":32,"key":"SMITH"},{"data":"Leg Sweep","floor":40,"key":"SMITH"},{"floor":49,"key":"REST"}],"neow_cost":"NONE","seed_source_timestamp":589796382689473,"circlet_count":0,"master_deck":["Defend_G","Defend_G","Defend_G","Defend_G","Strike_G","Strike_G","Strike_G","Strike_G","Survivor","Neutralize","Backflip","Leg Sweep+1","Footwork+1","Poisoned Stab","After Image+1","A Thousand Cuts+1","Poisoned Stab","Footwork+1","Corpse Explosion","Backflip+1","Endless Agony+1","Well Laid Plans+1","Terror","Noxious Fumes+1","Footwork+1","All Out Attack+1","Infinite Blades+1","Adrenaline","Deflect","Deflect"],"special_seed":0,"relics":["Ring of the Snake","Orichalcum","Sundial","Pantograph","Ancient Tea Set","Ectoplasm","Potion Belt","Regal Pillow","Thread and Needle","Centennial Puzzle","Busted Crown","Incense Burner","Smiling Mask","Bag of Preparation","Darkstone Periapt","Boot"],"potions_floor_usage":[25,30,33,38,48],"damage_taken":[{"damage":3.0,"enemies":"2 Louse","floor":1.0,"turns":4.0},{"damage":0.0,"enemies":"Jaw Worm","floor":3.0,"turns":9.0},{"damage":15.0,"enemies":"3 Sentries","floor":6.0,"turns":14.0},{"damage":3.0,"enemies":"Lagavulin","floor":8.0,"turns":15.0},{"damage":0.0,"enemies":"Cultist","floor":10.0,"turns":5.0},{"damage":0.0,"enemies":"Blue Slaver","floor":11.0,"turns":5.0},{"damage":12.0,"enemies":"Slime Boss","floor":16.0,"turns":10.0},{"damage":7.0,"enemies":"3 Byrds","floor":18.0,"turns":4.0},{"damage":4.0,"enemies":"2 Thieves","floor":19.0,"turns":4.0},{"damage":0.0,"enemies":"Shelled Parasite and Fungi","floor":20.0,"turns":6.0},{"damage":4.0,"enemies":"Snake Plant","floor":22.0,"turns":5.0},{"damage":7.0,"enemies":"Cultist and Chosen","floor":23.0,"turns":6.0},{"damage":15,"enemies":"Gremlin Leader","floor":25,"turns":6},{"damage":26,"enemies":"Chosen and Byrds","floor":27,"turns":6},{"damage":0,"enemies":"Snake Plant","floor":30,"turns":4},{"damage":8,"enemies":"Book of Stabbing","floor":31,"turns":7},{"damage":10,"enemies":"Automaton","floor":33,"turns":10},{"damage":0,"enemies":"Orb Walker","floor":35,"turns":4},{"damage":16,"enemies":"3 Shapes","floor":36,"turns":2},{"damage":0,"floor":38,"turns":5},{"damage":7,"enemies":"Spire Growth","floor":39,"turns":5},{"damage":22,"enemies":"2 Orb Walkers","floor":41,"turns":3},{"damage":7,"enemies":"4 Shapes","floor":42,"turns":2},{"damage":0,"enemies":"Transient","floor":44,"turns":5},{"damage":0,"enemies":"Spire Growth","floor":47,"turns":6},{"damage":17,"enemies":"Nemesis","floor":48,"turns":7},{"damage":5,"enemies":"Time Eater","floor":50,"turns":14}],"seed_played":"-7059516086400100288","potions_obtained":[{"floor":3.0,"key":"SneckoOil"},{"floor":10.0,"key":"LiquidBronze"},{"floor":16.0,"key":"SkillPotion"},{"floor":20.0,"key":"GhostInAJar"},{"floor":25,"key":"SpeedPotion"},{"floor":27,"key":"SkillPotion"},{"floor":33,"key":"GhostInAJar"},{"floor":35,"key":"Explosive Potion"},{"floor":36,"key":"SpeedPotion"},{"floor":42,"key":"Dexterity Potion"}],"is_trial":false,"path_per_floor":["M","?","M","$","?","E","R","E","T","M","M","$","T","?","R","B",null,"M","M","M","$","M","M","?","E","T","M","R","T","M","E","R","B",null,"M","M","?","?","M","R","E","M","T","M","T","?","M","E","R","B"],"character_chosen":"THE_SILENT","items_purchased":["Footwork","Poisoned Stab","Footwork","Terror"],"campfire_rested":2,"item_purchase_floors":[4,4,12,21],"current_hp_per_floor":[67,72,72,72,72,57,57,54,54,54,54,54,54,54,54,63,75,68,64,64,64,60,53,53,38,38,12,49,49,49,41,41,56,75,75,59,75,75,68,68,46,39,39,39,39,39,39,22,59,70],"gold":47,"neow_bonus":"TRANSFORM_CARD","is_prod":false,"is_daily":false,"chose_seed":false,"campfire_upgraded":4,"win_rate":0,"timestamp":1534905137,"path_taken":["M","?","M","$","?","E","R","E","T","?","M","?","?","?","R","BOSS","M","M","M","?","?","M","?","E","T","M","R","?","?","E","R","BOSS","M","M","?","?","M","R","E","?","T","M","?","?","M","E","R","BOSS"],"build_version":"2018-08-16","purchased_purges":1,"victory":true,"max_hp_per_floor":[70,75,75,75,75,75,75,75,75,75,75,75,75,75,75,75,75,75,75,75,75,75,75,75,75,75,75,75,75,75,75,75,75,75,75,75,75,75,75,75,75,75,75,75,75,75,75,75,75,75],"card_choices":[{"not_picked":["Choke","PiercingWail"],"picked":"Backflip","floor":1.0},{"not_picked":["Dagger Spray","Riddle With Holes"],"picked":"Leg Sweep","floor":3.0},{"not_picked":["Quick Slash","Underhanded Strike"],"picked":"After Image","floor":6.0},{"not_picked":["Acrobatics","Quick Slash"],"picked":"A Thousand Cuts","floor":8.0},{"not_picked":["Dagger Throw","Outmaneuver","Dodge and Roll"],"picked":"SKIP","floor":10.0},{"not_picked":["Bane","Flechettes"],"picked":"Poisoned Stab","floor":11.0},{"not_picked":["Phantasmal Killer","Tools of the Trade"],"picked":"Corpse Explosion","floor":16.0},{"not_picked":["Deflect","Sucker Punch+1"],"picked":"Backflip+1","floor":18.0},{"not_picked":["Underhanded Strike","Escape Plan"],"picked":"Endless Agony+1","floor":19.0},{"not_picked":["Outmaneuver","Deadly Poison"],"picked":"Well Laid Plans+1","floor":20.0},{"not_picked":["Acrobatics","Backflip"],"picked":"Noxious Fumes+1","floor":22.0},{"not_picked":["Dagger Spray+1","Catalyst"],"picked":"Footwork","floor":23.0},{"not_picked":["Skewer","Poisoned Stab","Dodge and Roll"],"picked":"SKIP","floor":25},{"not_picked":["Backflip","Reflex"],"picked":"All Out Attack+1","floor":27},{"not_picked":["Unload","Well Laid Plans+1"],"picked":"Infinite Blades+1","floor":30},{"not_picked":["Sucker Punch+1","Riddle With Holes","Finisher"],"picked":"SKIP","floor":31},{"not_picked":["Corpse Explosion","Phantasmal Killer"],"picked":"Adrenaline","floor":33},{"not_picked":["Quick Slash"],"picked":"SKIP","floor":35},{"not_picked":["Predator"],"picked":"SKIP","floor":36},{"not_picked":["Expertise+1"],"picked":"SKIP","floor":39},{"not_picked":[],"picked":"Deflect","floor":41},{"not_picked":["Poisoned Stab+1"],"picked":"SKIP","floor":42},{"not_picked":[],"picked":"Deflect","floor":44},{"not_picked":["PiercingWail"],"picked":"SKIP","floor":47},{"not_picked":["Underhanded Strike"],"picked":"SKIP","floor":48}],"player_experience":128443,"relics_obtained":[{"floor":6.0,"key":"Orichalcum"},{"floor":8.0,"key":"Sundial"},{"floor":9.0,"key":"Pantograph"},{"floor":13.0,"key":"Ancient Tea Set"},{"floor":25,"key":"Potion Belt"},{"floor":26,"key":"Regal Pillow"},{"floor":29,"key":"Thread and Needle"},{"floor":31,"key":"Centennial Puzzle"},{"floor":38,"key":"Incense Burner"},{"floor":41,"key":"Smiling Mask"},{"floor":43,"key":"Bag of Preparation"},{"floor":45,"key":"Darkstone Periapt"},{"floor":48,"key":"Boot"}],"event_choices":[{"event_name":"Big Fish","player_choice":"Donut","floor":2.0,"damage_taken":0.0},{"event_name":"Upgrade Shrine","player_choice":"Upgraded","floor":5.0,"damage_taken":0.0},{"event_name":"Accursed Blacksmith","player_choice":"Forge","floor":14.0,"damage_taken":0.0},{"event_name":"Drug Dealer","player_choice":"Ignored","floor":24,"damage_taken":0},{"event_name":"Bonfire Elementals","player_choice":"UNCOMMON","floor":37,"damage_taken":0},{"event_name":"Mysterious Sphere","player_choice":"Fight","floor":38,"damage_taken":0},{"event_name":"Golden Shrine","player_choice":"Skipped","floor":46,"damage_taken":0}],"is_beta":false,"boss_relics":[{"not_picked":["White Beast Statue","Tiny House"],"picked":"Ectoplasm"},{"not_picked":["Sozu","Runic Dome"],"picked":"Busted Crown"}],"items_purged_floors":[12],"is_endless":false,"potions_floor_spawned":[3,10,16,20,25,27,33,35,36,42],"ascension_level":0}