{"gold_per_floor":[115,134,134,60,73,73,98,112,112,112,112,141,26,45,45,142,142,152,62,62,36,46,46,63,63,63,63,63,79,114,114],"floor_reached":31,"playtime":5691,"items_purged":["Strike_R"],"score":381,"play_id":"f31230b0-9ed9-48dd-aad7-27586142b0ba","local_time":"20181003231737","is_ascension_mode":true,"campfire_choices":[{"data":"Shockwave","floor":6,"key":"SMITH"},{"floor":10,"key":"REST"},{"floor":15,"key":"REST"},{"floor":23,"key":"REST"},{"floor":25,"key":"REST"},{"data":"Double Tap","floor":27,"key":"SMITH"},{"data":"Flame Barrier","floor":28,"key":"SMITH"}],"neow_cost":"NONE","seed_source_timestamp":732735769002163,"circlet_count":0,"master_deck":["Strike_R","Strike_R","Defend_R","Defend_R","Defend_R","Defend_R","Bash","Double Tap+1","Headbutt+1","Shockwave+1","Offering","Flame Barrier+1","Spot Weakness","True Grit","Disarm","Whirlwind","Fiend Fire","Inflame","J.A.X.","Iron Wave","Iron Wave","Shrug It Off+1","Uppercut+1"],"relics":["Burning Blood","StoneCalendar","Nunchaku","WingedGreaves","Velvet Choker","Blue Candle","Ancient Tea Set"],"potions_floor_usage":[7,12,14,16,31],"damage_taken":[{"damage":2,"enemies":"2 Louse","floor":1,"turns":3},{"damage":0,"enemies":"Small Slimes","floor":2,"turns":3},{"damage":8,"enemies":"Jaw Worm","floor":5,"turns":4},{"damage":24,"enemies":"Lagavulin","floor":7,"turns":8},{"damage":16,"enemies":"Exordium Wildlife","floor":8,"turns":7},{"damage":33,"enemies":"3 Sentries","floor":12,"turns":8},{"damage":4,"enemies":"2 Fungi Beasts","floor":14,"turns":5},{"damage":42,"enemies":"The Guardian","floor":16,"turns":12},{"damage":25,"enemies":"2 Thieves","floor":18,"turns":4},{"damage":9,"enemies":"Chosen","floor":22,"turns":5},{"damage":29,"enemies":"Centurion and Healer","floor":24,"turns":6},{"damage":15,"enemies":"Shelled Parasite and Fungi","floor":29,"turns":6},{"damage":41,"enemies":"Gremlin Leader","floor":30,"turns":7},{"damage":30,"enemies":"Cultist and Chosen","floor":31,"turns":6}],"seed_played":"-7661239968012245915","potions_obtained":[{"floor":5,"key":"Dexterity Potion"},{"floor":7,"key":"Swift Potion"},{"floor":12,"key":"FearPotion"},{"floor":14,"key":"Weak Potion"},{"floor":30,"key":"Block Potion"}],"is_trial":false,"path_per_floor":["M","M","?","$","M","R","E","M","T","R","?","E","$","M","R","B",null,"M","?","?","$","M","R","M","R","T","R","R","M","E"],"character_chosen":"IRONCLAD","items_purchased":["Offering","Disarm","Iron Wave"],"campfire_rested":4,"item_purchase_floors":[4,13,21],"current_hp_per_floor":[76,80,73,73,71,71,53,43,43,67,55,28,28,30,54,18,65,46,46,46,46,43,67,44,68,68,68,68,59,24,0],"gold":114,"neow_bonus":"ONE_RANDOM_RARE_CARD","is_prod":false,"is_daily":false,"chose_seed":false,"campfire_upgraded":3,"win_rate":0,"timestamp":1538626657,"path_taken":["M","M","?","$","M","R","E","M","T","R","?","E","$","M","R","BOSS","M","?","?","?","M","R","M","R","T","R","R","?","E","M"],"build_version":"2018-09-27","purchased_purges":1,"victory":false,"max_hp_per_floor":[80,80,80,80,80,80,80,80,80,80,80,80,80,80,80,80,80,80,80,80,80,80,80,80,80,80,80,80,80,80,80],"card_choices":[{"not_picked":["Perfected Strike","Second Wind"],"picked":"Headbutt","floor":1},{"not_picked":["Clash","Sword Boomerang"],"picked":"Shockwave","floor":2},{"not_picked":["Havoc","Headbutt","Clothesline"],"picked":"SKIP","floor":5},{"not_picked":["Cleave","Berserk"],"picked":"Flame Barrier","floor":7},{"not_picked":["Clothesline","Perfected Strike"],"picked":"Spot Weakness","floor":8},{"not_picked":["Sword Boomerang","Thunderclap"],"picked":"True Grit","floor":12},{"not_picked":["Heavy Blade","Intimidate"],"picked":"Whirlwind","floor":14},{"not_picked":["Bludgeon","Berserk"],"picked":"Fiend Fire","floor":16},{"not_picked":["Iron Wave","Cleave"],"picked":"Inflame","floor":18},{"not_picked":["Twin Strike","Anger"],"picked":"Iron Wave","floor":22},{"not_picked":["Clothesline","True Grit"],"picked":"Shrug It Off+1","floor":24},{"not_picked":["Anger","Thunderclap","Dark Embrace"],"picked":"SKIP","floor":29},{"not_picked":["Headbutt","Havoc+1"],"picked":"Uppercut+1","floor":30}],"player_experience":725917,"relics_obtained":[{"floor":7,"key":"StoneCalendar"},{"floor":9,"key":"Nunchaku"},{"floor":12,"key":"WingedGreaves"},{"floor":26,"key":"Blue Candle"},{"floor":30,"key":"Ancient Tea Set"}],"event_choices":[{"event_name":"Golden Wing","player_choice":"Card Removal","floor":3,"damage_taken":0},{"event_name":"Scrap Ooze","player_choice":"unsuccessful","floor":11,"damage_taken":12},{"event_name":"Designer","player_choice":"Full Service","floor":19,"damage_taken":0},{"event_name":"Drug Dealer","player_choice":"Got JAX","floor":20,"damage_taken":0}],"is_beta":false,"boss_relics":[{"not_picked":["Runic Dome","Mark of Pain"],"picked":"Velvet Choker"}],"items_purged_floors":[13],"is_endless":false,"potions_floor_spawned":[5,7,12,14,30],"killed_by":"Cultist and Chosen","ascension_level":9}