{"gold_per_floor":[117,133,133,58,58,58,94,129,154,154,154,154,173,208,208,208],"floor_reached":16,"playtime":918,"items_purged":["Strike_B"],"score":133,"play_id":"5c59eb8c-a29b-476d-b444-d4764baf1854","local_time":"20180911161927","is_ascension_mode":true,"campfire_choices":[{"data":"Zap","floor":6,"key":"SMITH"},{"floor":10,"key":"REST"},{"data":"Dualcast","floor":12,"key":"SMITH"},{"data":"Sweeping Beam","floor":15,"key":"SMITH"}],"neow_cost":"","seed_source_timestamp":175896961980597,"circlet_count":0,"master_deck":["Strike_B","Strike_B","Strike_B","Defend_B","Defend_B","Defend_B","Defend_B","Zap+1","Dualcast+1","Sweeping Beam+1","Capacitor","FTL","Biased Cognition"],"relics":["Cracked Core","Golden Idol","Mango","Odd Mushroom","Oddly Smooth Stone","CultistMask","Calipers"],"potions_floor_usage":[7],"damage_taken":[{"damage":0,"enemies":"2 Louse","floor":1,"turns":2},{"damage":0,"enemies":"Small Slimes","floor":2,"turns":2},{"damage":32,"enemies":"Lagavulin","floor":7,"turns":7},{"damage":15,"enemies":"The Mushroom Lair","floor":8,"turns":4},{"damage":0,"enemies":"Jaw Worm","floor":13,"turns":3},{"damage":18,"enemies":"Gremlin Nob","floor":14,"turns":4},{"damage":46,"enemies":"The Guardian","floor":16,"turns":8}],"seed_played":"-6338991378082331727","potions_obtained":[{"floor":2,"key":"FocusPotion"},{"floor":8,"key":"Strength Potion"}],"is_trial":false,"path_per_floor":["M","M","?","$","?","R","E","?","T","R","?","R","M","E","R"],"character_chosen":"DEFECT","items_purchased":[],"campfire_rested":1,"item_purchase_floors":[],"current_hp_per_floor":[75,75,75,75,69,69,51,36,36,60,60,60,60,42,42,0],"gold":208,"neow_bonus":"","is_prod":false,"is_daily":false,"chose_seed":false,"campfire_upgraded":3,"win_rate":0,"timestamp":1536700767,"path_taken":["M","M","?","$","?","R","E","?","T","R","?","R","M","E","R","BOSS"],"build_version":"2018-09-06","purchased_purges":1,"victory":false,"max_hp_per_floor":[75,75,75,75,69,69,83,83,83,83,83,83,83,83,83,83],"card_choices":[{"not_picked":["Hologram","Turbo"],"picked":"Sweeping Beam","floor":1},{"not_picked":["Barrage","Beam Cell","Fusion"],"picked":"SKIP","floor":2},{"not_picked":["Turbo","Redo","Compile Driver"],"picked":"SKIP","floor":7},{"not_picked":["Redo","Gash"],"picked":"Capacitor","floor":8},{"not_picked":["Gash","Streamline"],"picked":"FTL","floor":13},{"not_picked":["Hologram","Machine Learning"],"picked":"Biased Cognition","floor":14}],"player_experience":495965,"relics_obtained":[{"floor":7,"key":"Mango"},{"floor":8,"key":"Odd Mushroom"},{"floor":9,"key":"Oddly Smooth Stone"},{"floor":14,"key":"Calipers"}],"event_choices":[{"event_name":"Liars Game","player_choice":"disagreed","floor":3,"damage_taken":0},{"event_name":"Golden Idol","player_choice":"Lose Max HP","floor":5,"damage_taken":0},{"event_name":"Mushrooms","player_choice":"Fought Mushrooms","floor":8,"damage_taken":0},{"event_name":"FaceTrader","player_choice":"Trade","floor":11,"damage_taken":0}],"is_beta":false,"boss_relics":[],"items_purged_floors":[4],"is_endless":false,"potions_floor_spawned":[2,8],"killed_by":"The Guardian","ascension_level":5}