{"gold_per_floor":[115,40,59,134,134,167,167,202,202,58,58,77,90,90,90,90],"floor_reached":16,"playtime":255,"items_purged":["Strike_R","Defend_R"],"score":266,"play_id":"01a69a63-48d4-442b-90a5-93f21b1f39bc","local_time":"20190819204406","is_ascension_mode":true,"campfire_choices":[{"data":"Bash","floor":15,"key":"SMITH"}],"neow_cost":"NONE","seed_source_timestamp":142020409950186,"circlet_count":0,"master_deck":["AscendersBane","Strike_R+1","Strike_R+1","Strike_R","Defend_R","Defend_R","Bash+1","Flame Barrier","Spot Weakness","Shockwave"],"relics":["Burning Blood","NeowsBlessing","Gambling Chip","Blood Vial","Peace Pipe"],"potions_floor_usage":[8,16,16],"damage_taken":[{"damage":0,"enemies":"2 Louse","floor":1,"turns":1},{"damage":0,"enemies":"Small Slimes","floor":3,"turns":1},{"damage":0,"enemies":"Gremlin Nob","floor":6,"turns":1},{"damage":35,"enemies":"3 Sentries","floor":8,"turns":11},{"damage":0,"enemies":"Jaw Worm","floor":12,"turns":3},{"damage":12,"enemies":"Exordium Thugs","floor":13,"turns":5},{"damage":0,"enemies":"Slime Boss","floor":16,"turns":3}],"seed_played":"-2313977310441700635","potions_obtained":[{"floor":6,"key":"PowerPotion"},{"floor":12,"key":"Poison Potion"},{"floor":13,"key":"Explosive Potion"}],"is_trial":false,"path_per_floor":["M","$","M","?","?","E","?","E","T","$","?","M","M","$","R","B"],"character_chosen":"IRONCLAD","items_purchased":["Spot Weakness"],"campfire_rested":0,"item_purchase_floors":[10],"current_hp_per_floor":[74,74,75,64,41,47,47,18,18,18,11,19,15,15,15,17],"gold":90,"neow_bonus":"THREE_ENEMY_KILL","is_prod":false,"is_daily":false,"chose_seed":false,"campfire_upgraded":1,"win_rate":0,"timestamp":1566222246,"path_taken":["M","$","M","?","?","E","?","E","T","$","?","M","?","?","R","BOSS"],"build_version":"2019-08-15","purchased_purges":2,"victory":false,"max_hp_per_floor":[75,75,75,75,75,75,75,75,75,75,75,75,75,75,75,75],"card_choices":[{"not_picked":["Body Slam","Headbutt","Clash"],"picked":"SKIP","floor":1},{"not_picked":["Flex","Anger","Cleave"],"picked":"SKIP","floor":3},{"not_picked":["Dark Embrace","Reaper","Sentinel"],"picked":"SKIP","floor":6},{"not_picked":["Infernal Blade","Wild Strike"],"picked":"Flame Barrier","floor":8},{"not_picked":["Warcry","Rampage","Heavy Blade"],"picked":"SKIP","floor":12},{"not_picked":["Warcry","Rampage","Heavy Blade"],"picked":"SKIP","floor":12},{"not_picked":["Warcry","Rampage","Heavy Blade"],"picked":"SKIP","floor":12},{"not_picked":["Perfected Strike","Armaments"],"picked":"Shockwave","floor":13}],"player_experience":1070673,"relics_obtained":[{"floor":6,"key":"Gambling Chip"},{"floor":8,"key":"Blood Vial"},{"floor":9,"key":"Peace Pipe"}],"event_choices":[{"damage_healed":0,"gold_gain":75,"player_choice":"Gather Gold","damage_taken":11,"max_hp_gain":0,"max_hp_loss":0,"event_name":"World of Goop","floor":4,"gold_loss":0},{"damage_healed":0,"gold_gain":0,"player_choice":"Entered Light","damage_taken":23,"max_hp_gain":0,"max_hp_loss":0,"event_name":"Shining Light","floor":5,"gold_loss":0,"cards_upgraded":["Strike_R","Strike_R"]},{"cards_removed":["Strike_R"],"damage_healed":0,"gold_gain":0,"player_choice":"Forget","damage_taken":0,"max_hp_gain":0,"max_hp_loss":0,"event_name":"Living Wall","floor":7,"gold_loss":0},{"cards_removed":["Defend_R"],"damage_healed":0,"gold_gain":0,"player_choice":"Card Removal","damage_taken":7,"max_hp_gain":0,"max_hp_loss":0,"event_name":"Golden Wing","floor":11,"gold_loss":0}],"is_beta":true,"boss_relics":[],"items_purged_floors":[2,10],"is_endless":false,"potions_floor_spawned":[6,12,13],"killed_by":"Slime Boss","ascension_level":20}