{"gold_per_floor":[116,116,188,263,35,35,48,48,48,76,76,94,127,143,143,143],"floor_reached":16,"playtime":1090,"items_purged":["Strike_B"],"score":119,"play_id":"eb2397a7-4f2c-499a-a274-c402f03137ae","local_time":"20190528215353","is_ascension_mode":true,"campfire_choices":[{"floor":6.0,"key":"RECALL"},{"data":"Redo","floor":8.0,"key":"SMITH"},{"floor":11.0,"key":"REST"},{"data":"Cold Snap","floor":15,"key":"SMITH"}],"neow_cost":"CURSE","seed_source_timestamp":0,"circlet_count":0,"master_deck":["Strike_B","Strike_B","Strike_B","Defend_B","Defend_B","Defend_B","Defend_B","Zap","Dualcast","Injury","Cold Snap","Redo+1","Coolheaded","Cold Snap+1","Conserve Battery"],"special_seed":0,"relics":["Cracked Core","Ice Cream","Anchor","Lantern","Shuriken","Bird Faced Urn","PreservedInsect"],"potions_floor_usage":[],"damage_taken":[{"damage":7.0,"enemies":"Small Slimes","floor":1.0,"turns":4.0},{"damage":0.0,"enemies":"Jaw Worm","floor":7.0,"turns":3.0},{"damage":21.0,"enemies":"3 Sentries","floor":10.0,"turns":11.0},{"damage":0.0,"enemies":"Cultist","floor":12.0,"turns":3.0},{"damage":12.0,"enemies":"Lagavulin","floor":13.0,"turns":7.0},{"damage":0.0,"enemies":"Looter","floor":14.0,"turns":2.0},{"damage":22,"enemies":"Hexaghost","floor":16,"turns":9}],"seed_played":"2253520790359069542","potions_obtained":[{"floor":12.0,"key":"SpeedPotion"},{"floor":14.0,"key":"SkillPotion"}],"is_trial":false,"path_per_floor":["M","?","T","?","$","R","M","R","T","E","R","M","E","M","R","B"],"character_chosen":"DEFECT","items_purchased":["Lantern"],"campfire_rested":1,"item_purchase_floors":[5],"current_hp_per_floor":[68,43,43,32,32,32,32,32,32,11,33,33,21,21,21,0],"gold":143,"neow_bonus":"ONE_RARE_RELIC","is_prod":false,"is_daily":false,"chose_seed":false,"campfire_upgraded":2,"win_rate":0,"timestamp":1559073233,"path_taken":["M","?","?","?","$","R","M","R","T","E","R","M","E","?","R","BOSS"],"build_version":"2019-01-23","purchased_purges":1,"victory":false,"max_hp_per_floor":[75,75,75,75,75,75,75,75,75,75,75,75,75,75,75,75],"card_choices":[{"not_picked":["Storm","Turbo"],"picked":"Cold Snap","floor":1.0},{"not_picked":["Go for the Eyes","Reprogram"],"picked":"Redo","floor":7.0},{"not_picked":["Ball Lightning","Sweeping Beam"],"picked":"Coolheaded","floor":10.0},{"not_picked":["Chaos","All For One"],"picked":"Cold Snap","floor":12.0},{"not_picked":["Compile Driver","Steam Power"],"picked":"Conserve Battery","floor":13.0},{"not_picked":["Stack","Ball Lightning","Auto Shields"],"picked":"SKIP","floor":14.0}],"player_experience":91860,"relics_obtained":[{"floor":9.0,"key":"Shuriken"},{"floor":10.0,"key":"Bird Faced Urn"},{"floor":13.0,"key":"PreservedInsect"}],"event_choices":[{"damage_healed":0.0,"max_hp_gain":0.0,"max_hp_loss":0.0,"gold_gain":0.0,"event_name":"Scrap Ooze","player_choice":"Success","floor":2.0,"gold_loss":0.0,"damage_taken":25.0,"relics_obtained":["Anchor"]},{"damage_healed":0.0,"max_hp_gain":0.0,"max_hp_loss":0.0,"gold_gain":75.0,"event_name":"World of Goop","player_choice":"Gather Gold","floor":4.0,"gold_loss":0.0,"damage_taken":11.0}],"is_beta":false,"boss_relics":[],"items_purged_floors":[5],"is_endless":false,"potions_floor_spawned":[12,14],"killed_by":"Hexaghost","ascension_level":2}