{"gold_per_floor":[114,133,149,161,161,161,188,188,188,19,19,44,71,51,51,130,130,142,142,155,155,70,102,102,133,204,204,224,252,263,263,263,340,340,355,369,369,238,256,284,284,311,311,311,342,11,11,36,36,36,36,36,36,36,66,66],"floor_reached":57,"playtime":4162,"items_purged":["Wild Strike","Strike_R"],"score":2884,"play_id":"534d5d77-e7e8-458c-b93a-6e5b61c55be6","local_time":"20190412180501","is_ascension_mode":true,"campfire_choices":[{"data":"Bash","floor":6.0,"key":"SMITH"},{"data":"Demon Form","floor":8.0,"key":"SMITH"},{"data":"Clothesline","floor":11.0,"key":"SMITH"},{"data":"Inflame","floor":15.0,"key":"SMITH"},{"floor":24.0,"key":"REST"},{"data":"Feed","floor":27.0,"key":"SMITH"},{"floor":32.0,"key":"RECALL"},{"floor":41,"key":"REST"},{"floor":47,"key":"DIG"},{"floor":49,"key":"DIG"},{"floor":53,"key":"DIG"}],"neow_cost":"PERCENT_DAMAGE","seed_source_timestamp":0,"circlet_count":0,"master_deck":["AscendersBane","Strike_R+1","Defend_R","Defend_R","Defend_R","Defend_R","Bash+1","Heavy Blade+1","Clothesline+1","Reckless Charge","Demon Form+1","Flame Barrier+1","Dark Embrace","Flame Barrier+1","Double Tap+1","Feed+1","Disarm+1","Impervious+1","Dual Wield+1","Headbutt","Reaper","Shockwave+1","Headbutt","Limit Break+1","True Grit+1","Shrug It Off+1"],"special_seed":0,"relics":["Burning Blood","WingedGreaves","Whetstone","Regal Pillow","Orichalcum","Toxic Egg 2","Question Card","Snecko Eye","Red Skull","Oddly Smooth Stone","Strawberry","Fusion Hammer","Pear","Pen Nib","Turnip","Shovel","Lee\u0027s Waffle","Boot","Paper Frog","Bronze Scales","Letter Opener","Bag of Preparation"],"potions_floor_usage":[45,56,56],"damage_taken":[{"damage":1.0,"enemies":"Small Slimes","floor":1.0,"turns":4.0},{"damage":1.0,"enemies":"Cultist","floor":2.0,"turns":3.0},{"damage":7.0,"enemies":"Jaw Worm","floor":3.0,"turns":5.0},{"damage":9.0,"enemies":"2 Fungi Beasts","floor":4.0,"turns":4.0},{"damage":8.0,"enemies":"Gremlin Nob","floor":7.0,"turns":3.0},{"damage":17.0,"enemies":"3 Sentries","floor":12.0,"turns":6.0},{"damage":14.0,"enemies":"Lagavulin","floor":13.0,"turns":6.0},{"damage":20.0,"enemies":"Slime Boss","floor":16.0,"turns":7.0},{"damage":15.0,"enemies":"Shell Parasite","floor":18.0,"turns":2.0},{"damage":5.0,"enemies":"2 Thieves","floor":20.0,"turns":3.0},{"damage":31.0,"enemies":"Slavers","floor":23.0,"turns":5.0},{"damage":6.0,"enemies":"Book of Stabbing","floor":25.0,"turns":4.0},{"damage":2.0,"enemies":"Centurion and Healer","floor":28.0,"turns":4.0},{"damage":47.0,"enemies":"Gremlin Leader","floor":29.0,"turns":6.0},{"damage":0.0,"enemies":"Cultist and Chosen","floor":30.0,"turns":4.0},{"damage":48.0,"enemies":"Automaton","floor":33.0,"turns":10.0},{"damage":8.0,"enemies":"3 Shapes","floor":35.0,"turns":12.0},{"damage":2.0,"enemies":"Orb Walker","floor":36.0,"turns":4.0},{"damage":47,"enemies":"Jaw Worm Horde","floor":39,"turns":7},{"damage":38,"enemies":"Giant Head","floor":40,"turns":7},{"damage":18,"enemies":"Nemesis","floor":42,"turns":7},{"damage":47,"enemies":"Reptomancer","floor":45,"turns":6},{"damage":34,"enemies":"Giant Head","floor":48,"turns":6},{"damage":16,"enemies":"Time Eater","floor":50,"turns":9},{"damage":58,"enemies":"Donu and Deca","floor":51,"turns":6},{"damage":143,"enemies":"Shield and Spear","floor":55,"turns":7},{"damage":104,"enemies":"The Heart","floor":56,"turns":8}],"seed_played":"135127485555146615","potions_obtained":[{"floor":1.0,"key":"SkillPotion"},{"floor":4.0,"key":"Fire Potion"},{"floor":7.0,"key":"AttackPotion"},{"floor":12.0,"key":"Fire Potion"},{"floor":13.0,"key":"Dexterity Potion"},{"floor":14.0,"key":"Weak Potion"},{"floor":25.0,"key":"EntropicBrew"},{"floor":28.0,"key":"Regen Potion"},{"floor":42,"key":"SkillPotion"},{"floor":45,"key":"SmokeBomb"},{"floor":48,"key":"Block Potion"}],"is_trial":false,"path_per_floor":["M","M","M","M","$","R","E","R","T","$","R","E","E","?","R","B",null,"M","?","M","?","$","E","R","E","T","R","M","E","M","?","R","B",null,"M","M","?","$","M","E","R","E","T","?","E","$","R","E","R","B","B",null,"R","$","E","B",null],"character_chosen":"IRONCLAD","items_purchased":["Orichalcum","Regen Potion","Explosive Potion","Lee\u0027s Waffle"],"campfire_rested":2,"item_purchase_floors":[10,22,38,46],"current_hp_per_floor":[55,60,59,56,56,56,54,54,54,54,54,43,35,35,35,21,62,53,32,33,33,33,22,61,64,64,64,72,38,44,44,44,21,79,102,106,106,106,114,124,132,124,124,124,87,140,140,144,144,148,152,152,152,152,92,34],"gold":66,"neow_bonus":"ONE_RARE_RELIC","is_prod":false,"is_daily":false,"chose_seed":false,"campfire_upgraded":5,"win_rate":0,"timestamp":1555106701,"path_taken":["M","M","M","M","$","R","E","R","T","$","R","E","E","?","R","BOSS","M","?","M","?","$","E","R","E","T","R","M","E","M","?","R","BOSS","M","M","?","$","M","E","R","E","T","?","E","$","R","E","R","BOSS","BOSS","R","$","E","BOSS"],"build_version":"2019-01-23","purchased_purges":2,"victory":true,"max_hp_per_floor":[75,75,75,75,75,75,75,75,75,75,75,75,75,75,75,75,75,75,80,80,80,80,80,80,83,83,83,87,94,94,94,94,98,98,102,106,106,106,118,132,132,136,136,129,133,140,140,144,144,148,152,152,152,152,152,152],"card_choices":[{"not_picked":["Blood for Blood","Flex"],"picked":"Heavy Blade","floor":1.0},{"not_picked":["Armaments","Cleave"],"picked":"Clothesline","floor":2.0},{"not_picked":["Dropkick","Wild Strike","Intimidate"],"picked":"SKIP","floor":3.0},{"not_picked":["Body Slam","Dual Wield"],"picked":"Reckless Charge","floor":4.0},{"not_picked":["Pommel Strike","Searing Blow"],"picked":"Demon Form","floor":7.0},{"not_picked":["Perfected Strike","Bloodletting"],"picked":"Inflame","floor":12.0},{"not_picked":["Heavy Blade","True Grit+1"],"picked":"Flame Barrier+1","floor":13.0},{"not_picked":["Juggernaut","Berserk","Barricade"],"picked":"Dark Embrace","floor":16.0},{"not_picked":["Twin Strike","Rupture","Infernal Blade+1","Body Slam"],"picked":"SKIP","floor":18.0},{"not_picked":["Clothesline","Cleave","Warcry+1"],"picked":"Flame Barrier+1","floor":20.0},{"not_picked":["Twin Strike","Perfected Strike","Heavy Blade"],"picked":"Feed","floor":23.0},{"not_picked":["Warcry+1","Twin Strike","Flex+1"],"picked":"Disarm+1","floor":25.0},{"not_picked":["Clash+1","Wild Strike","True Grit+1"],"picked":"Impervious+1","floor":28.0},{"not_picked":["Dark Embrace","Thunderclap+1","Cleave"],"picked":"Dual Wield+1","floor":29.0},{"not_picked":["Anger","Infernal Blade+1","Inflame"],"picked":"Headbutt","floor":30.0},{"not_picked":["Barricade","Exhume+1","Bludgeon"],"picked":"Reaper","floor":33.0},{"not_picked":["Twin Strike","True Grit+1","Perfected Strike"],"picked":"Shockwave+1","floor":35.0},{"not_picked":["Havoc+1","Cleave+1","Clash+1","Thunderclap"],"picked":"SKIP","floor":36.0},{"not_picked":["Anger","Sever Soul+1","Whirlwind"],"picked":"Headbutt","floor":39},{"not_picked":["Second Wind+1","Thunderclap","Clothesline"],"picked":"Limit Break+1","floor":40},{"not_picked":["Dark Embrace","Headbutt","Dual Wield+1","Clash"],"picked":"SKIP","floor":42},{"not_picked":["Dual Wield+1","Perfected Strike","Headbutt"],"picked":"True Grit+1","floor":45},{"not_picked":["Bludgeon","Heavy Blade","True Grit+1"],"picked":"Shrug It Off+1","floor":48},{"not_picked":["Iron Wave","Perfected Strike","Warcry+1","Body Slam"],"picked":"SKIP","floor":55}],"player_experience":686653,"relics_obtained":[{"floor":7.0,"key":"Whetstone"},{"floor":9.0,"key":"Regal Pillow"},{"floor":12.0,"key":"Toxic Egg 2"},{"floor":13.0,"key":"Question Card"},{"floor":23.0,"key":"Red Skull"},{"floor":25.0,"key":"Oddly Smooth Stone"},{"floor":29.0,"key":"Strawberry"},{"floor":40,"key":"Pear"},{"floor":42,"key":"Pen Nib"},{"floor":43,"key":"Turnip"},{"floor":45,"key":"Shovel"},{"floor":47,"key":"Boot"},{"floor":48,"key":"Paper Frog"},{"floor":49,"key":"Bronze Scales"},{"floor":53,"key":"Letter Opener"},{"floor":55,"key":"Bag of Preparation"}],"event_choices":[{"damage_healed":0.0,"max_hp_gain":0.0,"max_hp_loss":0.0,"gold_gain":0.0,"event_name":"The Woman in Blue","player_choice":"Bought 1 Potion","floor":14.0,"gold_loss":0.0,"damage_taken":0.0},{"damage_healed":0.0,"max_hp_gain":5.0,"max_hp_loss":0.0,"gold_gain":0.0,"event_name":"Forgotten Altar","player_choice":"Shed Blood","floor":19.0,"gold_loss":0.0,"damage_taken":26.0},{"damage_healed":0.0,"max_hp_gain":0.0,"max_hp_loss":0.0,"gold_gain":0.0,"cards_transformed":["Strike_R","Strike_R"],"event_name":"Drug Dealer","player_choice":"Became Test Subject","floor":21.0,"gold_loss":0.0,"damage_taken":0.0,"cards_obtained":["Double Tap","Wild Strike"]},{"cards_removed":["Strike_R"],"damage_healed":0.0,"max_hp_gain":0.0,"max_hp_loss":0.0,"gold_gain":0.0,"event_name":"Back to Basics","player_choice":"Elegance","floor":31.0,"gold_loss":0.0,"damage_taken":0.0},{"cards_removed":["Inflame"],"damage_healed":0.0,"max_hp_gain":0.0,"max_hp_loss":0.0,"gold_gain":0.0,"event_name":"Falling","player_choice":"Removed Power","floor":37.0,"gold_loss":0.0,"damage_taken":0.0},{"damage_healed":0,"gold_gain":0,"player_choice":"Max HP","damage_taken":0,"max_hp_gain":0,"max_hp_loss":7,"event_name":"Winding Halls","floor":44,"gold_loss":0}],"is_beta":false,"boss_relics":[{"not_picked":["Tiny House","Mark of Pain"],"picked":"Snecko Eye"},{"not_picked":["Runic Cube","Pandora\u0027s Box"],"picked":"Fusion Hammer"}],"items_purged_floors":[38,46],"is_endless":false,"potions_floor_spawned":[1,4,7,12,13,18,25,28,30,42,45,48],"ascension_level":20}