{"gold_per_floor":[215,235,249,267,282,282,316,50,76,76],"floor_reached":10,"playtime":1543,"items_purged":[],"score":130,"play_id":"b77bb600-ef9e-4044-a21b-52a23c8ebbc8","local_time":"20190724154418","is_ascension_mode":true,"campfire_choices":[{"floor":6,"key":"REST"}],"neow_cost":"NONE","seed_source_timestamp":15773195305979,"circlet_count":0,"master_deck":["AscendersBane","Strike_G","Strike_G","Strike_G","Strike_G","Strike_G","Defend_G","Defend_G","Defend_G","Defend_G","Defend_G","Survivor","Neutralize","Dodge and Roll","Sucker Punch","Skewer","Footwork","Backflip","Bouncing Flask","Dagger Spray"],"relics":["Ring of the Snake","Turnip","PrismaticShard","Anchor"],"potions_floor_usage":[7,7],"damage_taken":[{"damage":8,"enemies":"Jaw Worm","floor":1,"turns":6},{"damage":6,"enemies":"Cultist","floor":2,"turns":5},{"damage":3,"enemies":"2 Louse","floor":3,"turns":3},{"damage":8,"enemies":"Exordium Wildlife","floor":4,"turns":5},{"damage":5,"enemies":"Looter","floor":5,"turns":4},{"damage":8,"enemies":"3 Sentries","floor":7,"turns":10},{"damage":48,"enemies":"Gremlin Nob","floor":10,"turns":4}],"seed_played":"9138901022781163278","potions_obtained":[{"floor":2,"key":"Strength Potion"},{"floor":5,"key":"AttackPotion"}],"is_trial":false,"path_per_floor":["M","M","M","M","M","R","E","$","T","E"],"character_chosen":"THE_SILENT","items_purchased":["PrismaticShard","Dagger Spray"],"campfire_rested":1,"item_purchase_floors":[8,8],"current_hp_per_floor":[51,45,42,34,29,48,40,40,40,0],"gold":76,"neow_bonus":"HUNDRED_GOLD","is_prod":false,"is_daily":false,"chose_seed":false,"campfire_upgraded":0,"win_rate":0,"timestamp":1564001058,"path_taken":["M","M","M","M","M","R","E","$","T","E"],"build_version":"2019-07-17","purchased_purges":0,"victory":false,"max_hp_per_floor":[66,66,66,66,66,66,66,66,66,66],"card_choices":[{"not_picked":["Blade Dance","Distraction"],"picked":"Dodge and Roll","floor":1},{"not_picked":["Slice","Dodge and Roll"],"picked":"Sucker Punch","floor":2},{"not_picked":["Doppelganger","Quick Slash"],"picked":"Skewer","floor":3},{"not_picked":["Deflect","Riddle With Holes"],"picked":"Footwork","floor":4},{"not_picked":["Crippling Poison","Tactician"],"picked":"Backflip","floor":5},{"not_picked":["Dagger Spray","Prepared"],"picked":"Bouncing Flask","floor":7}],"player_experience":1634391,"relics_obtained":[{"floor":7,"key":"Turnip"},{"floor":9,"key":"Anchor"}],"event_choices":[],"is_beta":false,"boss_relics":[],"items_purged_floors":[],"is_endless":false,"potions_floor_spawned":[2,5],"killed_by":"Gremlin Nob","ascension_level":17}