{"gold_per_floor":[112,123,133,12,22,54,74,74,74,74,91,15,35,52,52,153,153,168,186,186,3,3,28,28,28,28,28,28,28],"floor_reached":29,"playtime":2679,"items_purged":[],"score":245,"play_id":"2ecc1cf0-fbf4-4b5f-87ed-af1fe1dd8b3f","local_time":"20190704011822","is_ascension_mode":false,"campfire_choices":[{"floor":8,"key":"REST"},{"floor":15,"key":"REST"},{"floor":24,"key":"REST"},{"floor":27,"key":"REST"}],"neow_cost":"TEN_PERCENT_HP_LOSS","seed_source_timestamp":1211236932272544,"circlet_count":0,"master_deck":["Strike_B","Strike_B","Strike_B","Defend_B","Defend_B","Defend_B","Defend_B","Zap","Dualcast","Sadistic Nature","Deep Breath","Self Repair","Sweeping Beam","Conserve Battery","Coolheaded","Capacitor","Static Discharge","Reprogram","Darkness","Chill","Turbo","Loop","Genetic Algorithm","Go for the Eyes","Echo Form","Blizzard","Metamorphosis","White Noise"],"relics":["Cracked Core","Ginger","Mango","Black Star","CultistMask","Peace Pipe","Calipers","Pantograph"],"potions_floor_usage":[16,23,23],"damage_taken":[{"damage":0,"enemies":"Cultist","floor":1,"turns":4},{"damage":0,"enemies":"Small Slimes","floor":2,"turns":3},{"damage":7,"enemies":"2 Louse","floor":3,"turns":2},{"damage":10,"enemies":"Blue Slaver","floor":5,"turns":6},{"damage":14,"enemies":"Lagavulin","floor":6,"turns":7},{"damage":45,"enemies":"Gremlin Gang","floor":7,"turns":4},{"damage":32,"enemies":"Large Slime","floor":11,"turns":6},{"damage":16,"enemies":"Exordium Thugs","floor":13,"turns":5},{"damage":10,"enemies":"Blue Slaver","floor":14,"turns":5},{"damage":28,"enemies":"Slime Boss","floor":16,"turns":13},{"damage":34,"enemies":"Spheric Guardian","floor":18,"turns":6},{"damage":13,"enemies":"Shell Parasite","floor":19,"turns":9},{"damage":38,"enemies":"Book of Stabbing","floor":23,"turns":6},{"damage":63,"enemies":"Gremlin Leader","floor":29,"turns":5}],"seed_played":"1239901923627521937","potions_obtained":[{"floor":1,"key":"FearPotion"},{"floor":7,"key":"Weak Potion"},{"floor":14,"key":"Strength Potion"},{"floor":18,"key":"Poison Potion"},{"floor":19,"key":"PowerPotion"}],"is_trial":false,"path_per_floor":["M","M","M","$","M","E","M","R","T","?","M","$","M","M","R","B",null,"M","M","?","$","?","E","R","$","T","R","$","E"],"character_chosen":"DEFECT","items_purchased":["Coolheaded","Capacitor","Loop","Metamorphosis"],"campfire_rested":4,"item_purchase_floors":[4,4,12,21],"current_hp_per_floor":[68,68,68,68,65,58,20,40,54,54,29,29,20,17,41,20,82,55,49,49,49,49,11,35,35,35,59,59,0],"gold":28,"neow_bonus":"RANDOM_COLORLESS_2","is_prod":false,"is_daily":false,"chose_seed":false,"campfire_upgraded":0,"win_rate":0,"timestamp":1562221102,"path_taken":["M","?","M","$","?","E","M","R","T","?","M","?","?","M","R","BOSS","M","M","?","?","?","E","R","$","T","R","?","E"],"build_version":"2019-07-01","purchased_purges":0,"victory":false,"max_hp_per_floor":[68,68,68,68,68,68,68,68,82,82,82,82,82,82,82,82,82,82,82,82,82,82,82,82,82,82,82,82,82],"card_choices":[{"not_picked":["Conserve Battery","Turbo"],"picked":"Self Repair","floor":1},{"not_picked":["Compile Driver","Tempest"],"picked":"Sweeping Beam","floor":2},{"not_picked":["Barrage","Consume"],"picked":"Conserve Battery","floor":3},{"not_picked":["Hologram","Coolheaded"],"picked":"Static Discharge","floor":5},{"not_picked":["Steam Power","Chill"],"picked":"Reprogram","floor":6},{"not_picked":["Cold Snap","Coolheaded"],"picked":"Darkness","floor":7},{"not_picked":["Steam Power","Sweeping Beam"],"picked":"Turbo","floor":11},{"not_picked":["Ball Lightning","Force Field"],"picked":"Genetic Algorithm","floor":13},{"not_picked":["Defragment","Darkness"],"picked":"Go for the Eyes","floor":14},{"not_picked":["Seek","Fission"],"picked":"Echo Form","floor":16},{"not_picked":["Fusion","Coolheaded","Gash"],"picked":"SKIP","floor":18},{"not_picked":["Chill","Steam Power+1"],"picked":"Blizzard","floor":19},{"not_picked":["Turbo","Glacier"],"picked":"White Noise","floor":23}],"player_experience":101708,"relics_obtained":[{"floor":6,"key":"Ginger"},{"floor":9,"key":"Mango"},{"floor":23,"key":"Peace Pipe"},{"floor":23,"key":"Calipers"},{"floor":26,"key":"Pantograph"}],"event_choices":[{"damage_healed":0,"gold_gain":0,"cards_transformed":["Strike_B"],"player_choice":"Transformed","damage_taken":0,"max_hp_gain":0,"max_hp_loss":0,"event_name":"Transmorgrifier","floor":10,"gold_loss":0,"cards_obtained":["Chill"]},{"damage_healed":0,"gold_gain":0,"player_choice":"Trade","damage_taken":0,"relics_obtained":["CultistMask"],"max_hp_gain":0,"max_hp_loss":0,"event_name":"FaceTrader","floor":20,"gold_loss":0},{"damage_healed":0,"gold_gain":0,"player_choice":"Ignored","damage_taken":0,"max_hp_gain":0,"max_hp_loss":0,"event_name":"Vampires","floor":22,"gold_loss":0}],"is_beta":false,"boss_relics":[{"not_picked":["White Beast Statue","FrozenCore"],"picked":"Black Star"}],"items_purged_floors":[],"is_endless":false,"potions_floor_spawned":[1,7,14,18,19],"killed_by":"Gremlin Leader","ascension_level":0}