{"gold_per_floor":[20,20,40,40,40,72,72,85,109,109,119,137,163,177,177,278,278,292,292,292],"floor_reached":20,"playtime":3247,"items_purged":[],"score":237,"play_id":"7cb86708-3e01-4615-830a-1223dcbdf14e","local_time":"20190609110340","is_ascension_mode":true,"campfire_choices":[{"floor":7.0,"key":"REST"},{"data":"Fission","floor":10.0,"key":"SMITH"},{"floor":15.0,"key":"REST"}],"neow_cost":"NO_GOLD","seed_source_timestamp":0,"circlet_count":0,"master_deck":["Strike_B","Strike_B","Strike_B+1","Defend_B","Defend_B","Defend_B","Defend_B","Zap+1","Dualcast","Cold Snap","Redo","Fission+1","Capacitor","Conserve Battery","Tempest","Cold Snap","Multi-Cast","RitualDagger"],"special_seed":0,"relics":["FrozenCore","Mango","Boot","Lantern","Pear"],"potions_floor_usage":[18,20,20],"damage_taken":[{"damage":1.0,"enemies":"Jaw Worm","floor":1.0,"turns":4.0},{"damage":4.0,"enemies":"2 Louse","floor":3.0,"turns":2.0},{"damage":37.0,"enemies":"Gremlin Nob","floor":6.0,"turns":5.0},{"damage":6.0,"enemies":"Small Slimes","floor":8.0,"turns":2.0},{"damage":1.0,"enemies":"Blue Slaver","floor":11.0,"turns":2.0},{"damage":1.0,"enemies":"Exordium Wildlife","floor":12.0,"turns":3.0},{"damage":15.0,"enemies":"3 Sentries","floor":13.0,"turns":9.0},{"damage":8.0,"enemies":"2 Fungi Beasts","floor":14.0,"turns":3.0},{"damage":31.0,"enemies":"The Guardian","floor":16.0,"turns":14.0},{"damage":16,"enemies":"3 Byrds","floor":18,"turns":6},{"damage":21,"enemies":"Colosseum Slavers","floor":20,"turns":5},{"damage":70,"enemies":"Colosseum Nobs","floor":20,"turns":7}],"seed_played":"6956864878738019205","potions_obtained":[{"floor":3.0,"key":"Fruit Juice"},{"floor":11.0,"key":"EssenceOfSteel"},{"floor":14.0,"key":"Fire Potion"},{"floor":16.0,"key":"EssenceOfSteel"}],"is_trial":false,"path_per_floor":["M","?","M","?","$","E","R","M","T","R","M","M","E","M","R","B",null,"M","?","?"],"character_chosen":"DEFECT","items_purchased":[],"campfire_rested":2,"item_purchase_floors":[],"current_hp_per_floor":[88,70,71,64,64,27,55,49,49,49,48,47,42,34,65,34,104,88,82,0],"gold":292,"neow_bonus":"ONE_RARE_RELIC","is_prod":false,"is_daily":false,"chose_seed":false,"campfire_upgraded":1,"win_rate":0,"timestamp":1560071020,"path_taken":["M","?","M","?","$","E","R","M","T","R","M","M","E","M","R","BOSS","M","?","?"],"build_version":"2019-01-23","purchased_purges":0,"victory":false,"max_hp_per_floor":[89,89,94,94,94,94,94,94,94,94,94,94,104,104,104,104,104,104,104,104],"card_choices":[{"not_picked":["Ball Lightning","Steam","Darkness"],"picked":"SKIP","floor":1.0},{"not_picked":["Sweeping Beam","Hologram"],"picked":"Cold Snap","floor":3.0},{"not_picked":["Rebound","Steam Power"],"picked":"Redo","floor":6.0},{"not_picked":["Turbo","Coolheaded"],"picked":"Fission","floor":8.0},{"not_picked":["Glacier","Loop"],"picked":"Capacitor","floor":11.0},{"not_picked":["Sweeping Beam","Streamline"],"picked":"Conserve Battery","floor":12.0},{"not_picked":["Melter","Fission"],"picked":"Tempest","floor":13.0},{"not_picked":["Beam Cell","Undo"],"picked":"Cold Snap","floor":14.0},{"not_picked":["Thunder Strike","Meteor Strike"],"picked":"Multi-Cast","floor":16.0},{"not_picked":["Rebound","Turbo","Barrage"],"picked":"SKIP","floor":18}],"player_experience":228957,"relics_obtained":[{"floor":6.0,"key":"Boot"},{"floor":9.0,"key":"Lantern"},{"floor":13.0,"key":"Pear"}],"event_choices":[{"damage_healed":0.0,"max_hp_gain":0.0,"max_hp_loss":0.0,"gold_gain":0.0,"event_name":"Shining Light","player_choice":"Entered Light","floor":2.0,"gold_loss":0.0,"damage_taken":18.0,"cards_upgraded":["Strike_B","Zap"]},{"cards_removed":["Strike_B"],"damage_healed":0.0,"max_hp_gain":0.0,"max_hp_loss":0.0,"gold_gain":0.0,"event_name":"Golden Wing","player_choice":"Card Removal","floor":4.0,"gold_loss":0.0,"damage_taken":7.0},{"damage_healed":0,"gold_gain":0,"player_choice":"Joined the Cult","damage_taken":6,"max_hp_gain":0,"max_hp_loss":0,"event_name":"Nest","floor":19,"gold_loss":0,"cards_obtained":["RitualDagger"]},{"damage_healed":0,"gold_gain":0,"player_choice":"Fight","damage_taken":0,"max_hp_gain":0,"max_hp_loss":0,"event_name":"Colosseum","floor":20,"gold_loss":0},{"damage_healed":0,"gold_gain":0,"player_choice":"Fought Nobs","damage_taken":0,"max_hp_gain":0,"max_hp_loss":0,"event_name":"Colosseum","floor":20,"gold_loss":0}],"is_beta":false,"boss_relics":[{"not_picked":["Nuclear Battery","Pandora\u0027s Box"],"picked":"FrozenCore"}],"items_purged_floors":[],"is_endless":false,"potions_floor_spawned":[3,11,14,16],"killed_by":"Colosseum Nobs","ascension_level":3}