{"gold_per_floor":[113,113,188,188,206,233,233,75,75,75,75,89,104,131,131,230,230,248,73,88,88,58,58,85,98,122,135,135],"floor_reached":28,"playtime":2534,"items_purged":["Strike_B","Strike_B"],"score":246,"play_id":"b00dc839-e161-4f26-b854-184afba616f2","local_time":"20190527105843","is_ascension_mode":false,"campfire_choices":[{"floor":7,"key":"REST"},{"data":"Static Discharge","floor":10,"key":"SMITH"},{"data":"Streamline","floor":15,"key":"SMITH"},{"data":"Defragment","floor":23,"key":"SMITH"}],"neow_cost":"TEN_PERCENT_HP_LOSS","seed_source_timestamp":3671234799959,"circlet_count":0,"master_deck":["Strike_B+1","Defend_B","Defend_B","Zap","Dualcast","Stack+1","Doom and Gloom","Static Discharge+1","Streamline+1","Darkness","Fusion","Stack","Amplify","Barrage+1","Defragment+1","Loop","Static Discharge","Cold Snap+1","Conserve Battery"],"relics":["Cracked Core","Vajra","Mercury Hourglass","Centennial Puzzle","Inserter","Mango","PreservedInsect"],"potions_floor_usage":[14,24,24,27],"damage_taken":[{"damage":2,"enemies":"Small Slimes","floor":1,"turns":3},{"damage":1,"enemies":"Jaw Worm","floor":5,"turns":3},{"damage":22,"enemies":"Gremlin Nob","floor":6,"turns":4},{"damage":0,"enemies":"2 Louse","floor":12,"turns":1},{"damage":8,"enemies":"Red Slaver","floor":13,"turns":2},{"damage":9,"enemies":"3 Sentries","floor":14,"turns":3},{"damage":22,"enemies":"Hexaghost","floor":16,"turns":7},{"damage":1,"enemies":"Spheric Guardian","floor":18,"turns":3},{"damage":13,"enemies":"Shell Parasite","floor":20,"turns":3},{"damage":27,"enemies":"Gremlin Leader","floor":24,"turns":5},{"damage":12,"enemies":"Snake Plant","floor":25,"turns":3},{"damage":17,"enemies":"Centurion and Healer","floor":27,"turns":4},{"damage":12,"enemies":"Colosseum Slavers","floor":28,"turns":1}],"seed_played":"-7602519194019827301","potions_obtained":[{"floor":5,"key":"FocusPotion"},{"floor":6,"key":"AttackPotion"},{"floor":22,"key":"AttackPotion"},{"floor":22,"key":"Explosive Potion"},{"floor":25,"key":"Poison Potion"}],"is_trial":false,"path_per_floor":["M","?","?","?","M","E","R","$","T","R","?","M","M","E","R","B",null,"M","$","M","?","?","R","E","M","T","M","?"],"character_chosen":"DEFECT","items_purchased":["Static Discharge","Streamline","Defragment"],"campfire_rested":1,"item_purchase_floors":[8,8,19],"current_hp_per_floor":[66,66,55,41,40,18,38,38,38,38,68,68,60,51,51,29,68,67,67,54,54,54,54,41,29,29,12,0],"gold":135,"neow_bonus":"REMOVE_TWO","is_prod":false,"is_daily":false,"chose_seed":false,"campfire_upgraded":3,"win_rate":0.0,"timestamp":1558947523,"path_taken":["M","?","?","?","M","E","R","$","T","R","?","M","?","E","R","BOSS","M","$","M","?","?","R","E","M","T","?","?"],"build_version":"2019-01-23","purchased_purges":2,"victory":false,"max_hp_per_floor":[68,68,68,68,68,68,68,68,68,68,68,68,68,68,68,68,68,68,68,68,68,68,68,82,82,82,82,82],"card_choices":[{"not_picked":["Conserve Battery","Steam"],"picked":"Stack","floor":1},{"not_picked":["Leap","Rebound"],"picked":"Doom and Gloom","floor":5},{"not_picked":["Leap","Force Field"],"picked":"Doom and Gloom","floor":6},{"not_picked":["Auto Shields","Double Energy"],"picked":"Darkness","floor":12},{"not_picked":["Cold Snap","Gash"],"picked":"Fusion","floor":13},{"not_picked":["Undo","Skim"],"picked":"Stack","floor":14},{"not_picked":["Meteor Strike","Fission"],"picked":"Amplify","floor":16},{"not_picked":["Sunder","Rip and Tear"],"picked":"Barrage+1","floor":18},{"not_picked":["Beam Cell","Glacier"],"picked":"Loop","floor":20},{"not_picked":["Hologram","Biased Cognition"],"picked":"Static Discharge","floor":24},{"not_picked":["Stack","Beam Cell"],"picked":"Cold Snap+1","floor":25},{"not_picked":["Steam","Compile Driver"],"picked":"Conserve Battery","floor":27}],"player_experience":41468,"relics_obtained":[{"floor":6,"key":"Vajra"},{"floor":9,"key":"Mercury Hourglass"},{"floor":14,"key":"Centennial Puzzle"},{"floor":24,"key":"Mango"},{"floor":26,"key":"PreservedInsect"}],"event_choices":[{"cards_removed":["Defend_B"],"damage_healed":0,"gold_gain":0,"player_choice":"Forget","damage_taken":0,"max_hp_gain":0,"max_hp_loss":0,"event_name":"Living Wall","floor":2,"gold_loss":0},{"damage_healed":0,"gold_gain":75,"player_choice":"Gather Gold","damage_taken":11,"max_hp_gain":0,"max_hp_loss":0,"event_name":"World of Goop","floor":3,"gold_loss":0},{"damage_healed":0,"gold_gain":0,"player_choice":"Entered Light","damage_taken":14,"max_hp_gain":0,"max_hp_loss":0,"event_name":"Shining Light","floor":4,"gold_loss":0,"cards_upgraded":["Strike_B","Stack"]},{"cards_removed":["Doom and Gloom"],"damage_healed":30,"gold_gain":0,"player_choice":"Offered Uncommon","damage_taken":0,"max_hp_gain":0,"max_hp_loss":0,"event_name":"Bonfire Elementals","floor":11,"gold_loss":0},{"damage_healed":0,"gold_gain":0,"player_choice":"Ignored","damage_taken":0,"max_hp_gain":0,"max_hp_loss":0,"event_name":"Vampires","floor":21,"gold_loss":0},{"damage_healed":0,"gold_gain":0,"player_choice":"Bought 2 Potions","damage_taken":0,"max_hp_gain":0,"max_hp_loss":0,"event_name":"The Woman in Blue","floor":22,"gold_loss":0},{"damage_healed":0,"gold_gain":0,"player_choice":"Fight","damage_taken":0,"max_hp_gain":0,"max_hp_loss":0,"event_name":"Colosseum","floor":28,"gold_loss":0}],"is_beta":false,"boss_relics":[{"not_picked":["FrozenCore","Lizard Tail"],"picked":"Inserter"}],"items_purged_floors":[8,19],"is_endless":false,"potions_floor_spawned":[5,6,25],"killed_by":"Colosseum Slavers","ascension_level":0}