{"gold_per_floor":[118,128,145,145,170,170,208,208,208,58,58,58,102,31,31,156,156,172,97,97,121,139,180,180,180,180,180,180,215,238,274,274,393,393,414,414,438,771,794,794],"floor_reached":40,"playtime":4434,"items_purged":["Pain"],"score":712,"play_id":"a96b857e-b209-42f6-b752-c94157e8bb05","local_time":"20180923111438","is_ascension_mode":true,"campfire_choices":[{"data":"Zap","floor":6,"key":"SMITH"},{"data":"Dualcast","floor":12,"key":"SMITH"},{"floor":15,"key":"REST"},{"floor":27,"key":"REST"},{"data":"Consume","floor":32,"key":"SMITH"}],"neow_cost":"NONE","seed_source_timestamp":866996827729115,"circlet_count":0,"master_deck":["Strike_B","Strike_B","Strike_B","Defend_B","Defend_B","Defend_B","Defend_B","Zap+1","Dualcast+1","Tempest","FTL","Amplify","Consume+1","Electrodynamics","Seek+1","Conserve Battery","Ghostly","Ghostly","Ghostly","Ghostly","Ghostly","Cold Snap","Biased Cognition","FTL+1"],"relics":["Cracked Core","Anchor","Potion Belt","WarpedTongs","Juzu Bracelet","DataDisk","Ornamental Fan","White Beast Statue","Bronze Scales","Bottled Lightning","Singing Bowl","Happy Flower","Boot","Coffee Dripper","Strawberry"],"potions_floor_usage":[5,7,16,23,31,33,40,40,40],"damage_taken":[{"damage":0,"enemies":"Jaw Worm","floor":1,"turns":5},{"damage":7,"enemies":"2 Louse","floor":2,"turns":3},{"damage":0,"enemies":"Small Slimes","floor":3,"turns":2},{"damage":2,"enemies":"3 Louse","floor":5,"turns":4},{"damage":15,"enemies":"Lagavulin","floor":7,"turns":5},{"damage":27,"enemies":"Gremlin Nob","floor":13,"turns":4},{"damage":11,"enemies":"The Guardian","floor":16,"turns":8},{"damage":3,"enemies":"3 Byrds","floor":18,"turns":2},{"damage":5,"enemies":"2 Thieves","floor":22,"turns":2},{"damage":26,"enemies":"Gremlin Leader","floor":23,"turns":4},{"damage":5,"enemies":"Colosseum Slavers","floor":24,"turns":2},{"damage":1,"enemies":"Slavers","floor":29,"turns":3},{"damage":2,"enemies":"Snecko","floor":30,"turns":5},{"damage":0,"enemies":"Book of Stabbing","floor":31,"turns":5},{"damage":3,"enemies":"Automaton","floor":33,"turns":8},{"damage":0,"enemies":"3 Shapes","floor":35,"turns":5},{"damage":1,"enemies":"Orb Walker","floor":37,"turns":3},{"damage":105,"enemies":"Giant Head","floor":40,"turns":12}],"seed_played":"4688290169068305111","potions_obtained":[{"floor":1,"key":"FearPotion"},{"floor":2,"key":"SpeedPotion"},{"floor":7,"key":"SteroidPotion"},{"floor":18,"key":"Fire Potion"},{"floor":22,"key":"EssenceOfSteel"},{"floor":23,"key":"Dexterity Potion"},{"floor":29,"key":"EssenceOfSteel"},{"floor":30,"key":"Block Potion"},{"floor":31,"key":"PowerPotion"},{"floor":33,"key":"SteroidPotion"},{"floor":35,"key":"FairyPotion"}],"is_trial":false,"path_per_floor":["M","M","M","?","M","R","E","?","T","$","?","R","E","$","R","B",null,"M","$","$","T","M","E","?","?","T","R","?","E","M","E","R","B",null,"M","?","M","?","T"],"character_chosen":"DEFECT","items_purchased":["DataDisk","Electrodynamics"],"campfire_rested":2,"item_purchase_floors":[10,14],"current_hp_per_floor":[68,61,61,61,59,59,44,44,44,44,44,44,17,17,37,26,58,55,55,55,55,50,24,19,19,19,29,29,28,28,30,30,27,35,37,37,36,36,43,0],"gold":794,"neow_bonus":"RANDOM_COMMON_RELIC","is_prod":false,"is_daily":false,"chose_seed":false,"campfire_upgraded":3,"win_rate":0,"timestamp":1537719278,"path_taken":["M","M","M","?","M","R","E","?","T","$","?","R","E","?","R","BOSS","M","?","$","?","M","E","?","?","T","R","?","E","M","E","R","BOSS","M","?","M","?","?","E"],"build_version":"2018-09-20","purchased_purges":1,"victory":false,"max_hp_per_floor":[75,75,75,69,69,69,69,69,69,69,69,69,69,69,69,69,69,69,69,69,69,69,69,69,34,34,34,34,34,36,38,38,38,38,40,40,40,40,47,47],"card_choices":[{"not_picked":["Hello World","Go for the Eyes"],"picked":"Tempest","floor":1},{"not_picked":["Lockon","Redo"],"picked":"FTL","floor":2},{"not_picked":["Turbo","Streamline","Beam Cell"],"picked":"SKIP","floor":3},{"not_picked":["Steam Power","Rip and Tear","Turbo"],"picked":"SKIP","floor":5},{"not_picked":["Rebound","Stack","Gash"],"picked":"SKIP","floor":7},{"not_picked":["Gash","Ball Lightning"],"picked":"Consume","floor":13},{"not_picked":["Reboot","Machine Learning"],"picked":"Seek","floor":16},{"not_picked":["Steam","Rebound+1"],"picked":"Conserve Battery","floor":18},{"not_picked":["Sunder","Steam","Go for the Eyes"],"picked":"SKIP","floor":22},{"not_picked":["Consume","Storm","Sweeping Beam"],"picked":"SKIP","floor":23},{"not_picked":["Stack","Reboot"],"picked":"Cold Snap","floor":29},{"not_picked":["Conserve Battery","Steam","Hologram"],"picked":"Singing Bowl","floor":30},{"not_picked":["Steam Power","Recycle","Stack"],"picked":"Singing Bowl","floor":31},{"not_picked":["Reboot","Creative AI"],"picked":"Biased Cognition","floor":33},{"not_picked":["Compile Driver+1","Beam Cell+1","Sweeping Beam+1"],"picked":"Singing Bowl","floor":35},{"not_picked":["BootSequence+1","Beam Cell"],"picked":"FTL+1","floor":37}],"player_experience":625564,"relics_obtained":[{"floor":7,"key":"Potion Belt"},{"floor":9,"key":"Juzu Bracelet"},{"floor":13,"key":"Ornamental Fan"},{"floor":21,"key":"Bronze Scales"},{"floor":23,"key":"Bottled Lightning"},{"floor":26,"key":"Singing Bowl"},{"floor":29,"key":"Happy Flower"},{"floor":31,"key":"Boot"},{"floor":39,"key":"Strawberry"}],"event_choices":[{"event_name":"Golden Idol","player_choice":"Lose Max HP","floor":4,"damage_taken":0},{"event_name":"Accursed Blacksmith","player_choice":"Rummage","floor":8,"damage_taken":0},{"event_name":"Living Wall","player_choice":"Change","floor":11,"damage_taken":0},{"event_name":"Colosseum","player_choice":"Fight","floor":24,"damage_taken":0},{"event_name":"Colosseum","player_choice":"Fled From Nobs","floor":24,"damage_taken":0},{"event_name":"Ghosts","player_choice":"Became a Ghost","floor":25,"damage_taken":0},{"event_name":"Upgrade Shrine","player_choice":"Upgraded","floor":28,"damage_taken":0},{"event_name":"Tomb of Lord Red Mask","player_choice":"Ignored","floor":36,"damage_taken":0},{"event_name":"The Moai Head","player_choice":"Gave Idol","floor":38,"damage_taken":0}],"is_beta":false,"boss_relics":[{"not_picked":["Eternal Feather","Empty Cage"],"picked":"White Beast Statue"},{"not_picked":["Velvet Choker","Philosopher\u0027s Stone"],"picked":"Coffee Dripper"}],"items_purged_floors":[19],"is_endless":false,"potions_floor_spawned":[1,2,7,18,22,23,24,29,30,31,33,35,37],"killed_by":"Giant Head","ascension_level":8}