{"gold_per_floor":[15,34,34,47,9,40,53,65,65,65,19,19,50,50,50,149,149,159,159,170,180,180,210,30,30,30,3,16,16,16,41,41,144,144,163,163,180,40,0,28,47,75,75,92,105,65,83,23,23,23],"floor_reached":50,"playtime":4095,"items_purged":[],"score":575,"play_id":"032825f5-eeb3-403b-9a21-5ede3673da1c","local_time":"20190719143904","is_ascension_mode":false,"campfire_choices":[{"floor":10,"key":"DIG"},{"data":"Double Energy","floor":12,"key":"SMITH"},{"floor":15,"key":"REST"},{"floor":25,"key":"REST"},{"floor":32,"key":"DIG"},{"floor":49,"key":"RECALL"}],"neow_cost":"NO_GOLD","seed_source_timestamp":202433397501782,"circlet_count":0,"master_deck":["Strike_B+1","Defend_B+1","Defend_B+1","Defend_B+1","Defend_B+1","Zap","Dualcast","Ball Lightning","Rip and Tear+1","Hyperbeam","Cold Snap","Static Discharge","Core Surge","Double Energy+1","Blizzard","Beam Cell","Hologram","Machine Learning","Capacitor","White Noise","Consume+1","Fusion","Panache","Go for the Eyes","Sweeping Beam+1","Multi-Cast","Conserve Battery","Fusion+1","Dramatic Entrance+1","Beam Cell+1","Cold Snap+1","Parasite","Lockon+1","Scrape+1","Sunder+1","Rebound+1","Chaos","Cold Snap+1","Creative AI","Lockon+1"],"relics":["Cracked Core","Dead Branch","Regal Pillow","Shovel","Torii","Bird Faced Urn","Philosopher\u0027s Stone","Blue Candle","Pantograph","Mummified Hand","Molten Egg 2","Inserter","Red Mask","Centennial Puzzle","Art of War"],"potions_floor_usage":[13,21,23,40,44,47,50,50],"damage_taken":[{"damage":5,"enemies":"Cultist","floor":1,"turns":4},{"damage":3,"enemies":"Jaw Worm","floor":2,"turns":3},{"damage":0,"enemies":"2 Louse","floor":4,"turns":1},{"damage":21,"enemies":"Gremlin Nob","floor":6,"turns":4},{"damage":0,"enemies":"Exordium Wildlife","floor":7,"turns":1},{"damage":0,"enemies":"Large Slime","floor":8,"turns":3},{"damage":24,"enemies":"Lagavulin","floor":13,"turns":5},{"damage":14,"enemies":"Hexaghost","floor":16,"turns":8},{"damage":23,"enemies":"Shell Parasite","floor":18,"turns":4},{"damage":0,"enemies":"Spheric Guardian","floor":20,"turns":3},{"damage":10,"enemies":"Snake Plant","floor":21,"turns":5},{"damage":57,"enemies":"Gremlin Leader","floor":23,"turns":7},{"damage":16,"enemies":"Chosen and Byrds","floor":28,"turns":6},{"damage":7,"enemies":"Book of Stabbing","floor":31,"turns":4},{"damage":77,"enemies":"Collector","floor":33,"turns":8},{"damage":6,"enemies":"3 Shapes","floor":35,"turns":2},{"damage":29,"enemies":"3 Darklings","floor":37,"turns":4},{"damage":7,"enemies":"Giant Head","floor":40,"turns":5},{"damage":31,"enemies":"Writhing Mass","floor":41,"turns":6},{"damage":18,"enemies":"Reptomancer","floor":42,"turns":4},{"damage":28,"enemies":"Spire Growth","floor":44,"turns":4},{"damage":6,"enemies":"4 Shapes","floor":45,"turns":4},{"damage":9,"enemies":"Jaw Worm Horde","floor":47,"turns":3},{"damage":60,"enemies":"Time Eater","floor":50,"turns":4}],"seed_played":"1002832607171352285","potions_obtained":[{"floor":2,"key":"SpeedPotion"},{"floor":7,"key":"Fire Potion"},{"floor":16,"key":"Swift Potion"},{"floor":18,"key":"PowerPotion"},{"floor":28,"key":"GamblersBrew"},{"floor":33,"key":"PowerPotion"},{"floor":37,"key":"LiquidBronze"},{"floor":42,"key":"PowerPotion"},{"floor":45,"key":"Ancient Potion"}],"is_trial":false,"path_per_floor":["M","M","?","M","$","E","M","M","T","R","$","R","E","?","R","B",null,"M","?","M","M","?","E","$","R","T","$","M","?","$","E","R","B",null,"M","?","M","$","?","E","M","E","T","M","M","$","M","?","R","B"],"character_chosen":"DEFECT","items_purchased":["Static Discharge","Beam Cell","Panache","Go for the Eyes","Dramatic Entrance+1","Beam Cell+1","Chaos"],"campfire_rested":2,"item_purchase_floors":[5,11,24,27,38,38,46],"current_hp_per_floor":[70,67,67,67,67,46,46,46,46,46,46,46,22,7,44,34,75,54,54,56,66,66,21,21,58,58,58,54,54,54,53,53,2,75,71,71,47,47,47,54,39,31,31,11,13,13,12,12,12,0],"gold":23,"neow_bonus":"ONE_RARE_RELIC","is_prod":false,"is_daily":false,"chose_seed":false,"campfire_upgraded":1,"win_rate":0,"timestamp":1563565144,"path_taken":["M","M","?","M","$","E","M","M","T","R","?","R","E","?","R","BOSS","M","?","M","M","?","E","?","R","T","$","M","?","$","E","R","BOSS","M","?","M","$","?","E","M","E","T","M","M","?","?","?","R","BOSS"],"build_version":"2019-07-17","purchased_purges":0,"victory":false,"max_hp_per_floor":[75,75,75,75,75,75,75,75,75,75,75,75,75,75,75,75,75,75,75,75,75,75,75,75,75,75,75,75,75,75,75,75,75,75,75,71,71,71,71,71,71,71,71,71,71,71,71,71,71,71],"card_choices":[{"not_picked":["Sweeping Beam","Rebound"],"picked":"Ball Lightning","floor":1},{"not_picked":["Turbo","Steam"],"picked":"Rip and Tear","floor":2},{"not_picked":["Compile Driver","Sweeping Beam"],"picked":"Cold Snap","floor":4},{"not_picked":["Gash","Coolheaded"],"picked":"Core Surge","floor":6},{"not_picked":["Stack","Coolheaded"],"picked":"Double Energy","floor":7},{"not_picked":["Reprogram","Rebound"],"picked":"Blizzard","floor":8},{"not_picked":["Go for the Eyes","Barrage"],"picked":"Hologram","floor":13},{"not_picked":["Multi-Cast","Hyperbeam"],"picked":"Machine Learning","floor":16},{"not_picked":["Hologram","Gash+1"],"picked":"Capacitor","floor":18},{"not_picked":["Redo","Coolheaded"],"picked":"White Noise","floor":20},{"not_picked":["Beam Cell","Core Surge"],"picked":"Consume+1","floor":21},{"not_picked":["Tempest+1","Static Discharge"],"picked":"Fusion","floor":23},{"not_picked":["Stack","Hologram"],"picked":"Sweeping Beam+1","floor":28},{"not_picked":["Gash","Reinforced Body","Steam"],"picked":"SKIP","floor":31},{"not_picked":["Seek","All For One+1"],"picked":"Multi-Cast","floor":33},{"not_picked":["Force Field+1","Blizzard+1"],"picked":"Conserve Battery","floor":35},{"not_picked":["Beam Cell+1","Cold Snap+1"],"picked":"Fusion+1","floor":37},{"not_picked":["Ball Lightning+1","Conserve Battery"],"picked":"Cold Snap+1","floor":40},{"not_picked":["Rip and Tear+1","Thunder Strike+1"],"picked":"Lockon+1","floor":41},{"not_picked":["Gash+1","Recycle+1"],"picked":"Scrape+1","floor":42},{"not_picked":["Static Discharge","Steam"],"picked":"Sunder+1","floor":44},{"not_picked":["Hologram+1","Recycle+1"],"picked":"Rebound+1","floor":45},{"not_picked":["Streamline+1","Tempest"],"picked":"Cold Snap+1","floor":47}],"player_experience":140521,"relics_obtained":[{"floor":6,"key":"Regal Pillow"},{"floor":9,"key":"Shovel"},{"floor":10,"key":"Torii"},{"floor":13,"key":"Bird Faced Urn"},{"floor":23,"key":"Blue Candle"},{"floor":26,"key":"Pantograph"},{"floor":31,"key":"Mummified Hand"},{"floor":32,"key":"Molten Egg 2"},{"floor":40,"key":"Centennial Puzzle"},{"floor":42,"key":"Art of War"}],"event_choices":[{"damage_healed":0,"gold_gain":0,"cards_transformed":["Strike_B"],"player_choice":"Change","damage_taken":0,"max_hp_gain":0,"max_hp_loss":0,"event_name":"Living Wall","floor":3,"gold_loss":0,"cards_obtained":["Hyperbeam"]},{"damage_healed":0,"gold_gain":0,"player_choice":"Entered Light","damage_taken":15,"max_hp_gain":0,"max_hp_loss":0,"event_name":"Shining Light","floor":14,"gold_loss":0,"cards_upgraded":["Defend_B","Rip and Tear"]},{"damage_healed":0,"gold_gain":0,"player_choice":"Simplicity","damage_taken":0,"max_hp_gain":0,"max_hp_loss":0,"event_name":"Back to Basics","floor":19,"gold_loss":0,"cards_upgraded":["Strike_B","Strike_B","Strike_B","Defend_B","Defend_B","Defend_B"]},{"damage_healed":0,"gold_gain":0,"player_choice":"Ignored","damage_taken":0,"max_hp_gain":0,"max_hp_loss":0,"event_name":"Vampires","floor":22,"gold_loss":0},{"damage_healed":0,"gold_gain":0,"player_choice":"Ignored","damage_taken":0,"max_hp_gain":0,"max_hp_loss":0,"event_name":"Ghosts","floor":29,"gold_loss":0},{"damage_healed":0,"gold_gain":0,"player_choice":"Max HP","damage_taken":0,"max_hp_gain":0,"max_hp_loss":4,"event_name":"Winding Halls","floor":36,"gold_loss":0},{"damage_healed":0,"gold_gain":0,"player_choice":"Paid","damage_taken":0,"relics_obtained":["Red Mask"],"max_hp_gain":0,"max_hp_loss":0,"event_name":"Tomb of Lord Red Mask","floor":39,"gold_loss":40},{"damage_healed":0,"gold_gain":0,"cards_transformed":["Strike_B","Strike_B"],"player_choice":"Transformed Cards","damage_taken":0,"max_hp_gain":0,"max_hp_loss":0,"event_name":"Designer","floor":48,"gold_loss":60,"cards_obtained":["Creative AI","Lockon"]}],"is_beta":false,"boss_relics":[{"not_picked":["Velvet Choker","Busted Crown"],"picked":"Philosopher\u0027s Stone"},{"not_picked":["Empty Cage","Coffee Dripper"],"picked":"Inserter"}],"items_purged_floors":[],"is_endless":false,"potions_floor_spawned":[2,7,16,18,28,33,37,42,45],"killed_by":"Time Eater","ascension_level":0}