{"gold_per_floor":[112,112,133,133,153,193,193,237,261,261,37,51,71,87,87,218,218,241,241],"floor_reached":19,"playtime":4052,"items_purged":["Bash"],"score":260,"play_id":"32229595-fced-4f1d-ab90-bbb5eda2badc","local_time":"20181004233637","is_ascension_mode":true,"campfire_choices":[{"floor":7,"key":"REST"},{"floor":10,"key":"REST"},{"data":"Trip","floor":15,"key":"SMITH"}],"neow_cost":"NONE","seed_source_timestamp":25842388371894,"circlet_count":0,"master_deck":["Strike_R","Strike_R","Strike_R","Strike_R","Defend_R","Defend_R","Defend_R","Defend_R","Metallicize","Battle Trance","Battle Trance","Pommel Strike","Trip+1","Shrug It Off","Battle Trance","Ghostly Armor","Barricade","Intimidate+1"],"relics":["Burning Blood","Golden Idol","Anchor","Regal Pillow","Dream Catcher","Velvet Choker"],"potions_floor_usage":[3,6,16,16],"damage_taken":[{"damage":1,"enemies":"Cultist","floor":1,"turns":4},{"damage":10,"enemies":"Jaw Worm","floor":3,"turns":4},{"damage":6,"enemies":"Small Slimes","floor":5,"turns":5},{"damage":35,"enemies":"Gremlin Nob","floor":6,"turns":5},{"damage":34,"enemies":"3 Sentries","floor":8,"turns":16},{"damage":19,"enemies":"Exordium Thugs","floor":12,"turns":8},{"damage":0,"enemies":"Exordium Wildlife","floor":13,"turns":4},{"damage":0,"enemies":"Blue Slaver","floor":14,"turns":4},{"damage":26,"enemies":"The Guardian","floor":16,"turns":18},{"damage":25,"enemies":"3 Byrds","floor":18,"turns":9},{"damage":57,"enemies":"Masked Bandits","floor":19,"turns":7}],"seed_played":"-4569209023829764410","potions_obtained":[{"floor":1,"key":"FearPotion"},{"floor":5,"key":"SteroidPotion"},{"floor":13,"key":"SpeedPotion"},{"floor":14,"key":"SteroidPotion"}],"is_trial":false,"path_per_floor":["M","?","M","?","M","E","R","E","T","R","$","M","M","M","R","B",null,"M"],"character_chosen":"IRONCLAD","items_purchased":["Trip","Shrug It Off"],"campfire_rested":2,"item_purchase_floors":[11,11],"current_hp_per_floor":[77,74,70,70,70,41,63,35,35,72,72,59,65,71,71,51,68,49,0],"gold":241,"neow_bonus":"REMOVE_CARD","is_prod":false,"is_daily":false,"chose_seed":false,"campfire_upgraded":1,"win_rate":0,"timestamp":1538714197,"path_taken":["M","?","M","?","?","E","R","E","T","R","$","M","M","M","R","BOSS","M","?"],"build_version":"2018-10-04","purchased_purges":1,"victory":false,"max_hp_per_floor":[80,74,74,74,74,74,74,74,74,74,74,74,74,74,74,74,74,74,74],"card_choices":[{"not_picked":["Second Wind","Havoc"],"picked":"Metallicize","floor":1},{"not_picked":["Twin Strike","Reckless Charge"],"picked":"Battle Trance","floor":3},{"not_picked":["Twin Strike","Fire Breathing","Bloodletting"],"picked":"SKIP","floor":5},{"not_picked":["Perfected Strike","Bloodletting"],"picked":"Battle Trance","floor":6},{"not_picked":["Exhume","Infernal Blade"],"picked":"Pommel Strike","floor":8},{"not_picked":["Thunderclap","Warcry","Clash"],"picked":"SKIP","floor":12},{"not_picked":["Dropkick","Reckless Charge"],"picked":"Battle Trance","floor":13},{"not_picked":["Hemokinesis","Headbutt"],"picked":"Ghostly Armor","floor":14},{"not_picked":["Exhume","Feed"],"picked":"Barricade","floor":16},{"not_picked":["Sword Boomerang","Pommel Strike"],"picked":"Intimidate+1","floor":18}],"player_experience":731608,"relics_obtained":[{"floor":6,"key":"Anchor"},{"floor":8,"key":"Regal Pillow"},{"floor":9,"key":"Dream Catcher"}],"event_choices":[{"event_name":"Golden Idol","player_choice":"Lose Max HP","floor":2,"damage_taken":0},{"event_name":"Liars Game","player_choice":"disagreed","floor":4,"damage_taken":0},{"event_name":"Masked Bandits","player_choice":"Fought Bandits","floor":19,"damage_taken":0}],"is_beta":false,"boss_relics":[{"not_picked":["Calling Bell","Coffee Dripper"],"picked":"Velvet Choker"}],"items_purged_floors":[11],"is_endless":false,"potions_floor_spawned":[1,5,13,14],"killed_by":"Masked Bandits","ascension_level":9}