{"gold_per_floor":[112,112,31,31,50,50,83,12,12,46,61,80,114,132,132,206,206,225,225],"floor_reached":19,"playtime":352,"items_purged":[],"score":524,"play_id":"b9badc7b-a0b3-45cc-a0aa-5d66ba0d40e1","local_time":"20190819205441","is_ascension_mode":true,"campfire_choices":[{"data":"Whirlwind","floor":6,"key":"SMITH"},{"data":"Bash","floor":15,"key":"SMITH"}],"neow_cost":"NONE","seed_source_timestamp":142557261589041,"circlet_count":0,"master_deck":["AscendersBane","Strike_R","Defend_R","Defend_R+1","Defend_R","Defend_R+1","Bash+1","Whirlwind+1","Disarm","Battle Trance","Offering","Battle Trance","Berserk","Inflame","Spot Weakness+1","Rampage+1","Rage+1"],"relics":["Burning Blood","NeowsBlessing","Bag of Marbles","War Paint","Art of War","Ancient Tea Set","PreservedInsect","Dream Catcher","Astrolabe"],"potions_floor_usage":[10,10,13,16],"damage_taken":[{"damage":0,"enemies":"Jaw Worm","floor":1,"turns":1},{"damage":0,"enemies":"Cultist","floor":5,"turns":1},{"damage":0,"enemies":"3 Sentries","floor":7,"turns":1},{"damage":26,"enemies":"Lagavulin","floor":10,"turns":6},{"damage":0,"enemies":"2 Louse","floor":11,"turns":1},{"damage":6,"enemies":"Gremlin Gang","floor":12,"turns":1},{"damage":8,"enemies":"Gremlin Nob","floor":13,"turns":3},{"damage":6,"enemies":"Large Slime","floor":14,"turns":2},{"damage":10,"enemies":"The Guardian","floor":16,"turns":10},{"damage":30,"enemies":"Shell Parasite","floor":18,"turns":3},{"damage":33,"enemies":"Masked Bandits","floor":19,"turns":3}],"seed_played":"7715065814572638526","potions_obtained":[{"floor":1,"key":"AttackPotion"},{"floor":7,"key":"Weak Potion"},{"floor":10,"key":"Swift Potion"},{"floor":11,"key":"Ancient Potion"},{"floor":12,"key":"AttackPotion"}],"is_trial":false,"path_per_floor":["M","?","$","?","M","R","E","?","T","E","M","M","E","M","R","B",null,"M","?"],"character_chosen":"IRONCLAD","items_purchased":["Whirlwind"],"campfire_rested":0,"item_purchase_floors":[3],"current_hp_per_floor":[74,39,39,39,45,45,51,51,51,31,37,37,35,35,35,31,64,40,7],"gold":225,"neow_bonus":"THREE_ENEMY_KILL","is_prod":false,"is_daily":false,"chose_seed":false,"campfire_upgraded":2,"win_rate":0,"timestamp":1566222881,"path_taken":["M","?","$","?","?","R","E","?","T","E","M","?","E","M","R","BOSS","M","?"],"build_version":"2019-08-15","purchased_purges":0,"victory":false,"max_hp_per_floor":[75,75,75,75,75,75,75,75,75,75,75,75,75,75,75,75,75,75,75],"card_choices":[{"not_picked":["Power Through","True Grit","Shrug It Off"],"picked":"SKIP","floor":1},{"not_picked":["Headbutt","Shrug It Off"],"picked":"Disarm","floor":5},{"not_picked":["Sword Boomerang","Impervious"],"picked":"Battle Trance","floor":7},{"not_picked":["Battle Trance","Heavy Blade"],"picked":"Offering","floor":10},{"not_picked":["Evolve","Flex"],"picked":"Battle Trance","floor":11},{"not_picked":["Headbutt","Corruption","Burning Pact"],"picked":"SKIP","floor":12},{"not_picked":["Feel No Pain","Fire Breathing","Berserk"],"picked":"SKIP","floor":13},{"not_picked":["Feel No Pain","Fire Breathing"],"picked":"Berserk","floor":13},{"not_picked":["Sword Boomerang","Searing Blow"],"picked":"Inflame","floor":14},{"not_picked":["Twin Strike","Hemokinesis","Clothesline"],"picked":"SKIP","floor":18}],"player_experience":1071138,"relics_obtained":[{"floor":7,"key":"War Paint"},{"floor":9,"key":"Ancient Tea Set"},{"floor":10,"key":"PreservedInsect"},{"floor":13,"key":"Dream Catcher"}],"event_choices":[{"damage_healed":0,"gold_gain":0,"player_choice":"Success","damage_taken":35,"relics_obtained":["Bag of Marbles"],"max_hp_gain":0,"max_hp_loss":0,"event_name":"Scrap Ooze","floor":2,"gold_loss":0},{"cards_removed":["Strike_R"],"damage_healed":0,"gold_gain":0,"player_choice":"Purged","damage_taken":0,"max_hp_gain":0,"max_hp_loss":0,"event_name":"Purifier","floor":4,"gold_loss":0},{"damage_healed":0,"gold_gain":0,"player_choice":"Paid Gold","damage_taken":0,"relics_obtained":["Art of War"],"max_hp_gain":0,"max_hp_loss":0,"event_name":"WeMeetAgain","floor":8,"gold_loss":71},{"damage_healed":0,"gold_gain":0,"player_choice":"Fought Bandits","damage_taken":0,"max_hp_gain":0,"max_hp_loss":0,"event_name":"Masked Bandits","floor":19,"gold_loss":0}],"is_beta":true,"boss_relics":[{"not_picked":["Runic Cube","Runic Pyramid"],"picked":"Astrolabe"}],"items_purged_floors":[],"is_endless":false,"potions_floor_spawned":[1,7,10,11,12],"killed_by":"Masked Bandits","ascension_level":20}