{"gold_per_floor":[111,35,53,53,53,53,76,76,103,117,135,8,8,28,28,148,148,171,192,192],"floor_reached":20,"playtime":1949,"items_purged":["Strike_B"],"score":191,"play_id":"9fff3a6c-8152-4d20-b97b-ab7824a579b9","local_time":"20190609113621","is_ascension_mode":true,"campfire_choices":[{"data":"Coolheaded","floor":6,"key":"SMITH"},{"data":"Zap","floor":8,"key":"SMITH"},{"floor":13,"key":"REST"},{"data":"Loop","floor":15,"key":"SMITH"}],"neow_cost":"NONE","seed_source_timestamp":3982715189899,"circlet_count":0,"master_deck":["Strike_B","Strike_B","Strike_B+1","Defend_B","Defend_B","Defend_B","Defend_B","Zap+1","Dualcast","Amplify","Static Discharge","Defragment+1","Coolheaded+1","Sweeping Beam","Cold Snap","Gash","Loop+1","All For One","Glacier"],"relics":["Cracked Core","Golden Idol","Pen Nib","Snecko Eye"],"potions_floor_usage":[],"damage_taken":[{"damage":3,"enemies":"Jaw Worm","floor":1,"turns":4},{"damage":7,"enemies":"2 Louse","floor":3,"turns":3},{"damage":4,"enemies":"Small Slimes","floor":7,"turns":5},{"damage":13,"enemies":"Red Slaver","floor":10,"turns":3},{"damage":6,"enemies":"Exordium Thugs","floor":11,"turns":4},{"damage":7,"enemies":"Large Slime","floor":14,"turns":4},{"damage":11,"enemies":"The Guardian","floor":16,"turns":13},{"damage":12,"enemies":"Shell Parasite","floor":18,"turns":5},{"damage":37,"enemies":"2 Thieves","floor":19,"turns":3},{"damage":0,"enemies":"Centurion and Healer","floor":20,"turns":1}],"seed_played":"-5635385126118168363","potions_obtained":[{"floor":11,"key":"Strength Potion"},{"floor":14,"key":"Fire Potion"},{"floor":16,"key":"SkillPotion"}],"is_trial":false,"path_per_floor":["M","$","M","?","?","R","M","R","T","M","M","$","R","M","R","B",null,"M","M","M"],"character_chosen":"DEFECT","items_purchased":["Defragment","Gash"],"campfire_rested":1,"item_purchase_floors":[2,12],"current_hp_per_floor":[72,72,65,50,50,50,46,46,46,33,27,27,47,40,40,29,69,57,20,20],"gold":192,"neow_bonus":"ONE_RANDOM_RARE_CARD","is_prod":false,"is_daily":false,"chose_seed":false,"campfire_upgraded":3,"win_rate":0,"timestamp":1560072981,"path_taken":["M","$","M","?","?","R","M","R","T","M","M","$","R","M","R","BOSS","M","M","M"],"build_version":"2019-01-23","purchased_purges":1,"victory":false,"max_hp_per_floor":[75,75,75,75,69,69,69,69,69,69,69,69,69,69,69,69,69,69,69,69],"card_choices":[{"not_picked":["Ball Lightning","Compile Driver"],"picked":"Static Discharge","floor":1},{"not_picked":["Fusion","Rebound"],"picked":"Coolheaded","floor":3},{"not_picked":["Go for the Eyes","Rebound","Steam"],"picked":"SKIP","floor":7},{"not_picked":["Consume","Sunder"],"picked":"Sweeping Beam","floor":10},{"not_picked":["Darkness","Compile Driver"],"picked":"Cold Snap","floor":11},{"not_picked":["Rip and Tear","Redo"],"picked":"Loop","floor":14},{"not_picked":["Core Surge","Meteor Strike"],"picked":"All For One","floor":16},{"not_picked":["Consume","Stack"],"picked":"Glacier","floor":18},{"not_picked":["Undo","Storm","FTL"],"picked":"SKIP","floor":19}],"player_experience":232204,"relics_obtained":[{"floor":9,"key":"Pen Nib"}],"event_choices":[{"damage_healed":0,"gold_gain":0,"player_choice":"Entered Light","damage_taken":15,"max_hp_gain":0,"max_hp_loss":0,"event_name":"Shining Light","floor":4,"gold_loss":0,"cards_upgraded":["Defragment","Strike_B"]},{"damage_healed":0,"gold_gain":0,"player_choice":"Lose Max HP","damage_taken":0,"relics_obtained":["Golden Idol"],"max_hp_gain":0,"max_hp_loss":6,"event_name":"Golden Idol","floor":5,"gold_loss":0}],"is_beta":false,"boss_relics":[{"not_picked":["Ectoplasm","Runic Dome"],"picked":"Snecko Eye"}],"items_purged_floors":[12],"is_endless":false,"potions_floor_spawned":[11,14,16],"killed_by":"Centurion and Healer","ascension_level":3}