{"gold_per_floor":[109,109,125,125,50,74,74,74,92,92,104,118,118,126,126,126],"floor_reached":16,"playtime":306,"items_purged":[],"score":281,"play_id":"15d57815-087c-4a30-bb71-fe6461eb3017","local_time":"20190926201716","is_ascension_mode":true,"campfire_choices":[{"data":"Eruption","floor":10,"key":"SMITH"},{"data":"Wallop","floor":15,"key":"SMITH"}],"neow_cost":"NONE","seed_source_timestamp":318151826223900,"circlet_count":0,"master_deck":["Strike_P","Strike_P","Strike_P","Strike_P","Defend_P","Defend_P+1","Eruption+1","Vigilance+1","AscMod:ascendersbane","Evaluate","Wallop+1","Sanctity"],"special_seed":0,"relics":["PureWater","NeowsBlessing","Juzu Bracelet","Shovel","MealTicket"],"potions_floor_usage":[16],"damage_taken":[{"damage":0.0,"enemies":"2 Louse","floor":1.0,"turns":1.0},{"damage":0.0,"enemies":"Small Slimes","floor":3.0,"turns":1.0},{"damage":0.0,"enemies":"3 Sentries","floor":6.0,"turns":1.0},{"damage":0,"enemies":"Jaw Worm","floor":11,"turns":1},{"damage":0,"enemies":"3 Louse","floor":12,"turns":3},{"damage":14,"enemies":"Large Slime","floor":14,"turns":7},{"damage":23,"enemies":"Slime Boss","floor":16,"turns":5}],"seed_played":"-6340052835947094768","potions_obtained":[{"floor":6.0,"key":"LiquidBronze"},{"floor":12,"key":"PowerPotion"}],"is_trial":false,"path_per_floor":["M","?","M","?","?","E","?","T","T","R","M","M","?","M","R","B"],"character_chosen":"WATCHER","items_purchased":[],"campfire_rested":0,"item_purchase_floors":[],"current_hp_per_floor":[55,37,37,30,30,30,30,30,30,30,30,30,34,20,20,0],"gold":126,"neow_bonus":"THREE_ENEMY_KILL","is_prod":false,"is_daily":false,"chose_seed":false,"campfire_upgraded":2,"win_rate":0,"timestamp":1569503836,"path_taken":["M","?","M","?","?","E","?","?","T","R","M","M","?","M","R","BOSS"],"build_version":"2019-09-25","purchased_purges":0,"victory":false,"max_hp_per_floor":[61,61,61,61,61,61,61,61,61,61,61,61,66,66,66,66],"card_choices":[{"not_picked":["EmptyBody","EmptyFist","Weave"],"picked":"SKIP","floor":1.0},{"not_picked":["FollowUp","EmptyBody","Devotion"],"picked":"SKIP","floor":3.0},{"not_picked":["CleanseEvil","CutThroughFate"],"picked":"Evaluate","floor":6.0},{"not_picked":["CutThroughFate","Ragnarok"],"picked":"Wallop","floor":11},{"not_picked":["FollowUp","Weave","ThirdEye"],"picked":"SKIP","floor":12},{"not_picked":["CrushJoints","Protect"],"picked":"Sanctity","floor":14}],"player_experience":1160026,"relics_obtained":[{"floor":6.0,"key":"Juzu Bracelet"},{"floor":8,"key":"Shovel"},{"floor":9,"key":"MealTicket"}],"event_choices":[{"damage_healed":0.0,"max_hp_gain":0.0,"max_hp_loss":0.0,"gold_gain":0.0,"event_name":"Shining Light","player_choice":"Entered Light","floor":2.0,"gold_loss":0.0,"damage_taken":18.0,"cards_upgraded":["Defend_P","Vigilance"]},{"cards_removed":["Defend_P"],"damage_healed":0.0,"max_hp_gain":0.0,"max_hp_loss":0.0,"gold_gain":0.0,"event_name":"Golden Wing","player_choice":"Card Removal","floor":4.0,"gold_loss":0.0,"damage_taken":7.0},{"cards_removed":["Defend_P"],"damage_healed":0.0,"max_hp_gain":0.0,"max_hp_loss":0.0,"gold_gain":0.0,"event_name":"The Cleric","player_choice":"Card Removal","floor":5.0,"gold_loss":75.0,"damage_taken":0.0},{"damage_healed":0,"gold_gain":0,"player_choice":"Searched \u00270\u0027 times","damage_taken":0,"max_hp_gain":0,"max_hp_loss":0,"event_name":"Dead Adventurer","floor":7,"gold_loss":0},{"damage_healed":0,"gold_gain":0,"player_choice":"Donut","damage_taken":0,"max_hp_gain":5,"max_hp_loss":0,"event_name":"Big Fish","floor":13,"gold_loss":0}],"is_beta":true,"boss_relics":[],"items_purged_floors":[],"is_endless":false,"potions_floor_spawned":[6,12,14],"killed_by":"Slime Boss","ascension_level":25}