{"gold_per_floor":[111,111,111,111,111,144,158,158,211,227,227,261,261,276,276,350,350,330,46,46,46,46,46,46,46,46,46,46,46,46,46,46,46,46,46,46,46,46,46,46,46,46,46,46,46,46,46,46,46,46,46],"floor_reached":52,"playtime":2120,"items_purged":[],"score":1985,"play_id":"46a6e587-ddfc-4c13-b538-94f2e7984d28","local_time":"20190927115204","is_ascension_mode":true,"campfire_choices":[{"data":"Wild Strike","floor":8.0,"key":"SMITH"},{"data":"Demon Form","floor":13.0,"key":"SMITH"},{"data":"Battle Trance","floor":15.0,"key":"SMITH"},{"data":"Fiend Fire","floor":24.0,"key":"SMITH"},{"data":"Feel No Pain","floor":27.0,"key":"SMITH"},{"floor":30.0,"key":"REST"},{"floor":32.0,"key":"REST"},{"floor":40,"key":"REST"},{"data":"Second Wind","floor":42,"key":"SMITH"},{"data":"Finesse","floor":45,"key":"SMITH"},{"floor":49,"key":"REST"}],"neow_cost":"NONE","seed_source_timestamp":904071391251400,"circlet_count":0,"master_deck":["AscendersBane","Strike_R","Strike_R+1","Defend_R+1","Defend_R","Defend_R","Defend_R","Bash","Evolve+1","Wild Strike+1","Battle Trance+1","Headbutt","Demon Form+1","Fiend Fire+1","Feel No Pain+1","Whirlwind+1","Cleave+1","Impervious","Second Wind+1","Finesse+1","Finesse","Thinking Ahead"],"special_seed":0,"relics":["Burning Blood","NeowsBlessing","Singing Bowl","Vajra","Charon\u0027s Ashes","Ectoplasm","Molten Egg 2","Potion Belt","Blue Candle","HornCleat","Runic Pyramid","Darkstone Periapt","PreservedInsect"],"potions_floor_usage":[33,38],"damage_taken":[{"damage":0.0,"enemies":"Jaw Worm","floor":1.0,"turns":1.0},{"damage":0.0,"enemies":"Lagavulin","floor":6.0,"turns":1.0},{"damage":0.0,"enemies":"2 Louse","floor":7.0,"turns":1.0},{"damage":0.0,"enemies":"Small Slimes","floor":10.0,"turns":2.0},{"damage":12.0,"enemies":"3 Sentries","floor":12.0,"turns":7.0},{"damage":9.0,"enemies":"3 Louse","floor":14.0,"turns":2.0},{"damage":38.0,"enemies":"Slime Boss","floor":16.0,"turns":6.0},{"damage":11.0,"enemies":"2 Thieves","floor":18.0,"turns":2.0},{"damage":0.0,"enemies":"Chosen","floor":21.0,"turns":2.0},{"damage":5.0,"enemies":"Snecko","floor":23.0,"turns":4.0},{"damage":15.0,"enemies":"Shelled Parasite and Fungi","floor":25.0,"turns":3.0},{"damage":25.0,"enemies":"Slavers","floor":29.0,"turns":5.0},{"damage":67.0,"enemies":"Book of Stabbing","floor":31.0,"turns":5.0},{"damage":21,"enemies":"Collector","floor":33,"turns":5},{"damage":47,"enemies":"3 Darklings","floor":35,"turns":4},{"damage":13,"enemies":"3 Shapes","floor":36,"turns":4},{"damage":0,"enemies":"Sphere and 2 Shapes","floor":37,"turns":4},{"damage":0,"enemies":"3 Darklings","floor":38,"turns":4},{"damage":3,"enemies":"Spire Growth","floor":44,"turns":4},{"damage":21,"enemies":"Jaw Worm Horde","floor":46,"turns":3},{"damage":3,"enemies":"Maw","floor":47,"turns":8},{"damage":25,"enemies":"Giant Head","floor":48,"turns":7},{"damage":26,"enemies":"Awakened One","floor":50,"turns":9},{"damage":13,"enemies":"Donu and Deca","floor":51,"turns":9}],"seed_played":"-5353141689665456371","potions_obtained":[{"floor":7.0,"key":"Fire Potion"},{"floor":10.0,"key":"SkillPotion"},{"floor":16.0,"key":"Ancient Potion"},{"floor":21.0,"key":"Block Potion"},{"floor":29.0,"key":"PowerPotion"},{"floor":35,"key":"FearPotion"},{"floor":38,"key":"Fruit Juice"},{"floor":44,"key":"FearPotion"},{"floor":47,"key":"Fire Potion"}],"is_trial":false,"path_per_floor":["M","?","?","$","?","E","M","R","T","M","?","E","R","M","R","B",null,"M","$","?","M","?","M","R","M","T","R","$","E","R","E","R","B",null,"M","M","M","M","?","R","?","R","T","M","R","M","M","E","R","B","B",null],"character_chosen":"IRONCLAD","items_purchased":["Molten Egg 2"],"campfire_rested":4,"item_purchase_floors":[19],"current_hp_per_floor":[74,74,67,67,44,50,56,56,56,62,62,56,56,55,55,23,64,59,59,59,67,67,68,68,61,61,61,61,44,68,9,34,19,69,30,25,31,44,34,62,62,62,62,67,67,54,59,42,73,53,46],"gold":46,"neow_bonus":"THREE_ENEMY_KILL","is_prod":false,"is_daily":false,"chose_seed":false,"campfire_upgraded":7,"win_rate":0,"timestamp":1569610324,"path_taken":["M","?","?","?","?","E","?","R","T","M","?","E","R","M","R","BOSS","M","$","?","M","?","M","R","M","T","R","$","E","R","E","R","BOSS","M","M","M","M","?","R","?","R","T","M","R","M","M","E","R","BOSS","BOSS"],"build_version":"2019-09-26","purchased_purges":0,"victory":true,"max_hp_per_floor":[75,75,75,75,75,75,75,75,75,75,75,75,75,77,77,77,77,77,77,77,79,79,79,79,81,81,81,81,83,83,85,85,85,85,87,89,89,96,96,96,96,96,96,98,98,100,102,104,104,104,104],"card_choices":[{"not_picked":["Sword Boomerang","Pummel"],"picked":"Evolve","floor":1.0},{"not_picked":["Havoc","Flame Barrier"],"picked":"Wild Strike","floor":6.0},{"not_picked":["Reckless Charge","Rampage"],"picked":"Battle Trance","floor":7.0},{"not_picked":["Anger","Evolve"],"picked":"Headbutt","floor":10.0},{"not_picked":["Rupture","Reckless Charge"],"picked":"Demon Form","floor":12.0},{"not_picked":["Heavy Blade","Cleave","Iron Wave"],"picked":"Singing Bowl","floor":14.0},{"not_picked":["Barricade","Feed"],"picked":"Fiend Fire","floor":16.0},{"not_picked":["Entrench","Pommel Strike"],"picked":"Feel No Pain","floor":18.0},{"not_picked":["Evolve","Dual Wield+1","Thunderclap+1"],"picked":"Singing Bowl","floor":21.0},{"not_picked":["Clash+1","Intimidate"],"picked":"Cleave+1","floor":23.0},{"not_picked":["Clash+1","Sword Boomerang+1","Cleave+1"],"picked":"Singing Bowl","floor":25.0},{"not_picked":["Carnage+1","Intimidate","Fire Breathing+1"],"picked":"Singing Bowl","floor":29.0},{"not_picked":["Entrench","Thunderclap+1","Heavy Blade+1"],"picked":"Singing Bowl","floor":31.0},{"not_picked":["Juggernaut","Dark Embrace"],"picked":"Impervious","floor":33},{"not_picked":["Blood for Blood+1","Cleave+1","Searing Blow+1"],"picked":"Singing Bowl","floor":35},{"not_picked":["Dropkick+1","Iron Wave+1","Warcry"],"picked":"Singing Bowl","floor":36},{"not_picked":["Warcry","Anger+1"],"picked":"Second Wind","floor":37},{"not_picked":["Heavy Blade+1","Inflame+1","True Grit"],"picked":"Singing Bowl","floor":38},{"not_picked":["Good Instincts","Jack Of All Trades"],"picked":"Finesse","floor":39},{"not_picked":["Mind Blast+1","Enlightenment"],"picked":"Finesse","floor":39},{"not_picked":["Mind Blast+1","Dramatic Entrance+1"],"picked":"Thinking Ahead","floor":39},{"not_picked":["Iron Wave+1","Clothesline+1","Flame Barrier+1"],"picked":"Singing Bowl","floor":44},{"not_picked":["Iron Wave+1","Armaments","Sword Boomerang+1"],"picked":"Singing Bowl","floor":46},{"not_picked":["Shrug It Off+1","Uppercut+1","Iron Wave+1"],"picked":"Singing Bowl","floor":47},{"not_picked":["Evolve","Armaments","Dual Wield"],"picked":"Singing Bowl","floor":48}],"player_experience":1057292,"relics_obtained":[{"floor":6.0,"key":"Singing Bowl"},{"floor":9.0,"key":"Vajra"},{"floor":12.0,"key":"Charon\u0027s Ashes"},{"floor":26.0,"key":"Potion Belt"},{"floor":29.0,"key":"Blue Candle"},{"floor":31.0,"key":"HornCleat"},{"floor":43,"key":"Darkstone Periapt"},{"floor":48,"key":"PreservedInsect"}],"event_choices":[{"damage_healed":0.0,"max_hp_gain":0.0,"max_hp_loss":0.0,"gold_gain":0.0,"event_name":"Liars Game","player_choice":"Ignored","floor":2.0,"gold_loss":0.0,"damage_taken":0.0},{"cards_removed":["Strike_R"],"damage_healed":0.0,"max_hp_gain":0.0,"max_hp_loss":0.0,"gold_gain":0.0,"event_name":"Golden Wing","player_choice":"Card Removal","floor":3.0,"gold_loss":0.0,"damage_taken":7.0},{"damage_healed":0.0,"max_hp_gain":0.0,"max_hp_loss":0.0,"gold_gain":0.0,"event_name":"Shining Light","player_choice":"Entered Light","floor":5.0,"gold_loss":0.0,"damage_taken":23.0,"cards_upgraded":["Strike_R","Defend_R"]},{"damage_healed":0.0,"max_hp_gain":0.0,"max_hp_loss":0.0,"gold_gain":0.0,"event_name":"Living Wall","player_choice":"Grow","floor":11.0,"gold_loss":0.0,"damage_taken":0.0,"cards_upgraded":["Evolve"]},{"damage_healed":0.0,"max_hp_gain":0.0,"max_hp_loss":0.0,"gold_gain":0.0,"event_name":"Ghosts","player_choice":"Ignored","floor":20.0,"gold_loss":0.0,"damage_taken":0.0},{"damage_healed":0.0,"max_hp_gain":0.0,"max_hp_loss":0.0,"gold_gain":0.0,"cards_transformed":["Strike_R"],"event_name":"Transmorgrifier","player_choice":"Transformed","floor":22.0,"gold_loss":0.0,"damage_taken":0.0,"cards_obtained":["Whirlwind"]},{"damage_healed":0,"gold_gain":0,"player_choice":"Memory 3","damage_taken":10,"max_hp_gain":0,"max_hp_loss":0,"event_name":"SensoryStone","floor":39,"gold_loss":0},{"cards_removed":["Strike_R"],"damage_healed":0,"gold_gain":0,"player_choice":"Offered Basic","damage_taken":0,"max_hp_gain":0,"max_hp_loss":0,"event_name":"Bonfire Elementals","floor":41,"gold_loss":0}],"is_beta":true,"boss_relics":[{"not_picked":["Runic Cube","Philosopher\u0027s Stone"],"picked":"Ectoplasm"},{"not_picked":["SacredBark","Cursed Key"],"picked":"Runic Pyramid"}],"items_purged_floors":[],"is_endless":false,"potions_floor_spawned":[7,10,16,21,23,29,35,38,44,47],"ascension_level":20}