{"gold_per_floor":[110,10,26,26,53,87,87,122,122,122,133,146,146,160,160,257,257,277,14,114,14,14,14,14],"floor_reached":24,"playtime":1459,"items_purged":["Strike_R","Strike_R"],"score":212,"play_id":"56494477-c83c-42b7-8b60-93ba097d09b0","local_time":"20190927202545","is_ascension_mode":true,"campfire_choices":[{"data":"Bash","floor":7,"key":"SMITH"},{"floor":10,"key":"DIG"},{"data":"Havoc","floor":13,"key":"SMITH"},{"floor":15,"key":"DIG"},{"floor":23,"key":"DIG"}],"neow_cost":"NONE","seed_source_timestamp":9038660053700,"circlet_count":0,"master_deck":["Strike_R","Strike_R","Strike_R","Defend_R","Defend_R","Defend_R","Defend_R","Bash+1","Fiend Fire","Feel No Pain","Havoc+1","Clothesline","Rampage","Thunderclap","Warcry","Spot Weakness","Spot Weakness","Shockwave","Dark Embrace","Sentinel","Juggernaut","Shrug It Off"],"relics":["Burning Blood","InkBottle","Pantograph","Dodecahedron","Shovel","Ice Cream","Du-Vu Doll","Philosopher\u0027s Stone","Blood Vial"],"potions_floor_usage":[8,18,18,24],"damage_taken":[{"damage":0,"enemies":"Cultist","floor":1,"turns":2},{"damage":5,"enemies":"Small Slimes","floor":3,"turns":4},{"damage":20,"enemies":"3 Sentries","floor":6,"turns":12},{"damage":6,"enemies":"Gremlin Nob","floor":8,"turns":3},{"damage":8,"enemies":"Jaw Worm","floor":11,"turns":3},{"damage":7,"enemies":"Exordium Thugs","floor":12,"turns":4},{"damage":5,"enemies":"3 Louse","floor":14,"turns":3},{"damage":49,"enemies":"Hexaghost","floor":16,"turns":9},{"damage":20,"enemies":"3 Byrds","floor":18,"turns":5},{"damage":60,"enemies":"Gremlin Leader","floor":24,"turns":7}],"seed_played":"-366436822233283935","potions_obtained":[{"floor":6,"key":"Fire Potion"},{"floor":11,"key":"Fire Potion"},{"floor":12,"key":"AttackPotion"},{"floor":16,"key":"SteroidPotion"}],"is_trial":false,"path_per_floor":["M","$","M","?","T","E","R","E","T","R","M","M","R","M","R","B",null,"M","$","?","$","?","R","E"],"character_chosen":"IRONCLAD","items_purchased":["Havoc","Clothesline","Juggernaut","Shrug It Off"],"campfire_rested":0,"item_purchase_floors":[2,2,19,19],"current_hp_per_floor":[80,80,80,85,85,71,71,71,71,71,69,68,68,69,69,42,85,71,71,71,71,55,55,0],"gold":14,"neow_bonus":"ONE_RANDOM_RARE_CARD","is_prod":false,"is_daily":false,"chose_seed":false,"campfire_upgraded":2,"win_rate":0,"timestamp":1569633945,"path_taken":["M","$","?","?","?","E","R","E","T","R","?","M","R","M","R","BOSS","M","$","?","?","?","R","E"],"build_version":"2019-09-27","purchased_purges":2,"victory":false,"max_hp_per_floor":[80,80,80,85,85,85,85,85,85,85,85,85,85,85,85,85,85,85,85,85,85,90,90,90],"card_choices":[{"not_picked":["Clash","Armaments"],"picked":"Feel No Pain","floor":1},{"not_picked":["Warcry","Battle Trance"],"picked":"Rampage","floor":3},{"not_picked":["Iron Wave","Rage"],"picked":"Thunderclap","floor":6},{"not_picked":["Sword Boomerang","Clash"],"picked":"Warcry","floor":8},{"not_picked":["Headbutt","Sword Boomerang"],"picked":"Spot Weakness","floor":11},{"not_picked":["True Grit","Sever Soul"],"picked":"Spot Weakness","floor":12},{"not_picked":["Perfected Strike","True Grit"],"picked":"Shockwave","floor":14},{"not_picked":["Berserk","Feed"],"picked":"Dark Embrace","floor":16},{"not_picked":["Iron Wave","Dropkick+1"],"picked":"Sentinel","floor":18}],"player_experience":238839,"relics_obtained":[{"floor":5,"key":"InkBottle"},{"floor":6,"key":"Pantograph"},{"floor":8,"key":"Dodecahedron"},{"floor":9,"key":"Shovel"},{"floor":10,"key":"Ice Cream"},{"floor":15,"key":"Du-Vu Doll"},{"floor":23,"key":"Blood Vial"}],"event_choices":[{"damage_healed":0,"gold_gain":0,"player_choice":"Donut","damage_taken":0,"max_hp_gain":5,"max_hp_loss":0,"event_name":"Big Fish","floor":4,"gold_loss":0},{"damage_healed":0,"gold_gain":100,"player_choice":"Pray","damage_taken":0,"max_hp_gain":0,"max_hp_loss":0,"event_name":"Golden Shrine","floor":20,"gold_loss":0},{"damage_healed":0,"gold_gain":0,"player_choice":"Shed Blood","damage_taken":21,"max_hp_gain":5,"max_hp_loss":0,"event_name":"Forgotten Altar","floor":22,"gold_loss":0}],"is_beta":true,"boss_relics":[{"not_picked":["Coffee Dripper","Calling Bell"],"picked":"Philosopher\u0027s Stone"}],"items_purged_floors":[19,21],"is_endless":false,"potions_floor_spawned":[6,11,12,16],"killed_by":"Gremlin Leader","ascension_level":1}