{"gold_per_floor":[17,17,117,129,145,145,26,26,106,124,124,138,138,163,163,263,263,273,273,284,199,216,216,15,15,15,28,28,28,28,28,28,132,132,146,166,166,1165,1165,1175,1175,1187,1187,369,369,384,4,38,38,38],"floor_reached":50,"playtime":3423,"items_purged":["Normality","Normality"],"score":543,"play_id":"5c7fbad5-fb74-4160-8888-83ded5980e6e","local_time":"20190930164845","is_ascension_mode":false,"campfire_choices":[{"data":"Body Slam","floor":6.0,"key":"SMITH"},{"data":"Metallicize","floor":8.0,"key":"SMITH"},{"data":"Flex","floor":13.0,"key":"SMITH"},{"data":"Shrug It Off","floor":15.0,"key":"SMITH"},{"data":"Demon Form","floor":23.0,"key":"SMITH"},{"data":"Thunderclap","floor":25.0,"key":"SMITH"},{"floor":30.0,"key":"REST"},{"floor":32.0,"key":"REST"},{"floor":45.0,"key":"REST"},{"floor":49.0,"key":"REST"}],"neow_cost":"NO_GOLD","seed_source_timestamp":0,"circlet_count":0,"master_deck":["Strike_R","Strike_R","Strike_R","Defend_R","Defend_R","Defend_R+1","Defend_R","Bash","Shrug It Off+1","Burning Pact+1","Body Slam+1","Thunderclap+1","Metallicize+1","Flex+1","Cleave","Reaper","Demon Form+1","Doubt","Impervious","Spot Weakness+1","Headbutt","Whirlwind","Rage+1","Metallicize+1","Evolve+1","Spot Weakness+1","Normality","Normality","Parasite","Inflame+1","Carnage+1","Intimidate+1","Enlightenment+1","Shrug It Off+1","Headbutt+1","Sunder+1"],"special_seed":0,"relics":["Burning Blood","Thread and Needle","Pantograph","Strawberry","Calling Bell","Lantern","Frozen Egg 2","Charon\u0027s Ashes","PreservedInsect","War Paint","Molten Egg 2","Philosopher\u0027s Stone","Toxic Egg 2","Brimstone","Unceasing Top","PrismaticShard","Potion Belt"],"potions_floor_usage":[],"damage_taken":[{"damage":0.0,"enemies":"Small Slimes","floor":1.0,"turns":3.0},{"damage":0.0,"enemies":"2 Louse","floor":4.0,"turns":3.0},{"damage":0.0,"enemies":"Cultist","floor":5.0,"turns":5.0},{"damage":9.0,"enemies":"Gremlin Gang","floor":10.0,"turns":5.0},{"damage":7.0,"enemies":"Exordium Wildlife","floor":12.0,"turns":4.0},{"damage":11.0,"enemies":"Lagavulin","floor":14.0,"turns":7.0},{"damage":32.0,"enemies":"Slime Boss","floor":16.0,"turns":11.0},{"damage":18.0,"enemies":"Shell Parasite","floor":18.0,"turns":9.0},{"damage":30.0,"enemies":"Spheric Guardian","floor":20.0,"turns":7.0},{"damage":23.0,"enemies":"Centurion and Healer","floor":22.0,"turns":12.0},{"damage":24.0,"enemies":"Snake Plant","floor":27.0,"turns":4.0},{"damage":87.0,"enemies":"Automaton","floor":33.0,"turns":9.0},{"damage":44.0,"enemies":"3 Darklings","floor":35.0,"turns":6.0},{"damage":54.0,"enemies":"3 Shapes","floor":36.0,"turns":6.0},{"damage":19.0,"enemies":"3 Darklings","floor":40.0,"turns":4.0},{"damage":70.0,"enemies":"Writhing Mass","floor":42.0,"turns":8.0},{"damage":60.0,"enemies":"Transient","floor":46.0,"turns":5.0},{"damage":28.0,"enemies":"Giant Head","floor":48.0,"turns":6.0},{"damage":102,"enemies":"Donu and Deca","floor":50,"turns":6}],"seed_played":"-8963895892628438747","potions_obtained":[{"floor":12.0,"key":"SkillPotion"},{"floor":16.0,"key":"FairyPotion"},{"floor":20.0,"key":"Energy Potion"},{"floor":36.0,"key":"LiquidBronze"},{"floor":42.0,"key":"Dexterity Potion"},{"floor":46.0,"key":"GamblersBrew"}],"is_trial":false,"path_per_floor":["M","?","?","M","M","R","$","R","T","M","?","M","R","E","R","B",null,"M","?","M","?","M","R","$","R","T","M","?","$","R","?","R","B",null,"M","M","?","?","?","M","?","M","T","$","R","M","$","E","R","B"],"character_chosen":"IRONCLAD","items_purchased":["Metallicize","Flex","Whirlwind","Strength Potion","Inflame+1","Brimstone","Carnage+1","Intimidate+1","Enlightenment+1","Unceasing Top","Strength Potion","PrismaticShard","Shrug It Off+1","Headbutt+1"],"campfire_rested":4,"item_purchase_floors":[7,7,24,24,44,44,44,44,44,44,44,47,47,47],"current_hp_per_floor":[80,80,80,80,80,80,80,80,80,77,82,81,81,83,83,70,92,86,68,44,44,43,43,43,43,43,25,25,25,54,54,83,45,97,77,36,36,36,80,80,80,22,22,22,46,14,14,14,38,0],"gold":38,"neow_bonus":"ONE_RARE_RELIC","is_prod":false,"is_daily":false,"chose_seed":false,"campfire_upgraded":6,"win_rate":0.0,"timestamp":1569854925,"path_taken":["M","?","?","?","?","R","$","R","T","M","?","M","R","E","R","BOSS","M","?","M","?","M","R","?","R","T","?","?","$","R","?","R","BOSS","M","?","?","?","?","M","?","M","T","?","R","?","$","E","R","BOSS"],"build_version":"2019-07-17","purchased_purges":2,"victory":false,"max_hp_per_floor":[80,80,80,80,80,80,80,80,80,80,85,85,85,92,92,92,92,92,97,97,97,97,97,97,97,97,97,97,97,97,97,97,97,97,97,97,92,92,80,80,80,80,80,80,80,80,80,80,80,80],"card_choices":[{"not_picked":["Heavy Blade","Corruption"],"picked":"Shrug It Off","floor":1.0},{"not_picked":["Intimidate","Clothesline"],"picked":"Body Slam","floor":4.0},{"not_picked":["Clash","Pummel"],"picked":"Thunderclap","floor":5.0},{"not_picked":["Sword Boomerang","Wild Strike","Pummel"],"picked":"SKIP","floor":10.0},{"not_picked":["Battle Trance","Seeing Red"],"picked":"Cleave","floor":12.0},{"not_picked":["Evolve","Pummel"],"picked":"Reaper","floor":14.0},{"not_picked":["Exhume","Feed"],"picked":"Demon Form","floor":16.0},{"not_picked":["Wild Strike+1","Flex"],"picked":"Impervious","floor":18.0},{"not_picked":["Wild Strike","Seeing Red+1"],"picked":"Spot Weakness+1","floor":20.0},{"not_picked":["Warcry","Reckless Charge"],"picked":"Headbutt","floor":22.0},{"not_picked":["Sword Boomerang","Evolve+1"],"picked":"Rage+1","floor":27.0},{"not_picked":["Perfected Strike+1","Clothesline+1"],"picked":"Evolve+1","floor":35.0},{"not_picked":["Twin Strike+1","Cleave+1"],"picked":"Spot Weakness+1","floor":36.0},{"not_picked":["Pummel+1","Thunderclap+1","Perfected Strike+1"],"picked":"SKIP","floor":40.0},{"not_picked":["Pummel+1","Thunderclap+1","Perfected Strike+1"],"picked":"SKIP","floor":40.0},{"not_picked":["Evolve+1","Rupture+1","Body Slam+1"],"picked":"SKIP","floor":42.0},{"not_picked":["Anger+1","Thunderclap+1","Burning Pact+1"],"picked":"SKIP","floor":46.0},{"not_picked":["Havoc+1","Jack Of All Trades+1"],"picked":"Sunder+1","floor":48.0}],"player_experience":88922,"relics_obtained":[{"floor":9.0,"key":"Pantograph"},{"floor":14.0,"key":"Strawberry"},{"floor":17.0,"key":"Lantern"},{"floor":17.0,"key":"Frozen Egg 2"},{"floor":17.0,"key":"Charon\u0027s Ashes"},{"floor":26.0,"key":"War Paint"},{"floor":43.0,"key":"Toxic Egg 2"},{"floor":48.0,"key":"Potion Belt"}],"event_choices":[{"damage_healed":0.0,"max_hp_gain":0.0,"max_hp_loss":0.0,"gold_gain":0.0,"cards_transformed":["Strike_R"],"event_name":"Living Wall","player_choice":"Change","floor":2.0,"gold_loss":0.0,"damage_taken":0.0,"cards_obtained":["Burning Pact"]},{"damage_healed":0.0,"max_hp_gain":0.0,"max_hp_loss":0.0,"gold_gain":100.0,"event_name":"Golden Shrine","player_choice":"Pray","floor":3.0,"gold_loss":0.0,"damage_taken":0.0},{"damage_healed":0.0,"max_hp_gain":5.0,"max_hp_loss":0.0,"gold_gain":0.0,"event_name":"Big Fish","player_choice":"Donut","floor":11.0,"gold_loss":0.0,"damage_taken":0.0},{"damage_healed":0.0,"max_hp_gain":5.0,"max_hp_loss":0.0,"gold_gain":0.0,"event_name":"Forgotten Altar","player_choice":"Shed Blood","floor":19.0,"gold_loss":0.0,"damage_taken":23.0},{"damage_healed":0.0,"max_hp_gain":0.0,"max_hp_loss":0.0,"gold_gain":0.0,"event_name":"Addict","player_choice":"Obtained Relic","floor":21.0,"gold_loss":85.0,"damage_taken":0.0,"relics_obtained":["PreservedInsect"]},{"damage_healed":0.0,"max_hp_gain":0.0,"max_hp_loss":0.0,"gold_gain":0.0,"event_name":"The Mausoleum","player_choice":"Opened","floor":28.0,"gold_loss":0.0,"damage_taken":0.0,"relics_obtained":["Molten Egg 2"]},{"damage_healed":0.0,"max_hp_gain":0.0,"max_hp_loss":0.0,"gold_gain":0.0,"event_name":"Duplicator","player_choice":"Copied","floor":31.0,"gold_loss":0.0,"damage_taken":0.0,"cards_obtained":["Metallicize"]},{"damage_healed":0.0,"max_hp_gain":0.0,"max_hp_loss":5.0,"gold_gain":0.0,"event_name":"Winding Halls","player_choice":"Max HP","floor":37.0,"gold_loss":0.0,"damage_taken":0.0},{"damage_healed":0.0,"max_hp_gain":0.0,"max_hp_loss":0.0,"gold_gain":999.0,"event_name":"MindBloom","player_choice":"Gold","floor":38.0,"gold_loss":0.0,"damage_taken":0.0,"cards_obtained":["Normality","Normality"]},{"damage_healed":80.0,"max_hp_gain":0.0,"max_hp_loss":12.0,"gold_gain":0.0,"event_name":"The Moai Head","player_choice":"Heal","floor":39.0,"gold_loss":0.0,"damage_taken":0.0},{"cards_removed":["Strike_R"],"damage_healed":0.0,"max_hp_gain":0.0,"max_hp_loss":0.0,"gold_gain":0.0,"event_name":"Falling","player_choice":"Removed Attack","floor":41.0,"gold_loss":0.0,"damage_taken":0.0}],"is_beta":false,"boss_relics":[{"not_picked":["Fusion Hammer","White Beast Statue"],"picked":"Calling Bell"},{"not_picked":["Mark of Pain","Cursed Key"],"picked":"Philosopher\u0027s Stone"}],"items_purged_floors":[24,47],"is_endless":false,"potions_floor_spawned":[12,16,20,27,36,42,46],"killed_by":"Donu and Deca","ascension_level":0}