{"gold_per_floor":[16,29,49,62,112,132,132,150,175,202,202,213,248,85,85,160,160,179,197,210,241,54,54,79,79,104,104,137,10,10,27,27,98,98,115,58,76,76,89,89,122,140,163,193,31,47,62,87,87,87,87],"floor_reached":51,"playtime":3281,"items_purged":["Strike_R","Strike_R"],"score":1678,"play_id":"0c5c3bc8-b3f4-44f9-8bab-7435f6833974","local_time":"20190417200247","is_ascension_mode":true,"campfire_choices":[{"data":"Blood for Blood","floor":7.0,"key":"SMITH"},{"data":"Bash","floor":11,"key":"SMITH"},{"data":"Limit Break","floor":15,"key":"SMITH"},{"floor":23,"key":"REST"},{"floor":25,"key":"REST"},{"floor":30,"key":"REST"},{"floor":32,"key":"RECALL"},{"floor":40,"key":"REST"},{"floor":49,"key":"REST"}],"neow_cost":"NO_GOLD","seed_source_timestamp":3437166447888,"circlet_count":0,"master_deck":["AscendersBane","Strike_R+1","Strike_R+1","Strike_R+1","Defend_R+1","Defend_R+1","Defend_R+1","Defend_R+1","Bash+1","Blood for Blood+1","Headbutt","Anger","Shrug It Off","Shrug It Off","Limit Break+1","Combust+1","Limit Break","Inflame+1","Immolate","Disarm","Flame Barrier+1","Sword Boomerang+1","Body Slam+1","Corruption+1","True Grit+1","Barricade+1","Metallicize+1","Shrug It Off","Battle Trance","Fiend Fire","Shrug It Off+1","Shrug It Off","Havoc+1","Metallicize+1","Shockwave","Metallicize+1","Parasite","Uppercut"],"special_seed":0,"relics":["Burning Blood","Centennial Puzzle","Frozen Egg 2","Vajra","Fusion Hammer","Red Mask","Bag of Marbles","Dream Catcher","Meat on the Bone","Runic Pyramid","Pocketwatch","Smiling Mask","PreservedInsect","Bottled Flame"],"potions_floor_usage":[12,21,21,28,51],"damage_taken":[{"damage":5.0,"enemies":"2 Louse","floor":1.0,"turns":4.0},{"damage":2.0,"enemies":"Cultist","floor":2.0,"turns":4.0},{"damage":9.0,"enemies":"Jaw Worm","floor":3.0,"turns":5.0},{"damage":11.0,"enemies":"2 Fungi Beasts","floor":4.0,"turns":4.0},{"damage":14.0,"enemies":"3 Louse","floor":6.0,"turns":3.0},{"damage":7.0,"enemies":"Lots of Slimes","floor":8.0,"turns":4.0},{"damage":29,"enemies":"3 Sentries","floor":10,"turns":10},{"damage":0,"enemies":"2 Fungi Beasts","floor":12,"turns":3},{"damage":21,"enemies":"Lagavulin","floor":13,"turns":5},{"damage":20,"enemies":"Slime Boss","floor":16,"turns":7},{"damage":6,"enemies":"Spheric Guardian","floor":18,"turns":3},{"damage":12,"enemies":"2 Thieves","floor":19,"turns":2},{"damage":15,"enemies":"Snake Plant","floor":20,"turns":3},{"damage":53,"enemies":"Masked Bandits","floor":21,"turns":4},{"damage":22,"enemies":"Book of Stabbing","floor":24,"turns":4},{"damage":7,"enemies":"Gremlin Leader","floor":28,"turns":5},{"damage":3,"enemies":"Snecko","floor":31,"turns":4},{"damage":42,"enemies":"Automaton","floor":33,"turns":9},{"damage":0,"enemies":"Orb Walker","floor":35,"turns":2},{"damage":4,"enemies":"3 Darklings","floor":37,"turns":3},{"damage":0,"enemies":"Maw","floor":39,"turns":6},{"damage":39,"enemies":"Reptomancer","floor":41,"turns":4},{"damage":0,"enemies":"Jaw Worm Horde","floor":42,"turns":3},{"damage":0,"enemies":"Nemesis","floor":44,"turns":5},{"damage":0,"enemies":"Writhing Mass","floor":46,"turns":5},{"damage":0,"enemies":"Maw","floor":47,"turns":6},{"damage":0,"enemies":"Giant Head","floor":48,"turns":5},{"damage":17,"enemies":"Donu and Deca","floor":50,"turns":6},{"damage":111,"enemies":"Awakened One","floor":51,"turns":9}],"seed_played":"-5621617409730753583","potions_obtained":[{"floor":1.0,"key":"Fire Potion"},{"floor":3.0,"key":"Block Potion"},{"floor":10,"key":"Swift Potion"},{"floor":13,"key":"GamblersBrew"},{"floor":18,"key":"EssenceOfSteel"},{"floor":21,"key":"SkillPotion"},{"floor":31,"key":"FairyPotion"},{"floor":35,"key":"AttackPotion"},{"floor":37,"key":"LiquidBronze"},{"floor":41,"key":"Ancient Potion"},{"floor":44,"key":"Strength Potion"}],"is_trial":false,"path_per_floor":["M","M","M","M","?","M","R","M","T","E","R","M","E","$","R","B",null,"M","M","M","?","$","R","E","R","T","?","E","$","R","M","R","B",null,"M","$","M","?","M","R","E","M","T","E","$","M","M","E","R","B","B"],"character_chosen":"IRONCLAD","items_purchased":["Inflame+1","Corruption+1","Metallicize+1","Shrug It Off","Shrug It Off","PreservedInsect"],"campfire_rested":5,"item_purchase_floors":[14,22,29,29,36,45],"current_hp_per_floor":[83,87,84,79,79,71,71,70,70,47,47,53,38,38,38,24,73,73,67,58,11,11,37,21,47,47,47,46,46,72,75,75,51,80,86,86,88,88,89,89,56,62,62,68,68,74,80,86,89,78,0],"gold":87,"neow_bonus":"TWENTY_PERCENT_HP_BONUS","is_prod":false,"is_daily":false,"chose_seed":false,"campfire_upgraded":3,"win_rate":0,"timestamp":1555545767,"path_taken":["M","M","M","M","?","M","R","?","T","E","R","M","E","$","R","BOSS","M","M","M","?","$","R","E","R","T","?","E","$","R","M","R","BOSS","M","$","M","?","?","R","E","M","T","E","$","M","M","E","R","BOSS","BOSS"],"build_version":"2019-01-23","purchased_purges":2,"victory":false,"max_hp_per_floor":[89,89,89,89,89,89,89,89,89,89,89,89,89,89,89,89,89,89,89,89,89,89,89,89,89,89,89,89,89,89,89,89,89,89,89,89,89,89,89,89,89,89,89,89,89,89,89,89,89,89,89],"card_choices":[{"not_picked":["Entrench","Shockwave"],"picked":"Blood for Blood","floor":1.0},{"not_picked":["Perfected Strike","Iron Wave"],"picked":"Headbutt","floor":2.0},{"not_picked":["Combust","Rupture"],"picked":"Anger","floor":3.0},{"not_picked":["Entrench","Combust","Anger"],"picked":"SKIP","floor":4.0},{"not_picked":["Rage","Rupture"],"picked":"Shrug It Off","floor":6.0},{"not_picked":["Flex","Headbutt"],"picked":"Shrug It Off","floor":8.0},{"not_picked":["Warcry","Searing Blow"],"picked":"Limit Break","floor":10},{"not_picked":["Wild Strike","Anger"],"picked":"Combust+1","floor":12},{"not_picked":["Twin Strike","Infernal Blade"],"picked":"Limit Break","floor":13},{"not_picked":["Exhume","Dark Embrace+1"],"picked":"Immolate","floor":16},{"not_picked":["Sword Boomerang","Pommel Strike"],"picked":"Disarm","floor":18},{"not_picked":["Disarm","Rupture+1"],"picked":"Flame Barrier+1","floor":19},{"not_picked":["Clash+1","Carnage"],"picked":"Sword Boomerang+1","floor":20},{"not_picked":["Clothesline","Burning Pact"],"picked":"Body Slam+1","floor":21},{"not_picked":["Heavy Blade","Body Slam"],"picked":"True Grit+1","floor":24},{"not_picked":["Heavy Blade","Whirlwind"],"picked":"Barricade+1","floor":28},{"not_picked":["Heavy Blade","Whirlwind"],"picked":"Battle Trance","floor":31},{"not_picked":["Bludgeon","Berserk+1"],"picked":"Fiend Fire","floor":33},{"not_picked":["Cleave+1","Armaments+1"],"picked":"Shrug It Off+1","floor":35},{"not_picked":["Ghostly Armor","Seeing Red"],"picked":"Havoc+1","floor":37},{"not_picked":["Pommel Strike","Carnage","Fire Breathing+1"],"picked":"SKIP","floor":39},{"not_picked":["Shockwave","Cleave"],"picked":"Metallicize+1","floor":40},{"not_picked":["True Grit","Clothesline"],"picked":"Shockwave","floor":41},{"not_picked":["Flex","Reckless Charge"],"picked":"Metallicize+1","floor":42},{"not_picked":["Flex","Infernal Blade","Rage"],"picked":"SKIP","floor":44},{"not_picked":["Flex","Infernal Blade","Rage"],"picked":"SKIP","floor":44},{"not_picked":["Havoc+1","True Grit"],"picked":"Uppercut","floor":46},{"not_picked":["Havoc","Body Slam","Perfected Strike+1"],"picked":"SKIP","floor":47},{"not_picked":["Anger","Combust+1","Clothesline"],"picked":"SKIP","floor":48}],"player_experience":718235,"relics_obtained":[{"floor":9.0,"key":"Centennial Puzzle"},{"floor":10,"key":"Frozen Egg 2"},{"floor":13,"key":"Vajra"},{"floor":21,"key":"Red Mask"},{"floor":24,"key":"Bag of Marbles"},{"floor":26,"key":"Dream Catcher"},{"floor":28,"key":"Meat on the Bone"},{"floor":41,"key":"Pocketwatch"},{"floor":44,"key":"Smiling Mask"},{"floor":48,"key":"Bottled Flame"}],"event_choices":[{"damage_healed":0.0,"max_hp_gain":0.0,"max_hp_loss":0.0,"gold_gain":50.0,"event_name":"Golden Shrine","player_choice":"Pray","floor":5.0,"gold_loss":0.0,"damage_taken":0.0},{"damage_healed":0,"gold_gain":0,"player_choice":"Fought Bandits","damage_taken":0,"max_hp_gain":0,"max_hp_loss":0,"event_name":"Masked Bandits","floor":21,"gold_loss":0},{"damage_healed":0,"gold_gain":0,"player_choice":"Simplicity","damage_taken":0,"max_hp_gain":0,"max_hp_loss":0,"event_name":"Back to Basics","floor":27,"gold_loss":0,"cards_upgraded":["Strike_R","Strike_R","Strike_R","Defend_R","Defend_R","Defend_R","Defend_R"]},{"damage_healed":0,"gold_gain":0,"player_choice":"Ignored","damage_taken":0,"max_hp_gain":0,"max_hp_loss":0,"event_name":"SecretPortal","floor":38,"gold_loss":0}],"is_beta":false,"boss_relics":[{"not_picked":["Calling Bell","Astrolabe"],"picked":"Fusion Hammer"},{"not_picked":["Black Star","Lizard Tail"],"picked":"Runic Pyramid"}],"items_purged_floors":[14,22],"is_endless":false,"potions_floor_spawned":[1,3,4,10,13,18,20,21,31,35,37,41,44,46],"killed_by":"Awakened One","ascension_level":20}