{"gold_per_floor":[116,135,60,112,23,23,52,52,52,127,145,176,196,214,214,290,290,308,327,344,344],"floor_reached":21,"playtime":1778,"items_purged":[],"score":400,"play_id":"ddfdbf0e-572a-4ff2-9fc8-58b5eba3bb6d","local_time":"20190714223029","is_ascension_mode":true,"campfire_choices":[{"data":"Neutralize","floor":8,"key":"SMITH"},{"floor":15,"key":"REST"}],"neow_cost":"NONE","seed_source_timestamp":79824045805239,"circlet_count":0,"master_deck":["AscendersBane","Strike_G","Strike_G","Strike_G","Defend_G","Defend_G","Defend_G","Defend_G","Defend_G","Survivor","Neutralize+1","All Out Attack","Infinite Blades","Bouncing Flask","Infinite Blades","Bane","Die Die Die","Tactician","A Thousand Cuts+1","Accuracy+1","Dodge and Roll","Backstab"],"relics":["Ring of the Snake","NeowsBlessing","Pantograph","Meat on the Bone","Frozen Egg 2","Lizard Tail"],"potions_floor_usage":[12,12,16,21],"damage_taken":[{"damage":0,"enemies":"Jaw Worm","floor":1,"turns":1},{"damage":0,"enemies":"Small Slimes","floor":2,"turns":1},{"damage":0,"enemies":"3 Sentries","floor":7,"turns":1},{"damage":2,"enemies":"2 Louse","floor":11,"turns":3},{"damage":15,"enemies":"Lagavulin","floor":12,"turns":6},{"damage":0,"enemies":"2 Fungi Beasts","floor":13,"turns":3},{"damage":9,"enemies":"Exordium Wildlife","floor":14,"turns":4},{"damage":44,"enemies":"Hexaghost","floor":16,"turns":10},{"damage":29,"enemies":"Shell Parasite","floor":18,"turns":6},{"damage":38,"enemies":"2 Thieves","floor":19,"turns":5},{"damage":42,"enemies":"3 Cultists","floor":20,"turns":6},{"damage":36,"enemies":"Masked Bandits","floor":21,"turns":3}],"seed_played":"1625929799410302646","potions_obtained":[{"floor":1,"key":"AttackPotion"},{"floor":11,"key":"Regen Potion"},{"floor":14,"key":"Swift Potion"},{"floor":20,"key":"GamblersBrew"}],"is_trial":false,"path_per_floor":["M","M","?","?","$","?","E","R","T","?","M","E","M","M","R","B",null,"M","M","M","?"],"character_chosen":"THE_SILENT","items_purchased":["Bouncing Flask"],"campfire_rested":1,"item_purchase_floors":[5],"current_hp_per_floor":[59,59,59,59,59,59,59,59,59,48,46,46,46,37,56,34,58,41,15,22,0],"gold":344,"neow_bonus":"THREE_ENEMY_KILL","is_prod":false,"is_daily":false,"chose_seed":false,"campfire_upgraded":1,"win_rate":0,"timestamp":1563161429,"path_taken":["M","M","?","?","$","?","E","R","T","?","?","E","M","M","R","BOSS","M","M","M","?"],"build_version":"2019-07-05","purchased_purges":0,"victory":false,"max_hp_per_floor":[66,66,66,66,66,66,66,66,66,66,66,66,66,66,66,66,66,66,66,66,66],"card_choices":[{"not_picked":["Crippling Poison","Sucker Punch"],"picked":"All Out Attack","floor":1},{"not_picked":["Endless Agony","Dodge and Roll"],"picked":"Infinite Blades","floor":2},{"not_picked":["Blade Dance","Cloak And Dagger","Finisher"],"picked":"SKIP","floor":7},{"not_picked":["Acrobatics","Bane"],"picked":"Infinite Blades","floor":11},{"not_picked":["Masterful Stab","PiercingWail"],"picked":"Bane","floor":12},{"not_picked":["Prepared","Deflect"],"picked":"Die Die Die","floor":13},{"not_picked":["Dagger Spray","Choke"],"picked":"Tactician","floor":14},{"not_picked":["Adrenaline","Tools of the Trade+1"],"picked":"A Thousand Cuts+1","floor":16},{"not_picked":["Cloak And Dagger","Acrobatics"],"picked":"Accuracy+1","floor":18},{"not_picked":["Cloak And Dagger","Flying Knee"],"picked":"Dodge and Roll","floor":19},{"not_picked":["Reflex","Dagger Throw"],"picked":"Backstab","floor":20}],"player_experience":1568460,"relics_obtained":[{"floor":7,"key":"Pantograph"},{"floor":9,"key":"Meat on the Bone"},{"floor":12,"key":"Frozen Egg 2"}],"event_choices":[{"cards_removed":["Strike_G"],"damage_healed":0,"gold_gain":0,"player_choice":"Card Removal","damage_taken":0,"max_hp_gain":0,"max_hp_loss":0,"event_name":"The Cleric","floor":3,"gold_loss":75},{"damage_healed":0,"gold_gain":52,"player_choice":"Gained Gold","damage_taken":0,"max_hp_gain":0,"max_hp_loss":0,"event_name":"Golden Wing","floor":4,"gold_loss":0},{"cards_removed":["Strike_G"],"damage_healed":0,"gold_gain":0,"player_choice":"Forget","damage_taken":0,"max_hp_gain":0,"max_hp_loss":0,"event_name":"Living Wall","floor":6,"gold_loss":0},{"damage_healed":0,"gold_gain":75,"player_choice":"Gather Gold","damage_taken":11,"max_hp_gain":0,"max_hp_loss":0,"event_name":"World of Goop","floor":10,"gold_loss":0},{"damage_healed":0,"gold_gain":0,"player_choice":"Fought Bandits","damage_taken":0,"max_hp_gain":0,"max_hp_loss":0,"event_name":"Masked Bandits","floor":21,"gold_loss":0}],"is_beta":false,"boss_relics":[{"not_picked":["Orrery","Cursed Key"],"picked":"Lizard Tail"}],"items_purged_floors":[],"is_endless":false,"potions_floor_spawned":[1,11,14,20],"killed_by":"Masked Bandits","ascension_level":17}