{"gold_per_floor":[109,124,124,124,134,134,77,112,162,162,177,177,177,189,189,267,267,283,283,283,483,497,528,528,553,553,553,567,581,57,118,118,195,195,213,213,513,527,543,543,573,584,634,634,648,673,146,146,146,146,146,146,146,49,78,78],"floor_reached":56,"playtime":4591,"items_purged":["Strike_G"],"score":1926,"play_id":"b532ea5c-ca61-4d4e-a0dd-f31a7b0e1bbc","local_time":"20190424213643","is_ascension_mode":true,"campfire_choices":[{"data":"Well Laid Plans","floor":6.0,"key":"SMITH"},{"data":"Malaise","floor":10.0,"key":"SMITH"},{"floor":12.0,"key":"REST"},{"data":"A Thousand Cuts","floor":15.0,"key":"SMITH"},{"floor":24.0,"key":"REST"},{"floor":27.0,"key":"REST"},{"data":"Noxious Fumes","floor":32.0,"key":"SMITH"},{"data":"Noxious Fumes","floor":40.0,"key":"SMITH"},{"data":"Wraith Form v2","floor":44.0,"key":"SMITH"},{"floor":49.0,"key":"RECALL"},{"data":"Caltrops","floor":53.0,"key":"SMITH"}],"neow_cost":"NONE","seed_source_timestamp":247340479036777,"circlet_count":0,"master_deck":["AscendersBane","Defend_G","Defend_G","Defend_G","Defend_G","Defend_G","Survivor","Neutralize+1","Backflip+1","Well Laid Plans+1","Dash","Malaise+1","A Thousand Cuts+1","Cloak And Dagger","Malaise","Cloak And Dagger","Calculated Gamble","Escape Plan+1","Crippling Poison","Noxious Fumes+1","Choke+1","Noxious Fumes+1","Escape Plan","Bullet Time+1","Unload+1","Calculated Gamble+1","Endless Agony+1","Skewer+1","Deflect","Backflip","Wraith Form v2+1","Backflip","Caltrops+1","Panache","Adrenaline","Bouncing Flask"],"special_seed":0,"relics":["Ring of the Snake","Centennial Puzzle","Lantern","Strawberry","Black Star","Bird Faced Urn","Prayer Wheel","Blood Vial","Darkstone Periapt","Du-Vu Doll","Mercury Hourglass","Tiny Chest","Unceasing Top","Astrolabe","Pantograph","Tingsha","Happy Flower","War Paint","Art of War","Bag of Preparation","Bag of Marbles"],"potions_floor_usage":[55],"damage_taken":[{"damage":0.0,"enemies":"Jaw Worm","floor":1.0,"turns":6.0},{"damage":0.0,"enemies":"Small Slimes","floor":2.0,"turns":6.0},{"damage":0.0,"enemies":"Cultist","floor":5.0,"turns":5.0},{"damage":26.0,"enemies":"Gremlin Nob","floor":8.0,"turns":5.0},{"damage":4.0,"enemies":"3 Louse","floor":11.0,"turns":4.0},{"damage":1.0,"enemies":"Looter","floor":14.0,"turns":4.0},{"damage":23.0,"enemies":"Slime Boss","floor":16.0,"turns":10.0},{"damage":25.0,"enemies":"Spheric Guardian","floor":18.0,"turns":10.0},{"damage":17.0,"enemies":"Colosseum Slavers","floor":20.0,"turns":7.0},{"damage":1.0,"enemies":"3 Byrds","floor":22.0,"turns":4.0},{"damage":6.0,"enemies":"Book of Stabbing","floor":23.0,"turns":9.0},{"damage":29.0,"enemies":"Slavers","floor":25.0,"turns":4.0},{"damage":0.0,"enemies":"Snake Plant","floor":28.0,"turns":6.0},{"damage":8.0,"enemies":"Cultist and Chosen","floor":29.0,"turns":8.0},{"damage":8.0,"enemies":"Book of Stabbing","floor":31.0,"turns":9.0},{"damage":45.0,"enemies":"Automaton","floor":33.0,"turns":11.0},{"damage":3.0,"enemies":"3 Darklings","floor":35.0,"turns":5.0},{"damage":12.0,"enemies":"3 Shapes","floor":38.0,"turns":5.0},{"damage":13.0,"enemies":"Sphere and 2 Shapes","floor":39.0,"turns":5.0},{"damage":47.0,"enemies":"Reptomancer","floor":41.0,"turns":7.0},{"damage":1.0,"enemies":"Writhing Mass","floor":42.0,"turns":8.0},{"damage":5.0,"enemies":"Transient","floor":45.0,"turns":6.0},{"damage":22.0,"enemies":"Nemesis","floor":46.0,"turns":7.0},{"damage":52.0,"enemies":"Awakened One","floor":50.0,"turns":16.0},{"damage":36.0,"enemies":"Donu and Deca","floor":51.0,"turns":8.0},{"damage":79,"enemies":"Shield and Spear","floor":55,"turns":8},{"damage":55,"enemies":"The Heart","floor":56,"turns":2}],"seed_played":"-3091247856925603510","potions_obtained":[{"floor":8.0,"key":"AttackPotion"},{"floor":14.0,"key":"Strength Potion"},{"floor":23.0,"key":"PowerPotion"},{"floor":28.0,"key":"Poison Potion"},{"floor":33.0,"key":"Dexterity Potion"},{"floor":38.0,"key":"Regen Potion"},{"floor":39.0,"key":"Weak Potion"},{"floor":42.0,"key":"Ancient Potion"},{"floor":45.0,"key":"Ancient Potion"},{"floor":55,"key":"Fire Potion"}],"is_trial":false,"path_per_floor":["M","M","?","?","M","R","$","E","T","R","M","R","?","M","R","B",null,"M","?","?","?","M","E","R","E","T","R","M","M","$","E","R","B",null,"M","?","?","M","M","R","E","M","T","R","M","E","$","?","R","B","B",null,"R","$","E","B"],"character_chosen":"THE_SILENT","items_purchased":["SteroidPotion","Mercury Hourglass","Noxious Fumes","Escape Plan","PowerPotion","Panache","Adrenaline","Art of War","Bouncing Flask","SpeedPotion"],"campfire_rested":3,"item_purchase_floors":[7,30,30,30,30,47,47,47,54,54],"current_hp_per_floor":[59,59,64,46,46,46,46,20,27,27,23,46,46,45,45,22,64,39,39,22,22,21,15,38,15,15,38,44,42,42,44,44,11,61,68,68,68,66,63,63,41,50,50,50,57,47,47,47,47,34,39,68,68,68,5,0],"gold":78,"neow_bonus":"UPGRADE_CARD","is_prod":false,"is_daily":false,"chose_seed":false,"campfire_upgraded":7,"win_rate":0,"timestamp":1556156203,"path_taken":["M","M","?","?","M","R","$","E","T","R","M","R","?","?","R","BOSS","M","?","?","?","?","E","R","E","T","R","M","M","$","E","R","BOSS","M","?","?","M","M","R","E","M","T","R","?","E","$","?","R","BOSS","BOSS","R","$","E","BOSS"],"build_version":"2019-01-23","purchased_purges":1,"victory":false,"max_hp_per_floor":[66,66,71,71,71,71,71,71,78,78,78,78,78,78,78,78,78,78,78,78,78,78,78,78,78,78,78,78,78,78,78,78,78,78,78,78,78,78,78,78,78,78,78,78,78,78,78,78,78,78,78,78,78,78,78,78],"card_choices":[{"not_picked":["Prepared","Outmaneuver"],"picked":"Backflip","floor":1.0},{"not_picked":["Skewer","Slice"],"picked":"Well Laid Plans","floor":2.0},{"not_picked":["Flechettes","Backflip"],"picked":"Dash","floor":5.0},{"not_picked":["Setup","Calculated Gamble"],"picked":"Malaise","floor":8.0},{"not_picked":["Outmaneuver","Sucker Punch","Riddle With Holes"],"picked":"SKIP","floor":11.0},{"not_picked":["Deflect","Flechettes"],"picked":"Cloak And Dagger","floor":14.0},{"not_picked":["Doppelganger","A Thousand Cuts"],"picked":"Malaise","floor":16.0},{"not_picked":["Underhanded Strike","Dagger Spray"],"picked":"Cloak And Dagger","floor":18.0},{"not_picked":["Slice","Bane"],"picked":"Calculated Gamble","floor":22.0},{"not_picked":["Quick Slash","Bouncing Flask"],"picked":"Escape Plan+1","floor":23.0},{"not_picked":["Blade Dance","Deadly Poison"],"picked":"Quick Slash+1","floor":25.0},{"not_picked":["Quick Slash+1","Deadly Poison"],"picked":"Crippling Poison","floor":28.0},{"not_picked":["Finisher","Sucker Punch","Doppelganger"],"picked":"SKIP","floor":28.0},{"not_picked":["Setup","Terror+1"],"picked":"Noxious Fumes","floor":29.0},{"not_picked":["Setup","Eviscerate"],"picked":"Choke+1","floor":29.0},{"not_picked":["Masterful Stab+1","Blur","Acrobatics"],"picked":"SKIP","floor":31.0},{"not_picked":["Die Die Die","Grand Finale"],"picked":"Bullet Time","floor":33.0},{"not_picked":["Flying Knee+1","Sucker Punch","Finisher"],"picked":"SKIP","floor":35.0},{"not_picked":["Sucker Punch","Reflex+1","Riddle With Holes+1"],"picked":"SKIP","floor":35.0},{"not_picked":["All Out Attack","Deadly Poison","Bouncing Flask"],"picked":"SKIP","floor":38.0},{"not_picked":["Concentrate","Quick Slash+1","Endless Agony"],"picked":"SKIP","floor":38.0},{"not_picked":["Calculated Gamble+1","Distraction"],"picked":"Skewer+1","floor":39.0},{"not_picked":["Acrobatics","Terror"],"picked":"Deflect","floor":39.0},{"not_picked":["Poisoned Stab+1","Finisher","Dagger Spray"],"picked":"SKIP","floor":41.0},{"not_picked":["Endless Agony","Blade Dance+1"],"picked":"Backflip","floor":42.0},{"not_picked":["Choke","Dagger Throw"],"picked":"Wraith Form v2","floor":42.0},{"not_picked":["Deadly Poison+1","Acrobatics"],"picked":"Backflip","floor":45.0},{"not_picked":["Flying Knee","Leg Sweep"],"picked":"Caltrops","floor":45.0},{"not_picked":["Dagger Spray","Finisher","Choke"],"picked":"SKIP","floor":46.0},{"not_picked":["Eviscerate+1","Dagger Throw","Underhanded Strike"],"picked":"SKIP","floor":55}],"player_experience":775391,"relics_obtained":[{"floor":8.0,"key":"Lantern"},{"floor":9.0,"key":"Strawberry"},{"floor":23.0,"key":"Bird Faced Urn"},{"floor":23.0,"key":"Prayer Wheel"},{"floor":25.0,"key":"Blood Vial"},{"floor":25.0,"key":"Darkstone Periapt"},{"floor":26.0,"key":"Du-Vu Doll"},{"floor":31.0,"key":"Tiny Chest"},{"floor":31.0,"key":"Unceasing Top"},{"floor":41.0,"key":"Pantograph"},{"floor":41.0,"key":"Tingsha"},{"floor":46.0,"key":"Happy Flower"},{"floor":46.0,"key":"War Paint"},{"floor":55,"key":"Bag of Preparation"},{"floor":55,"key":"Bag of Marbles"}],"event_choices":[{"damage_healed":0.0,"max_hp_gain":5.0,"max_hp_loss":0.0,"gold_gain":0.0,"event_name":"Big Fish","player_choice":"Donut","floor":3.0,"gold_loss":0.0,"damage_taken":0.0},{"damage_healed":0.0,"max_hp_gain":0.0,"max_hp_loss":0.0,"gold_gain":0.0,"event_name":"Scrap Ooze","player_choice":"Success","floor":4.0,"gold_loss":0.0,"damage_taken":18.0,"relics_obtained":["Centennial Puzzle"]},{"damage_healed":0.0,"max_hp_gain":0.0,"max_hp_loss":0.0,"gold_gain":0.0,"cards_transformed":["Strike_G"],"event_name":"Living Wall","player_choice":"Change","floor":13.0,"gold_loss":0.0,"damage_taken":0.0,"cards_obtained":["A Thousand Cuts"]},{"damage_healed":0.0,"max_hp_gain":0.0,"max_hp_loss":0.0,"gold_gain":0.0,"event_name":"The Mausoleum","player_choice":"Ignored","floor":19.0,"gold_loss":0.0,"damage_taken":0.0},{"damage_healed":0.0,"max_hp_gain":0.0,"max_hp_loss":0.0,"gold_gain":0.0,"event_name":"Colosseum","player_choice":"Fight","floor":20.0,"gold_loss":0.0,"damage_taken":0.0},{"damage_healed":0.0,"max_hp_gain":0.0,"max_hp_loss":0.0,"gold_gain":0.0,"event_name":"Colosseum","player_choice":"Fled From Nobs","floor":20.0,"gold_loss":0.0,"damage_taken":0.0},{"damage_healed":0.0,"max_hp_gain":0.0,"max_hp_loss":0.0,"gold_gain":250.0,"event_name":"The Joust","player_choice":"Bet on Owner","floor":21.0,"gold_loss":50.0,"damage_taken":0.0},{"cards_removed":["Quick Slash"],"damage_healed":0.0,"max_hp_gain":0.0,"max_hp_loss":0.0,"gold_gain":0.0,"event_name":"Falling","player_choice":"Removed Attack","floor":36.0,"gold_loss":0.0,"damage_taken":0.0},{"damage_healed":0.0,"max_hp_gain":0.0,"max_hp_loss":0.0,"gold_gain":300.0,"event_name":"Wheel of Change","player_choice":"Gold","floor":37.0,"gold_loss":0.0,"damage_taken":0.0},{"damage_healed":0.0,"max_hp_gain":0.0,"max_hp_loss":0.0,"gold_gain":0.0,"event_name":"Mysterious Sphere","player_choice":"Ignored","floor":48.0,"gold_loss":0.0,"damage_taken":0.0}],"is_beta":false,"boss_relics":[{"not_picked":["Runic Pyramid","Ring of the Serpent"],"picked":"Black Star"},{"not_picked":["Calling Bell","Eternal Feather"],"picked":"Astrolabe"}],"items_purged_floors":[30],"is_endless":false,"potions_floor_spawned":[8,14,20,23,28,33,38,39,42,45,55],"killed_by":"The Heart","ascension_level":20}