{"gold_per_floor":[115,40,115,115,128,128,178,206,206,206,241,252,272,291,291,366,366,383,383,433,433,445,445],"floor_reached":23,"playtime":483,"items_purged":[],"score":448,"play_id":"5ca4f2a6-ce5c-4f66-b4d3-6edc3dc2f391","local_time":"20190821212507","is_ascension_mode":true,"campfire_choices":[{"data":"True Grit","floor":6.0,"key":"SMITH"},{"data":"Bash","floor":10.0,"key":"SMITH"},{"data":"Spot Weakness","floor":15.0,"key":"SMITH"}],"neow_cost":"NONE","seed_source_timestamp":167990676597054,"circlet_count":0,"master_deck":["AscendersBane","Strike_R","Defend_R","Defend_R","Bash+1","True Grit+1","Hemokinesis","Uppercut+1","Spot Weakness+1","Fiend Fire+1","Carnage+1","Carnage+1","Sever Soul+1"],"special_seed":0,"relics":["Burning Blood","NeowsBlessing","Blood Vial","Self Forming Clay","Molten Egg 2","Astrolabe"],"potions_floor_usage":[23],"damage_taken":[{"damage":0.0,"enemies":"2 Louse","floor":1.0,"turns":1.0},{"damage":0.0,"enemies":"Small Slimes","floor":5.0,"turns":1.0},{"damage":3.0,"enemies":"3 Sentries","floor":8.0,"turns":2.0},{"damage":26.0,"enemies":"Gremlin Nob","floor":11.0,"turns":4.0},{"damage":0.0,"enemies":"Cultist","floor":12.0,"turns":3.0},{"damage":5.0,"enemies":"2 Fungi Beasts","floor":13.0,"turns":4.0},{"damage":15.0,"enemies":"Exordium Thugs","floor":14.0,"turns":7.0},{"damage":23.0,"enemies":"The Guardian","floor":16.0,"turns":10.0},{"damage":21,"enemies":"3 Byrds","floor":18,"turns":6},{"damage":32,"enemies":"Shell Parasite","floor":22,"turns":3},{"damage":9,"enemies":"Cultist and Chosen","floor":23,"turns":5}],"seed_played":"-7025440801563308772","potions_obtained":[{"floor":5.0,"key":"Fire Potion"},{"floor":11.0,"key":"Swift Potion"},{"floor":22,"key":"Poison Potion"}],"is_trial":false,"path_per_floor":["M","?","?","?","M","R","?","E","T","R","E","M","M","M","R","B",null,"M","?","?","?","M","M"],"character_chosen":"IRONCLAD","items_purchased":[],"campfire_rested":0,"item_purchase_floors":[],"current_hp_per_floor":[74,74,63,63,69,69,69,72,72,72,54,62,65,58,58,43,67,54,33,33,33,9,2],"gold":445,"neow_bonus":"THREE_ENEMY_KILL","is_prod":false,"is_daily":false,"chose_seed":false,"campfire_upgraded":3,"win_rate":0,"timestamp":1566397507,"path_taken":["M","?","?","?","?","R","?","E","T","R","E","?","M","M","R","BOSS","M","?","?","?","M","M"],"build_version":"2019-08-15","purchased_purges":0,"victory":false,"max_hp_per_floor":[75,75,75,75,75,75,75,75,75,75,75,75,75,75,75,75,75,75,80,80,80,80,80],"card_choices":[{"not_picked":["Intimidate","Cleave"],"picked":"True Grit","floor":1.0},{"not_picked":["Wild Strike","Clothesline","Clash"],"picked":"SKIP","floor":5.0},{"not_picked":["Pummel","Hemokinesis","Flame Barrier"],"picked":"SKIP","floor":8.0},{"not_picked":["Armaments","Rage","Dark Embrace"],"picked":"SKIP","floor":11.0},{"not_picked":["Feel No Pain","Body Slam+1"],"picked":"Uppercut+1","floor":12.0},{"not_picked":["Armaments","Sever Soul+1","Blood for Blood+1"],"picked":"SKIP","floor":13.0},{"not_picked":["Carnage+1","Havoc"],"picked":"Spot Weakness","floor":14.0},{"not_picked":["Exhume","Brutality"],"picked":"Fiend Fire+1","floor":16.0},{"not_picked":["Warcry","Burning Pact","Armaments"],"picked":"SKIP","floor":18},{"not_picked":["Twin Strike+1","Hemokinesis+1","Power Through"],"picked":"SKIP","floor":22}],"player_experience":1074683,"relics_obtained":[{"floor":8.0,"key":"Blood Vial"},{"floor":9.0,"key":"Self Forming Clay"},{"floor":11.0,"key":"Molten Egg 2"}],"event_choices":[{"cards_removed":["Strike_R"],"damage_healed":0.0,"max_hp_gain":0.0,"max_hp_loss":0.0,"gold_gain":0.0,"event_name":"The Cleric","player_choice":"Card Removal","floor":2.0,"gold_loss":75.0,"damage_taken":0.0},{"damage_healed":0.0,"max_hp_gain":0.0,"max_hp_loss":0.0,"gold_gain":75.0,"event_name":"World of Goop","player_choice":"Gather Gold","floor":3.0,"gold_loss":0.0,"damage_taken":11.0},{"damage_healed":0.0,"max_hp_gain":0.0,"max_hp_loss":0.0,"gold_gain":0.0,"cards_transformed":["Strike_R"],"event_name":"Transmorgrifier","player_choice":"Transformed","floor":4.0,"gold_loss":0.0,"damage_taken":0.0,"cards_obtained":["Hemokinesis"]},{"damage_healed":0.0,"max_hp_gain":0.0,"max_hp_loss":0.0,"gold_gain":50.0,"event_name":"Golden Shrine","player_choice":"Pray","floor":7.0,"gold_loss":0.0,"damage_taken":0.0},{"damage_healed":0,"gold_gain":0,"player_choice":"Shed Blood","damage_taken":26,"max_hp_gain":5,"max_hp_loss":0,"event_name":"Forgotten Altar","floor":19,"gold_loss":0},{"damage_healed":0,"gold_gain":50,"player_choice":"Stole From Cult","damage_taken":0,"max_hp_gain":0,"max_hp_loss":0,"event_name":"Nest","floor":20,"gold_loss":0},{"cards_removed":["Defend_R"],"damage_healed":0,"gold_gain":0,"player_choice":"Purged","damage_taken":0,"max_hp_gain":0,"max_hp_loss":0,"event_name":"Purifier","floor":21,"gold_loss":0}],"is_beta":true,"boss_relics":[{"not_picked":["White Beast Statue","Cursed Key"],"picked":"Astrolabe"}],"items_purged_floors":[],"is_endless":false,"potions_floor_spawned":[5,11,22],"killed_by":"Cultist and Chosen","ascension_level":20}