{"gold_per_floor":[114,114,129,144,144,174,189,204,204,219,279,279,298,317,317,442,442,461,480,499,499,518,556,556,575,575,650,688,707,726,764,764,889,889,908,908,908,983,983,1021,1040,245,245,10,10,48,48,67,67,67],"floor_reached":51,"playtime":1737,"items_purged":["Normality"],"score":1206,"play_id":"622985b9-69b1-431d-8778-56ac93cb1aea","local_time":"20180907145233","daily_mods":["Allstar","Cursed Run","Night Terrors"],"is_ascension_mode":false,"campfire_choices":[{"data":"Neutralize","floor":15,"key":"SMITH"},{"data":"Backstab","floor":24,"key":"SMITH"},{"data":"Footwork","floor":32,"key":"SMITH"},{"data":"Mind Blast","floor":45,"key":"SMITH"},{"data":"Wraith Form v2","floor":47,"key":"SMITH"},{"data":"Dash","floor":49,"key":"SMITH"}],"neow_cost":"","seed_source_timestamp":0,"circlet_count":0,"master_deck":["Defend_G+1","Defend_G+1","Defend_G+1","Defend_G+1","Defend_G+1","Strike_G+1","Strike_G+1","Strike_G+1","Strike_G+1","Strike_G+1","Survivor+1","Neutralize+1","Dark Shackles+1","Transmutation+1","Metamorphosis+1","Madness+1","Swift Strike+1","Dash+1","Cloak And Dagger+1","Sucker Punch+1","Backstab+1","Dagger Spray+1","Riddle With Holes+1","Shame","Footwork+1","Injury","Expertise+1","Quick Slash+1","Clumsy","Tools of the Trade+1","Crippling Poison+1","Backflip+1","Footwork+1","Catalyst+1","Skewer+1","Leg Sweep+1","Writhe","Dash+1","Footwork+1","Backstab+1","Corpse Explosion+1","Regret","Night Terror+1","Heel Hook+1","Injury","Regret","Discovery","Finesse","Sadistic Nature","Footwork","Backflip+1","Wraith Form v2+1","Dagger Spray","Mind Blast+1","Decay","Dash+1","Terror","Backstab+1","Footwork","Writhe"],"special_seed":17781,"relics":["Cursed Key","Darkstone Periapt","Du-Vu Doll","CultistMask","Art of War","Ornamental Fan","Tiny Chest","Golden Idol","Runic Dome","The Specimen","Shuriken","Matryoshka","Ice Cream","Strawberry","White Beast Statue","Dream Catcher","Pear","Mark of the Bloom","Pen Nib","Meat on the Bone","Prayer Wheel","Oddly Smooth Stone","Lee\u0027s Waffle","Dead Branch","Ninja Scroll","Kunai"],"potions_floor_usage":[11,11,11,16,23,23,29,33,46,50,50,50],"damage_taken":[{"damage":0,"enemies":"Small Slimes","floor":1,"turns":4},{"damage":1,"enemies":"Cultist","floor":3,"turns":5},{"damage":7,"enemies":"Jaw Worm","floor":4,"turns":4},{"damage":8,"enemies":"Lagavulin","floor":6,"turns":7},{"damage":0,"enemies":"Looter","floor":7,"turns":4},{"damage":2,"enemies":"Lots of Slimes","floor":8,"turns":4},{"damage":0,"enemies":"Large Slime","floor":10,"turns":3},{"damage":0,"enemies":"3 Sentries","floor":11,"turns":4},{"damage":0,"enemies":"Looter","floor":13,"turns":2},{"damage":0,"enemies":"Exordium Thugs","floor":14,"turns":3},{"damage":12,"enemies":"Hexaghost","floor":16,"turns":9},{"damage":2,"enemies":"3 Byrds","floor":18,"turns":4},{"damage":8,"enemies":"2 Thieves","floor":19,"turns":4},{"damage":20,"enemies":"Snake Plant","floor":20,"turns":3},{"damage":9,"enemies":"Cultist and Chosen","floor":22,"turns":6},{"damage":0,"enemies":"Book of Stabbing","floor":23,"turns":5},{"damage":0,"enemies":"Centurion and Healer","floor":25,"turns":4},{"damage":11,"enemies":"Slavers","floor":28,"turns":5},{"damage":0,"enemies":"3 Cultists","floor":29,"turns":2},{"damage":0,"enemies":"Snecko","floor":30,"turns":3},{"damage":0,"enemies":"Gremlin Leader","floor":31,"turns":2},{"damage":19,"enemies":"Collector","floor":33,"turns":8},{"damage":19,"enemies":"3 Darklings","floor":35,"turns":5},{"damage":13,"enemies":"Giant Head","floor":40,"turns":6},{"damage":0,"enemies":"3 Shapes","floor":41,"turns":2},{"damage":0,"enemies":"2 Orb Walkers","floor":46,"turns":1},{"damage":0,"enemies":"Jaw Worm Horde","floor":48,"turns":1},{"damage":8,"enemies":"Donu and Deca","floor":50,"turns":5}],"seed_played":"-778787433029275369","potions_obtained":[{"floor":4,"key":"EssenceOfSteel"},{"floor":6,"key":"SkillPotion"},{"floor":8,"key":"Regen Potion"},{"floor":10,"key":"Swift Potion"},{"floor":13,"key":"Poison Potion"},{"floor":14,"key":"Fire Potion"},{"floor":18,"key":"AttackPotion"},{"floor":22,"key":"GhostInAJar"},{"floor":23,"key":"Explosive Potion"},{"floor":30,"key":"PowerPotion"},{"floor":33,"key":"SteroidPotion"},{"floor":35,"key":"GamblersBrew"},{"floor":46,"key":"Poison Potion"}],"is_trial":false,"path_per_floor":["M","?","M","M","?","E","M","M","T","M","E","?","M","M","R","B",null,"M","M","M","?","M","E","R","M","T","T","E","M","M","E","R","B",null,"M","T","?","T","?","E","M","$","T","$","R","E","R","M","R","B"],"character_chosen":"THE_SILENT","items_purchased":["Oddly Smooth Stone","Lee\u0027s Waffle","Dead Branch","Dagger Spray","Mind Blast","Strength Potion","EssenceOfSteel","Dash"],"campfire_rested":0,"item_purchase_floors":[42,42,42,42,42,44,44,44],"current_hp_per_floor":[70,70,69,62,62,58,58,56,62,62,62,68,68,68,68,62,88,86,78,58,58,49,49,49,49,55,61,50,50,50,57,57,44,113,94,110,110,110,100,87,87,87,87,87,87,87,87,87,87,79],"gold":67,"neow_bonus":"","is_prod":false,"is_daily":true,"chose_seed":false,"campfire_upgraded":6,"win_rate":0,"timestamp":1536306753,"path_taken":["M","?","M","?","?","E","M","M","T","M","E","?","M","?","R","BOSS","M","M","?","?","M","E","R","M","T","?","E","M","M","E","R","BOSS","M","?","?","?","?","E","?","?","T","$","R","E","R","M","R","BOSS"],"build_version":"2018-09-06","purchased_purges":1,"victory":true,"max_hp_per_floor":[70,70,70,70,70,70,70,70,76,76,76,82,82,82,82,88,88,88,88,88,88,88,88,88,88,94,100,100,100,100,107,107,113,113,113,129,129,135,135,135,135,142,148,148,148,148,148,148,148,154],"card_choices":[{"not_picked":["Underhanded Strike","Dodge and Roll"],"picked":"Dash","floor":1},{"not_picked":["Acrobatics","Poisoned Stab"],"picked":"Cloak And Dagger","floor":3},{"not_picked":["Expertise","Concentrate"],"picked":"Sucker Punch","floor":4},{"not_picked":["Riddle With Holes","Accuracy"],"picked":"Backstab","floor":6},{"not_picked":["All Out Attack","PiercingWail"],"picked":"Dagger Spray","floor":7},{"not_picked":["Grand Finale","Crippling Poison"],"picked":"Riddle With Holes","floor":8},{"not_picked":["Masterful Stab","Bane","Finisher"],"picked":"SKIP","floor":10},{"not_picked":["Acrobatics","Sucker Punch"],"picked":"Footwork","floor":11},{"not_picked":["Underhanded Strike","Eviscerate"],"picked":"Expertise","floor":13},{"not_picked":["Concentrate","Dodge and Roll"],"picked":"Quick Slash","floor":14},{"not_picked":["Envenom","A Thousand Cuts"],"picked":"Tools of the Trade","floor":16},{"not_picked":["Infinite Blades","Prepared"],"picked":"Crippling Poison","floor":18},{"not_picked":["Outmaneuver+1","Masterful Stab"],"picked":"Backflip","floor":19},{"not_picked":["Tactician","Bane+1"],"picked":"Footwork","floor":20},{"not_picked":["Setup","Bane"],"picked":"Catalyst","floor":22},{"not_picked":["Blade Dance+1","All Out Attack"],"picked":"Skewer","floor":23},{"not_picked":["Deflect","Dagger Throw"],"picked":"Leg Sweep","floor":25},{"not_picked":["PiercingWail","Deflect"],"picked":"Dash","floor":28},{"not_picked":["Outmaneuver+1","Underhanded Strike+1"],"picked":"Footwork","floor":29},{"not_picked":["Finisher+1","Blur"],"picked":"Backstab+1","floor":30},{"not_picked":["Outmaneuver","Blur"],"picked":"Corpse Explosion","floor":31},{"not_picked":["Phantasmal Killer","A Thousand Cuts"],"picked":"Night Terror","floor":33},{"not_picked":["Accuracy+1","Dagger Throw+1"],"picked":"Heel Hook","floor":35},{"not_picked":["Forethought","PanicButton"],"picked":"Discovery","floor":39},{"not_picked":["Forethought","Thinking Ahead"],"picked":"Finesse","floor":39},{"not_picked":["Panacea","Enlightenment"],"picked":"Sadistic Nature","floor":39},{"not_picked":["Calculated Gamble+1","Deflect+1"],"picked":"Footwork","floor":40},{"not_picked":["Deflect","Dagger Throw"],"picked":"Backflip+1","floor":41},{"not_picked":["Quick Slash","PiercingWail+1"],"picked":"Wraith Form v2","floor":41},{"not_picked":["Tactician+1","Calculated Gamble"],"picked":"Terror","floor":46},{"not_picked":["Cloak And Dagger+1","Heel Hook+1"],"picked":"Backstab+1","floor":48},{"not_picked":["Bouncing Flask+1","Endless Agony+1"],"picked":"Footwork","floor":48}],"player_experience":340752,"relics_obtained":[{"floor":6,"key":"Art of War"},{"floor":9,"key":"Ornamental Fan"},{"floor":11,"key":"Tiny Chest"},{"floor":23,"key":"The Specimen"},{"floor":26,"key":"Shuriken"},{"floor":27,"key":"Matryoshka"},{"floor":28,"key":"Ice Cream"},{"floor":31,"key":"Strawberry"},{"floor":36,"key":"Dream Catcher"},{"floor":36,"key":"Pear"},{"floor":38,"key":"Pen Nib"},{"floor":38,"key":"Meat on the Bone"},{"floor":40,"key":"Prayer Wheel"},{"floor":43,"key":"Ninja Scroll"},{"floor":46,"key":"Kunai"}],"event_choices":[{"event_name":"FaceTrader","player_choice":"Trade","floor":2,"damage_taken":0},{"event_name":"The Cleric","player_choice":"Leave","floor":5,"damage_taken":0},{"event_name":"Golden Idol","player_choice":"Take Wound","floor":12,"damage_taken":0},{"event_name":"Fountain of Cleansing","player_choice":"Ignored","floor":21,"damage_taken":0},{"event_name":"MindBloom","player_choice":"Upgrade","floor":37,"damage_taken":0},{"event_name":"SensoryStone","player_choice":"Memory 3","floor":39,"damage_taken":0}],"is_beta":true,"boss_relics":[{"not_picked":["Philosopher\u0027s Stone","Velvet Choker"],"picked":"Runic Dome"},{"not_picked":["Eternal Feather","Empty Cage"],"picked":"White Beast Statue"}],"items_purged_floors":[44],"is_endless":false,"potions_floor_spawned":[4,6,8,10,13,14,18,22,23,30,33,35,40,41,46,48],"ascension_level":0}