{"gold_per_floor":[114,114,114,114,130,168,168,192,192,215,229,229],"floor_reached":12,"playtime":819,"items_purged":[],"score":92,"play_id":"7c779e67-adcb-4ef5-ab50-7be43f855111","local_time":"20190714151018","is_ascension_mode":true,"campfire_choices":[{"floor":7,"key":"REST"}],"neow_cost":"NONE","seed_source_timestamp":184408742568987,"circlet_count":0,"master_deck":["Strike_B","Strike_B","Strike_B","Strike_B","Defend_B","Defend_B","Defend_B","Defend_B","Zap","Dualcast","Leap","Injury","Defragment","Defragment","Cold Snap+1","Conserve Battery","Beam Cell+1"],"relics":["Nuclear Battery","Molten Egg 2","Golden Idol","Potion Belt","Omamori"],"potions_floor_usage":[12],"damage_taken":[{"damage":4,"enemies":"Jaw Worm","floor":1,"turns":4},{"damage":0,"enemies":"2 Louse","floor":5,"turns":3},{"damage":23,"enemies":"Lagavulin","floor":6,"turns":10},{"damage":6,"enemies":"Small Slimes","floor":8,"turns":4},{"damage":6,"enemies":"Looter","floor":10,"turns":4},{"damage":7,"enemies":"Large Slime","floor":11,"turns":6},{"damage":46,"enemies":"Gremlin Nob","floor":12,"turns":4}],"seed_played":"-7141851200188619051","potions_obtained":[{"floor":6,"key":"FocusPotion"},{"floor":8,"key":"EssenceOfSteel"},{"floor":11,"key":"SpeedPotion"}],"is_trial":false,"path_per_floor":["M","?","?","?","M","E","R","M","T","M","M","E"],"character_chosen":"DEFECT","items_purchased":[],"campfire_rested":1,"item_purchase_floors":[],"current_hp_per_floor":[71,71,46,46,46,23,45,39,39,33,26,0],"gold":229,"neow_bonus":"BOSS_RELIC","is_prod":false,"is_daily":false,"chose_seed":false,"campfire_upgraded":0,"win_rate":0,"timestamp":1563109818,"path_taken":["M","?","?","?","M","E","R","M","T","?","M","E"],"build_version":"2019-07-05","purchased_purges":0,"victory":false,"max_hp_per_floor":[75,75,75,75,75,75,75,75,75,75,75,75],"card_choices":[{"not_picked":["Recycle","Chaos"],"picked":"Leap","floor":1},{"not_picked":["Rip and Tear+1","Barrage+1"],"picked":"Defragment","floor":5},{"not_picked":["Steam","Sweeping Beam+1"],"picked":"Defragment","floor":6},{"not_picked":["Recycle","Coolheaded"],"picked":"Cold Snap+1","floor":8},{"not_picked":["Rebound+1","Compile Driver+1"],"picked":"Conserve Battery","floor":10},{"not_picked":["Sweeping Beam+1","Gash+1"],"picked":"Beam Cell+1","floor":11}],"player_experience":267470,"relics_obtained":[{"floor":6,"key":"Potion Belt"},{"floor":9,"key":"Omamori"}],"event_choices":[{"damage_healed":0,"gold_gain":0,"player_choice":"Ignored","damage_taken":0,"max_hp_gain":0,"max_hp_loss":0,"event_name":"Liars Game","floor":2,"gold_loss":0},{"damage_healed":0,"gold_gain":0,"player_choice":"Success","damage_taken":25,"relics_obtained":["Molten Egg 2"],"max_hp_gain":0,"max_hp_loss":0,"event_name":"Scrap Ooze","floor":3,"gold_loss":0},{"damage_healed":0,"gold_gain":0,"player_choice":"Take Wound","damage_taken":0,"relics_obtained":["Golden Idol"],"max_hp_gain":0,"max_hp_loss":0,"event_name":"Golden Idol","floor":4,"gold_loss":0,"cards_obtained":["Injury"]}],"is_beta":false,"boss_relics":[],"items_purged_floors":[],"is_endless":false,"potions_floor_spawned":[6,8,11],"killed_by":"Gremlin Nob","ascension_level":3}