{"gold_per_floor":[112,187,202,215,215,215,247,247,247,266,38,54,73,104,104,199,199,216,0,20,20,34,68,68,68,95,114,114,114,134,144,144,243,243,254,4,21,421,421,449,449,449,517,535,535,552,552,572,572,572],"floor_reached":51,"playtime":5419,"items_purged":["Strike_B","Strike_B"],"score":784,"play_id":"d7e3e76f-56bc-49a0-95cd-9cad0285017b","local_time":"20190916175052","is_ascension_mode":false,"campfire_choices":[{"data":"Zap","floor":6,"key":"SMITH"},{"floor":8,"key":"REST"},{"data":"Rainbow","floor":15,"key":"SMITH"},{"floor":24,"key":"REST"},{"floor":29,"key":"REST"},{"floor":32,"key":"REST"},{"floor":41,"key":"REST"},{"floor":45,"key":"REST"},{"floor":47,"key":"REST"},{"floor":49,"key":"REST"}],"neow_cost":"NONE","seed_source_timestamp":351538132410200,"circlet_count":0,"master_deck":["Defend_B","Defend_B","Defend_B","Defend_B","Zap+1","Dualcast","Cold Snap","Cold Snap","Defragment","Redo","Self Repair","Capacitor","Rainbow+1","Static Discharge","Compile Driver","Cold Snap","Electrodynamics","Chaos","Static Discharge","Hologram","Barrage","Redo","Blizzard","Defragment","Heatsinks+1","Shame","Redo+1","Conserve Battery","Tempest","Chill","Fusion","Thunder Strike","Ball Lightning+1","Storm+1","Steam+1","Writhe","Doom and Gloom","Seek","Tempest+1","Loop+1"],"relics":["Cracked Core","Dodecahedron","Gremlin Horn","Mercury Hourglass","Orrery","Question Card","Blood Vial","Mango","Centennial Puzzle","Lizard Tail","Happy Flower","Old Coin","Pocketwatch","Bottled Lightning"],"potions_floor_usage":[16,23,23,27,38,50,50],"damage_taken":[{"damage":8,"enemies":"2 Louse","floor":1,"turns":2},{"damage":4,"enemies":"Jaw Worm","floor":3,"turns":3},{"damage":0,"enemies":"Cultist","floor":4,"turns":4},{"damage":26,"enemies":"3 Sentries","floor":7,"turns":6},{"damage":2,"enemies":"Looter","floor":10,"turns":3},{"damage":7,"enemies":"Large Slime","floor":12,"turns":5},{"damage":3,"enemies":"2 Fungi Beasts","floor":13,"turns":4},{"damage":8,"enemies":"Lagavulin","floor":14,"turns":6},{"damage":0,"enemies":"Slime Boss","floor":16,"turns":8},{"damage":25,"enemies":"Shell Parasite","floor":18,"turns":5},{"damage":17,"enemies":"Chosen","floor":20,"turns":4},{"damage":12,"enemies":"Snecko","floor":22,"turns":5},{"damage":35,"enemies":"Gremlin Leader","floor":23,"turns":7},{"damage":28,"enemies":"3 Cultists","floor":27,"turns":4},{"damage":19,"enemies":"Chosen and Byrds","floor":30,"turns":5},{"damage":15,"enemies":"Snecko","floor":31,"turns":4},{"damage":77,"enemies":"Automaton","floor":33,"turns":8},{"damage":17,"enemies":"Orb Walker","floor":35,"turns":4},{"damage":27,"enemies":"3 Darklings","floor":37,"turns":5},{"damage":0,"enemies":"Mind Bloom Boss Battle","floor":38,"turns":3},{"damage":67,"enemies":"Giant Head","floor":40,"turns":6},{"damage":19,"enemies":"Spire Growth","floor":44,"turns":4},{"damage":20,"enemies":"Transient","floor":46,"turns":5},{"damage":23,"enemies":"Maw","floor":48,"turns":5},{"damage":158,"enemies":"Awakened One","floor":50,"turns":7}],"seed_played":"-6664841920603875375","potions_obtained":[{"floor":1,"key":"EssenceOfSteel"},{"floor":10,"key":"GamblersBrew"},{"floor":12,"key":"Explosive Potion"},{"floor":22,"key":"Ancient Potion"},{"floor":23,"key":"Weak Potion"},{"floor":33,"key":"Fire Potion"},{"floor":35,"key":"Strength Potion"},{"floor":38,"key":"GamblersBrew"},{"floor":44,"key":"Dexterity Potion"},{"floor":48,"key":"Regen Potion"}],"is_trial":false,"path_per_floor":["M","?","M","M","?","R","E","R","T","M","$","M","M","E","R","B",null,"M","$","M","?","M","E","R","?","T","M","?","R","M","M","R","B",null,"M","$","M","?","?","E","R","?","T","M","R","M","R","M","R","B",null],"character_chosen":"DEFECT","items_purchased":["Capacitor","Rainbow","Blizzard","Defragment","FairyPotion","Happy Flower"],"campfire_rested":8,"item_purchase_floors":[11,11,19,19,19,36],"current_hp_per_floor":[74,63,59,59,82,82,56,80,80,78,78,78,82,81,81,82,82,64,64,54,54,49,21,45,59,59,40,40,68,58,52,80,12,96,79,79,61,63,87,29,57,57,57,40,68,57,85,71,96,48],"gold":572,"neow_bonus":"TEN_PERCENT_HP_BONUS","is_prod":false,"is_daily":false,"chose_seed":false,"campfire_upgraded":2,"win_rate":0.0,"timestamp":1568670652,"path_taken":["M","?","M","M","?","R","E","R","T","M","$","M","M","E","R","BOSS","M","?","M","?","M","E","R","?","T","M","?","R","M","M","R","BOSS","M","$","M","?","?","E","R","?","T","M","R","M","R","M","R","BOSS"],"build_version":"2019-07-17","purchased_purges":2,"victory":true,"max_hp_per_floor":[82,82,82,82,82,82,82,82,82,82,82,82,82,82,82,82,82,82,82,82,82,82,82,82,96,96,96,96,96,96,96,96,96,96,96,96,96,96,96,96,96,96,96,96,96,96,96,96,96,96],"card_choices":[{"not_picked":["Scrape","Streamline"],"picked":"Cold Snap","floor":1},{"not_picked":["Beam Cell","Leap"],"picked":"Cold Snap","floor":3},{"not_picked":["Hologram","Beam Cell"],"picked":"Defragment","floor":4},{"not_picked":["Cold Snap","Barrage"],"picked":"Redo","floor":7},{"not_picked":["Machine Learning","Beam Cell"],"picked":"Self Repair","floor":10},{"not_picked":["Genetic Algorithm","Beam Cell"],"picked":"Static Discharge","floor":12},{"not_picked":["Cold Snap","Coolheaded"],"picked":"Compile Driver","floor":13},{"not_picked":["Stack","Streamline"],"picked":"Cold Snap","floor":14},{"not_picked":["Rainbow","Amplify"],"picked":"Electrodynamics","floor":16},{"not_picked":["Hologram","Redo"],"picked":"Chaos","floor":17},{"not_picked":["Streamline","Sweeping Beam"],"picked":"Static Discharge","floor":17},{"not_picked":["Reinforced Body","Compile Driver"],"picked":"Hologram","floor":17},{"not_picked":["Coolheaded","Beam Cell"],"picked":"Barrage","floor":17},{"not_picked":["Go for the Eyes","Gash"],"picked":"Redo","floor":17},{"not_picked":["Hologram","Compile Driver","Sweeping Beam"],"picked":"SKIP","floor":18},{"not_picked":["Redo","Gash+1"],"picked":"Heatsinks+1","floor":20},{"not_picked":["Gash","Barrage+1","Genetic Algorithm"],"picked":"Redo+1","floor":22},{"not_picked":["Consume","Reprogram","Hologram"],"picked":"Conserve Battery","floor":23},{"not_picked":["Skim","FTL","Darkness"],"picked":"Tempest","floor":27},{"not_picked":["Compile Driver","Barrage","Defragment"],"picked":"Chill","floor":30},{"not_picked":["Doom and Gloom","Glacier","Steam"],"picked":"Fusion","floor":31},{"not_picked":["Buffer","All For One","Creative AI"],"picked":"Thunder Strike","floor":33},{"not_picked":["Aggregate","Chaos","Coolheaded"],"picked":"Ball Lightning+1","floor":35},{"not_picked":["BootSequence+1","Beam Cell+1","Go for the Eyes"],"picked":"Storm+1","floor":37},{"not_picked":["Hologram+1","Cold Snap","Hello World+1"],"picked":"Steam+1","floor":38},{"not_picked":["Melter+1","Coolheaded","Cold Snap","Reinforced Body"],"picked":"SKIP","floor":40},{"not_picked":["Coolheaded+1","Hologram+1","Storm"],"picked":"Seek","floor":44},{"not_picked":["Barrage","Cold Snap","Stack"],"picked":"Tempest+1","floor":46},{"not_picked":["Auto Shields","Steam+1","Go for the Eyes"],"picked":"Loop+1","floor":48}],"player_experience":6409,"relics_obtained":[{"floor":7,"key":"Dodecahedron"},{"floor":9,"key":"Gremlin Horn"},{"floor":14,"key":"Mercury Hourglass"},{"floor":23,"key":"Blood Vial"},{"floor":26,"key":"Centennial Puzzle"},{"floor":38,"key":"Old Coin"},{"floor":40,"key":"Pocketwatch"},{"floor":43,"key":"Bottled Lightning"}],"event_choices":[{"damage_healed":0,"gold_gain":75,"player_choice":"Gather Gold","damage_taken":11,"max_hp_gain":0,"max_hp_loss":0,"event_name":"World of Goop","floor":2,"gold_loss":0},{"damage_healed":23,"gold_gain":0,"player_choice":"Full Heal","damage_taken":0,"max_hp_gain":0,"max_hp_loss":0,"event_name":"Wheel of Change","floor":5,"gold_loss":0},{"damage_healed":0,"gold_gain":0,"player_choice":"Stole Relic","damage_taken":0,"relics_obtained":["Question Card"],"max_hp_gain":0,"max_hp_loss":0,"event_name":"Addict","floor":21,"gold_loss":0,"cards_obtained":["Shame"]},{"damage_healed":0,"gold_gain":0,"player_choice":"Opened","damage_taken":0,"relics_obtained":["Mango"],"max_hp_gain":0,"max_hp_loss":0,"event_name":"The Mausoleum","floor":25,"gold_loss":0},{"cards_removed":["Strike_B"],"damage_healed":0,"gold_gain":0,"player_choice":"Purged","damage_taken":0,"max_hp_gain":0,"max_hp_loss":0,"event_name":"Purifier","floor":28,"gold_loss":0},{"damage_healed":0,"gold_gain":0,"player_choice":"Fight","damage_taken":0,"max_hp_gain":0,"max_hp_loss":0,"event_name":"MindBloom","floor":38,"gold_loss":0},{"damage_healed":24,"gold_gain":0,"player_choice":"Writhe","damage_taken":0,"max_hp_gain":0,"max_hp_loss":0,"event_name":"Winding Halls","floor":39,"gold_loss":0,"cards_obtained":["Writhe"]},{"damage_healed":0,"gold_gain":0,"cards_transformed":["Strike_B"],"player_choice":"Transformed","damage_taken":0,"max_hp_gain":0,"max_hp_loss":0,"event_name":"Transmorgrifier","floor":42,"gold_loss":0,"cards_obtained":["Doom and Gloom"]}],"is_beta":false,"boss_relics":[{"not_picked":["Eternal Feather","Cursed Key"],"picked":"Orrery"},{"not_picked":["Snecko Eye","Empty Cage"],"picked":"Lizard Tail"}],"items_purged_floors":[11,36],"is_endless":false,"potions_floor_spawned":[1,10,12,22,23,33,35,38,44,46,48],"ascension_level":0}