{"gold_per_floor":[119,131,131,141,42,72,72,99,99,117,149,149,149,76,76,173,173,173,173,173,173,73,73,73,73,73,73,73,73,73,73,73,73,73,73,73,73,73,73,73,73,73,73,73,73,73,73,73,73,73],"floor_reached":51,"playtime":5155,"items_purged":["Defend_B","Defend_B"],"score":902,"play_id":"b0996f2f-5311-41b8-923a-bf60b96c6894","local_time":"20180826012546","is_ascension_mode":true,"campfire_choices":[{"data":"Zap","floor":7,"key":"SMITH"},{"floor":13,"key":"REST"},{"data":"Sunder","floor":15,"key":"SMITH"},{"data":"Dualcast","floor":23,"key":"SMITH"},{"data":"Go for the Eyes","floor":25,"key":"SMITH"},{"data":"FTL","floor":27,"key":"SMITH"},{"data":"Consume","floor":32,"key":"SMITH"},{"floor":49,"key":"REST"}],"neow_cost":"NONE","seed_source_timestamp":956778872052652,"circlet_count":0,"master_deck":["Strike_B","Strike_B","Strike_B","Strike_B","Defend_B","Defend_B","Zap+1","Dualcast+1","Electrodynamics","Sunder+1","Conserve Battery","Leap","Hologram","FTL+1","Go for the Eyes+1","Self Repair+1","Buffer+1","Chaos+1","Defragment+1","Coolheaded","Beam Cell+1","Go for the Eyes+1","Conserve Battery+1","Loop+1","Loop+1","Consume+1","Reboot","Defragment+1","Loop+1","Skim+1","Coolheaded+1","Apotheosis","Master of Strategy","FTL","Beam Cell+1","Amplify","FTL+1","FTL+1","Glacier"],"relics":["Cracked Core","Kunai","Symbiotic Virus","Frozen Egg 2","Prayer Wheel","Ectoplasm","Meat on the Bone","Mercury Hourglass","The Courier","Question Card","Bottled Lightning","Red Mask","Runic Dome","Torii","Bronze Scales","Letter Opener","Matryoshka","Gremlin Horn","Shuriken","Tiny Chest"],"potions_floor_usage":[6,6,8,16,33,33,40,45,45,47,50,50],"damage_taken":[{"damage":1,"enemies":"Jaw Worm","floor":1,"turns":3},{"damage":1,"enemies":"Cultist","floor":2,"turns":3},{"damage":0,"enemies":"Small Slimes","floor":4,"turns":2},{"damage":20,"enemies":"Gremlin Nob","floor":6,"turns":4},{"damage":9,"enemies":"Lagavulin","floor":8,"turns":6},{"damage":0,"enemies":"Blue Slaver","floor":10,"turns":3},{"damage":15,"enemies":"3 Sentries","floor":11,"turns":5},{"damage":36,"enemies":"Hexaghost","floor":16,"turns":8},{"damage":5,"enemies":"Shell Parasite","floor":18,"turns":4},{"damage":6,"enemies":"Chosen","floor":20,"turns":3},{"damage":0,"enemies":"Snake Plant","floor":21,"turns":3},{"damage":10,"enemies":"Gremlin Leader","floor":24,"turns":5},{"damage":10,"enemies":"Book of Stabbing","floor":28,"turns":4},{"damage":0,"enemies":"Centurion and Healer","floor":29,"turns":5},{"damage":12,"enemies":"Gremlin Leader","floor":30,"turns":6},{"damage":0,"enemies":"Masked Bandits","floor":31,"turns":3},{"damage":4,"enemies":"Collector","floor":33,"turns":7},{"damage":0,"enemies":"Orb Walker","floor":35,"turns":3},{"damage":8,"enemies":"Mind Bloom Boss Battle","floor":36,"turns":7},{"damage":1,"enemies":"3 Darklings","floor":38,"turns":2},{"damage":0,"enemies":"Giant Head","floor":40,"turns":8},{"damage":8,"enemies":"Maw","floor":42,"turns":6},{"damage":6,"enemies":"Flame Bruiser 2 Orb","floor":44,"turns":4},{"damage":14,"enemies":"Nemesis","floor":45,"turns":5},{"damage":1,"enemies":"Transient","floor":46,"turns":5},{"damage":36,"enemies":"2 Orb Walkers","floor":47,"turns":3},{"damage":45,"enemies":"Donu and Deca","floor":50,"turns":6}],"seed_played":"4526626995463197251","potions_obtained":[{"floor":1,"key":"FocusPotion"},{"floor":4,"key":"Fire Potion"},{"floor":6,"key":"SkillPotion"},{"floor":11,"key":"FearPotion"},{"floor":21,"key":"Energy Potion"},{"floor":24,"key":"Dexterity Potion"},{"floor":28,"key":"EssenceOfSteel"},{"floor":33,"key":"Weak Potion"},{"floor":38,"key":"PowerPotion"},{"floor":42,"key":"AttackPotion"},{"floor":45,"key":"SkillPotion"},{"floor":47,"key":"GamblersBrew"}],"is_trial":false,"path_per_floor":["M","M","?","M","$","E","R","E","T","M","E","?","R","$","R","B",null,"M","?","M","M","$","R","E","R","T","R","E","M","E","?","R","B",null,"M","?","?","M","?","E","$","M","T","M","E","M","E","T","R","B"],"character_chosen":"DEFECT","items_purchased":["Hologram","Self Repair+1"],"campfire_rested":2,"item_purchase_floors":[5,14],"current_hp_per_floor":[74,73,73,73,73,53,53,44,44,44,29,29,51,51,51,25,75,75,75,75,75,75,75,75,75,75,75,65,75,73,73,73,75,75,75,75,75,75,65,75,75,75,75,69,65,74,38,38,60,27],"gold":73,"neow_bonus":"ONE_RANDOM_RARE_CARD","is_prod":false,"is_daily":false,"chose_seed":false,"campfire_upgraded":6,"win_rate":0,"timestamp":1535264746,"path_taken":["M","M","?","M","$","E","R","E","T","M","E","?","R","$","R","BOSS","M","?","M","M","$","R","E","R","T","R","E","?","E","?","R","BOSS","M","?","?","M","?","E","$","M","T","M","E","?","E","?","R","BOSS"],"build_version":"2018-08-23v2","purchased_purges":2,"victory":true,"max_hp_per_floor":[75,75,75,75,75,75,75,75,75,75,75,75,75,75,75,75,75,75,75,75,75,75,75,75,75,75,75,75,75,75,75,75,75,75,75,75,75,75,75,75,75,75,75,75,75,75,75,75,75,75],"card_choices":[{"not_picked":["Melter","Skim"],"picked":"Sunder","floor":1},{"not_picked":["Force Field","Rebound"],"picked":"Conserve Battery","floor":2},{"not_picked":["Conserve Battery","Leap","Steam"],"picked":"SKIP","floor":4},{"not_picked":["Rip and Tear","Consume"],"picked":"FTL","floor":6},{"not_picked":["Thunder Strike","Chaos","Darkness"],"picked":"SKIP","floor":8},{"not_picked":["Steam","Redo","Leap"],"picked":"SKIP","floor":10},{"not_picked":["Rip and Tear","Hologram"],"picked":"Go for the Eyes","floor":11},{"not_picked":["Reboot","Rainbow"],"picked":"Buffer+1","floor":16},{"not_picked":["Stack","Compile Driver"],"picked":"Chaos+1","floor":18},{"not_picked":["Steam Power","Conserve Battery","Beam Cell"],"picked":"SKIP","floor":18},{"not_picked":["Leap+1","Go for the Eyes"],"picked":"Defragment+1","floor":20},{"not_picked":["Ball Lightning","Hologram"],"picked":"Coolheaded","floor":20},{"not_picked":["Hologram+1","Thunder Strike"],"picked":"Beam Cell+1","floor":21},{"not_picked":["Steam","Redo+1"],"picked":"Go for the Eyes+1","floor":21},{"not_picked":["Go for the Eyes","Double Energy"],"picked":"Conserve Battery+1","floor":24},{"not_picked":["Sweeping Beam+1","Streamline"],"picked":"Loop+1","floor":28},{"not_picked":["Cold Snap+1","Steam+1","Blizzard"],"picked":"Loop+1","floor":29},{"not_picked":["Barrage","Coolheaded","Gash","Redo"],"picked":"SKIP","floor":29},{"not_picked":["Rainbow","Barrage","Coolheaded"],"picked":"Consume","floor":30},{"not_picked":["Rainbow","Hyperbeam","Core Surge"],"picked":"Reboot","floor":33},{"not_picked":["Hologram+1","Steam","Beam Cell+1"],"picked":"Defragment+1","floor":35},{"not_picked":["Sweeping Beam","Conserve Battery+1","Double Energy"],"picked":"Loop+1","floor":35},{"not_picked":["Cold Snap","Tempest","Stack"],"picked":"Skim+1","floor":38},{"not_picked":["Leap","Steam","Hello World+1"],"picked":"Coolheaded+1","floor":38},{"not_picked":["HandOfGreed","The Bomb","Sadistic Nature+1"],"picked":"Apotheosis","floor":39},{"not_picked":["Madness","Jack Of All Trades","Dark Shackles"],"picked":"Master of Strategy","floor":39},{"not_picked":["Chill","Compile Driver","Heatsinks+1"],"picked":"FTL","floor":40},{"not_picked":["Turbo","Stack","Sunder"],"picked":"Beam Cell+1","floor":42},{"not_picked":["Reprogram","Conserve Battery+1","Darkness","Barrage+1"],"picked":"SKIP","floor":42},{"not_picked":["Steam+1","Tempest+1","Redo","Gash+1"],"picked":"SKIP","floor":44},{"not_picked":["Turbo","Barrage","Aggregate+1","Gash+1"],"picked":"SKIP","floor":44},{"not_picked":["Cold Snap+1","All For One","Coolheaded"],"picked":"Amplify","floor":45},{"not_picked":["Gash+1","Sweeping Beam","Conserve Battery+1"],"picked":"FTL+1","floor":46},{"not_picked":["Cold Snap+1","Rebound+1","Hologram"],"picked":"FTL+1","floor":46},{"not_picked":["Coolheaded+1","Barrage","Doom and Gloom+1"],"picked":"Glacier","floor":47}],"player_experience":275883,"relics_obtained":[{"floor":6,"key":"Kunai"},{"floor":8,"key":"Symbiotic Virus"},{"floor":9,"key":"Frozen Egg 2"},{"floor":11,"key":"Prayer Wheel"},{"floor":24,"key":"Mercury Hourglass"},{"floor":26,"key":"The Courier"},{"floor":28,"key":"Question Card"},{"floor":30,"key":"Bottled Lightning"},{"floor":31,"key":"Red Mask"},{"floor":36,"key":"Torii"},{"floor":40,"key":"Bronze Scales"},{"floor":43,"key":"Letter Opener"},{"floor":45,"key":"Matryoshka"},{"floor":47,"key":"Gremlin Horn"},{"floor":48,"key":"Shuriken"},{"floor":48,"key":"Tiny Chest"}],"event_choices":[{"event_name":"Match and Keep!","player_choice":"1 cards matched","floor":3,"damage_taken":0},{"event_name":"Liars Game","player_choice":"disagreed","floor":12,"damage_taken":0},{"event_name":"The Mausoleum","player_choice":"Yes","floor":19,"damage_taken":0},{"event_name":"Masked Bandits","player_choice":"Fought Bandits","floor":31,"damage_taken":0},{"event_name":"MindBloom","player_choice":"Fight","floor":36,"damage_taken":0},{"event_name":"FaceTrader","player_choice":"Leave","floor":37,"damage_taken":0},{"event_name":"SensoryStone","player_choice":"Memory 3","floor":39,"damage_taken":0}],"is_beta":false,"boss_relics":[{"not_picked":["Lizard Tail","Velvet Choker"],"picked":"Ectoplasm"},{"not_picked":["FrozenCore","Calling Bell"],"picked":"Runic Dome"}],"items_purged_floors":[5,22],"is_endless":false,"potions_floor_spawned":[1,4,6,11,21,24,28,30,33,38,42,44,45,47],"ascension_level":1}