{"gold_per_floor":[119,134,134,145,157,183,193,206,276,276,305,319,319],"floor_reached":13,"playtime":1444,"items_purged":[],"score":99,"play_id":"c948d395-eb2b-4d80-94ce-dab379a5ea3b","local_time":"20190709235400","is_ascension_mode":false,"campfire_choices":[{"data":"Berserk","floor":10,"key":"SMITH"}],"neow_cost":"NONE","seed_source_timestamp":19633575501693,"circlet_count":0,"master_deck":["Strike_R","Strike_R","Strike_R","Strike_R","Defend_R","Defend_R","Defend_R","Defend_R","Bash","Berserk+1","Infernal Blade","Dual Wield","Headbutt","Rage","Offering","Shrug It Off","Clothesline","Shrug It Off"],"relics":["Burning Blood","Potion Belt","Smiling Mask"],"potions_floor_usage":[6,11],"damage_taken":[{"damage":0,"enemies":"Small Slimes","floor":1,"turns":4},{"damage":10,"enemies":"2 Louse","floor":2,"turns":3},{"damage":0,"enemies":"Cultist","floor":4,"turns":4},{"damage":4,"enemies":"3 Louse","floor":5,"turns":3},{"damage":45,"enemies":"Gremlin Nob","floor":6,"turns":5},{"damage":11,"enemies":"Red Slaver","floor":7,"turns":3},{"damage":0,"enemies":"2 Fungi Beasts","floor":8,"turns":3},{"damage":45,"enemies":"3 Sentries","floor":11,"turns":9},{"damage":6,"enemies":"Exordium Wildlife","floor":12,"turns":4},{"damage":17,"enemies":"Exordium Thugs","floor":13,"turns":3}],"seed_played":"139360536550852716","potions_obtained":[{"floor":1,"key":"Block Potion"},{"floor":4,"key":"SpeedPotion"},{"floor":6,"key":"Regen Potion"},{"floor":8,"key":"SteroidPotion"}],"is_trial":false,"path_per_floor":["M","M","?","M","M","E","M","M","T","R","E","M","M"],"character_chosen":"IRONCLAD","items_purchased":[],"campfire_rested":0,"item_purchase_floors":[],"current_hp_per_floor":[80,76,69,75,77,38,33,39,39,39,15,15,0],"gold":319,"neow_bonus":"ONE_RANDOM_RARE_CARD","is_prod":false,"is_daily":false,"chose_seed":false,"campfire_upgraded":1,"win_rate":0,"timestamp":1562734440,"path_taken":["M","M","?","M","M","E","M","M","T","R","E","M","M"],"build_version":"2019-07-05","purchased_purges":0,"victory":false,"max_hp_per_floor":[80,80,80,80,80,80,80,80,80,80,80,80,80],"card_choices":[{"not_picked":["Hemokinesis","Intimidate"],"picked":"Infernal Blade","floor":1},{"not_picked":["Burning Pact","Pummel"],"picked":"Dual Wield","floor":2},{"not_picked":["Reckless Charge","Seeing Red"],"picked":"Headbutt","floor":4},{"not_picked":["Thunderclap","Clash"],"picked":"Rage","floor":5},{"not_picked":["Flex","Cleave"],"picked":"Offering","floor":6},{"not_picked":["Perfected Strike","Clash"],"picked":"Shrug It Off","floor":7},{"not_picked":["Perfected Strike","Body Slam"],"picked":"Clothesline","floor":8},{"not_picked":["Havoc","Power Through","Bloodletting"],"picked":"SKIP","floor":11},{"not_picked":["Rage","Fire Breathing"],"picked":"Shrug It Off","floor":12}],"player_experience":114294,"relics_obtained":[{"floor":6,"key":"Potion Belt"},{"floor":11,"key":"Smiling Mask"}],"event_choices":[{"cards_removed":["Strike_R"],"damage_healed":0,"gold_gain":0,"player_choice":"Card Removal","damage_taken":7,"max_hp_gain":0,"max_hp_loss":0,"event_name":"Golden Wing","floor":3,"gold_loss":0}],"is_beta":false,"boss_relics":[],"items_purged_floors":[],"is_endless":false,"potions_floor_spawned":[1,4,6,8],"killed_by":"Exordium Thugs","ascension_level":0}