{"gold_per_floor":[159,204,14,59,104,104,164,209,209,299,299,376,376,466,478,790,802,859,871,943,955,1012,1114,1126,1183,1195,1207,1219,1231,1333,1390,1402,1714,1726,1798,2809,2886,1416,1461,1461,1506,1551,1576,1999,2044,2044,2089,2179,2179,2179],"floor_reached":51,"playtime":1387,"items_purged":["Normality"],"score":1206,"play_id":"f79da2f3-97b9-4fdd-8d03-e49f4eec4514","local_time":"20180830135455","daily_mods":["Allstar","Cursed Run","Midas"],"is_ascension_mode":false,"campfire_choices":[{"floor":6,"key":"REST"},{"floor":15,"key":"REST"},{"floor":24,"key":"REST"},{"floor":29,"key":"REST"},{"floor":32,"key":"REST"}],"neow_cost":"","seed_source_timestamp":0,"circlet_count":0,"master_deck":["Strike_R","Strike_R+1","Strike_R","Strike_R","Strike_R","Defend_R","Defend_R","Defend_R","Defend_R","Bash","Trip","Dark Shackles","Enlightenment+1","Good Instincts+1","HandOfGreed","Shrug It Off+1","Sword Boomerang","Shockwave","True Grit","Power Through","Cleave","Exhume","Havoc","Parasite","Perfected Strike+1","Parasite","Reaper+1","Shockwave+1","Decay","Sword Boomerang+1","Twin Strike+1","Armaments+1","Flame Barrier","Injury","Offering","Perfected Strike+1","Shrug It Off","Decay","Barricade","Twin Strike+1","Normality","Normality","Shrug It Off+1","Body Slam+1","Twin Strike+1","Offering","Shrug It Off","Evolve","Flash of Steel+1","Sadistic Nature","Havoc","Perfected Strike+1","True Grit+1","Clumsy","Heavy Blade+1","Shrug It Off+1","Pommel Strike+1","Sever Soul+1","Injury"],"special_seed":17773,"relics":["Cursed Key","Darkstone Periapt","Du-Vu Doll","Pen Nib","Molten Egg 2","War Paint","MawBank","Velvet Choker","Dodecahedron","Juzu Bracelet","Meat on the Bone","Anchor","Coffee Dripper","ClockworkSouvenir","Matryoshka","Red Skull","Strawberry","Art of War","Old Coin","Dead Branch"],"potions_floor_usage":[10,10,16,30,30,33,33,50,50,50],"damage_taken":[{"damage":1,"enemies":"Cultist","floor":1,"turns":3},{"damage":0,"enemies":"Small Slimes","floor":2,"turns":3},{"damage":2,"enemies":"2 Louse","floor":4,"turns":2},{"damage":0,"enemies":"Blue Slaver","floor":5,"turns":3},{"damage":0,"enemies":"3 Louse","floor":7,"turns":3},{"damage":9,"enemies":"2 Fungi Beasts","floor":8,"turns":3},{"damage":0,"enemies":"3 Sentries","floor":10,"turns":5},{"damage":0,"enemies":"Gremlin Nob","floor":14,"turns":2},{"damage":5,"enemies":"The Guardian","floor":16,"turns":7},{"damage":0,"enemies":"Chosen","floor":18,"turns":3},{"damage":10,"enemies":"3 Byrds","floor":20,"turns":4},{"damage":18,"enemies":"Snake Plant","floor":22,"turns":4},{"damage":14,"enemies":"Book of Stabbing","floor":23,"turns":3},{"damage":5,"enemies":"Snecko","floor":25,"turns":3},{"damage":6,"enemies":"Gremlin Leader","floor":30,"turns":2},{"damage":0,"enemies":"Chosen and Byrds","floor":31,"turns":3},{"damage":6,"enemies":"Champ","floor":33,"turns":8},{"damage":0,"enemies":"3 Shapes","floor":35,"turns":2},{"damage":10,"enemies":"Orb Walker","floor":37,"turns":3},{"damage":6,"enemies":"Sphere and 2 Shapes","floor":39,"turns":3},{"damage":50,"enemies":"Spire Growth","floor":41,"turns":6},{"damage":28,"enemies":"Maw","floor":42,"turns":6},{"damage":0,"enemies":"Mysterious Sphere","floor":44,"turns":2},{"damage":0,"enemies":"Flame Bruiser 2 Orb","floor":45,"turns":2},{"damage":1,"enemies":"Spire Growth","floor":47,"turns":3},{"damage":0,"enemies":"2 Orb Walkers","floor":48,"turns":2},{"damage":33,"enemies":"Awakened One","floor":50,"turns":7}],"seed_played":"8318791093423734901","potions_obtained":[{"floor":1,"key":"BloodPotion"},{"floor":5,"key":"Weak Potion"},{"floor":8,"key":"SkillPotion"},{"floor":10,"key":"Weak Potion"},{"floor":23,"key":"Strength Potion"},{"floor":25,"key":"BloodPotion"},{"floor":30,"key":"Fruit Juice"},{"floor":31,"key":"EssenceOfSteel"},{"floor":35,"key":"Ancient Potion"}],"is_trial":false,"path_per_floor":["M","M","$","M","M","R","M","M","T","E","?","?","?","E","R","B",null,"M","?","M","?","M","E","R","M","T","?","?","R","E","M","R","B",null,"M","?","M","$","M","R","M","M","T","?","M","R","M","E","R","B"],"character_chosen":"IRONCLAD","items_purchased":["Pen Nib","Shockwave","Body Slam+1","Twin Strike+1","Offering","Shrug It Off","Evolve","Flash of Steel+1","Sadistic Nature","ClockworkSouvenir","Matryoshka","GamblersBrew","Red Skull","SkillPotion","SteroidPotion"],"campfire_rested":5,"item_purchase_floors":[3,3,38,38,38,38,38,38,38,38,38,38,38,38,38],"current_hp_per_floor":[79,79,79,77,77,80,80,71,77,77,60,60,87,87,92,93,98,98,104,94,94,76,75,104,99,105,105,105,110,104,104,110,115,121,121,133,125,125,119,119,69,53,66,146,146,146,145,145,145,125],"gold":2179,"neow_bonus":"","is_prod":false,"is_daily":true,"chose_seed":false,"campfire_upgraded":0,"win_rate":0,"timestamp":1535612095,"path_taken":["M","M","?","M","M","R","M","M","T","E","?","?","?","E","R","BOSS","M","?","M","?","M","E","R","M","T","?","?","R","E","M","R","BOSS","M","?","M","$","M","R","M","M","T","?","M","R","M","E","R","BOSS"],"build_version":"2018-08-28","purchased_purges":1,"victory":true,"max_hp_per_floor":[80,80,80,80,80,80,80,80,86,86,86,86,92,92,92,98,98,98,104,104,104,104,104,104,104,110,110,110,110,110,110,110,121,121,121,133,133,133,133,133,133,133,146,146,146,146,146,146,146,152],"card_choices":[{"not_picked":["Perfected Strike","Warcry"],"picked":"Shrug It Off","floor":1},{"not_picked":["Clash","Headbutt"],"picked":"Sword Boomerang","floor":2},{"not_picked":["Clash","Warcry"],"picked":"True Grit","floor":4},{"not_picked":["Flex","Bloodletting"],"picked":"Power Through","floor":5},{"not_picked":["Clash","Flex"],"picked":"Cleave","floor":7},{"not_picked":["Flex","Anger"],"picked":"Exhume","floor":8},{"not_picked":["Clash+1","Warcry"],"picked":"Havoc","floor":10},{"not_picked":["Combust","Havoc"],"picked":"Perfected Strike+1","floor":14},{"not_picked":["Berserk","Bludgeon+1"],"picked":"Reaper+1","floor":16},{"not_picked":["Anger+1","Infernal Blade"],"picked":"Shockwave+1","floor":18},{"not_picked":["Perfected Strike+1","Headbutt+1"],"picked":"Sword Boomerang+1","floor":20},{"not_picked":["True Grit+1","Clash+1"],"picked":"Twin Strike+1","floor":22},{"not_picked":["Carnage+1","Body Slam+1"],"picked":"Armaments+1","floor":23},{"not_picked":["Thunderclap+1","Iron Wave+1"],"picked":"Flame Barrier","floor":25},{"not_picked":["Headbutt+1","Pommel Strike+1"],"picked":"Perfected Strike+1","floor":30},{"not_picked":["Twin Strike+1","Rupture+1"],"picked":"Shrug It Off","floor":31},{"not_picked":["Feed+1","Juggernaut"],"picked":"Barricade","floor":33},{"not_picked":["Searing Blow+2","Clash+1"],"picked":"Twin Strike+1","floor":35},{"not_picked":["Thunderclap+1","Anger+1"],"picked":"Shrug It Off+1","floor":37},{"not_picked":["Dual Wield+1","Rampage+1"],"picked":"Havoc","floor":39},{"not_picked":["Flex+1","Havoc"],"picked":"Perfected Strike+1","floor":41},{"not_picked":["Body Slam+1","Twin Strike+1"],"picked":"True Grit+1","floor":42},{"not_picked":["Inflame+1","Evolve+1"],"picked":"Heavy Blade+1","floor":44},{"not_picked":["Ghostly Armor","Disarm+1"],"picked":"Shrug It Off+1","floor":45},{"not_picked":["Rage+1","Disarm"],"picked":"Pommel Strike+1","floor":47},{"not_picked":["Anger+1","Thunderclap+1"],"picked":"Sever Soul+1","floor":48}],"player_experience":331604,"relics_obtained":[{"floor":9,"key":"Molten Egg 2"},{"floor":10,"key":"War Paint"},{"floor":14,"key":"MawBank"},{"floor":23,"key":"Juzu Bracelet"},{"floor":26,"key":"Meat on the Bone"},{"floor":30,"key":"Anchor"},{"floor":43,"key":"Strawberry"},{"floor":43,"key":"Art of War"},{"floor":44,"key":"Old Coin"},{"floor":48,"key":"Dead Branch"}],"event_choices":[{"event_name":"Shining Light","player_choice":"Entered Light","floor":11,"damage_taken":0},{"event_name":"Golden Wing","player_choice":"Gained Gold","floor":12,"damage_taken":0},{"event_name":"Mushrooms","player_choice":"Healed and dodged fight","floor":13,"damage_taken":0},{"event_name":"Forgotten Altar","player_choice":"Smashed Altar","floor":19,"damage_taken":0},{"event_name":"The Mausoleum","player_choice":"Yes","floor":21,"damage_taken":0},{"event_name":"Vampires","player_choice":"Ignored","floor":27,"damage_taken":0},{"event_name":"The Library","player_choice":"Read","floor":28,"damage_taken":0},{"event_name":"MindBloom","player_choice":"Gold","floor":36,"damage_taken":0},{"event_name":"Mysterious Sphere","player_choice":"Fight","floor":44,"damage_taken":0}],"is_beta":true,"boss_relics":[{"not_picked":["Ectoplasm","Astrolabe"],"picked":"Velvet Choker"},{"not_picked":["Mark of Pain","Tiny House"],"picked":"Coffee Dripper"}],"items_purged_floors":[38],"is_endless":false,"potions_floor_spawned":[1,5,8,10,23,25,30,31,35,44,47],"ascension_level":0}