{"gold_per_floor":[17,29,49,69,86,86,112,128,128,128,128,156,169,200,200,279,279,253,271,290,302,321,321,352,352,352,384,399,428,441,84,84,161,161,181,197,97,108,126,159,159,175,202,202,302,302,79,99,99,99,99,99,99,19,49,49],"floor_reached":56,"playtime":4257,"items_purged":["Strike_G","Strike_G"],"score":2105,"play_id":"b9fbf53b-fcaa-4567-9241-d1570610aa14","local_time":"20190422194553","is_ascension_mode":true,"campfire_choices":[{"data":"Bouncing Flask","floor":6.0,"key":"SMITH"},{"floor":10.0,"key":"REST"},{"data":"Catalyst","floor":15.0,"key":"SMITH"},{"data":"After Image","floor":23.0,"key":"SMITH"},{"data":"Deadly Poison","floor":25.0,"key":"SMITH"},{"data":"Crippling Poison","floor":32.0,"key":"SMITH"},{"floor":41.0,"key":"REST"},{"data":"Malaise","floor":44.0,"key":"SMITH"},{"data":"Noxious Fumes","floor":46.0,"key":"SMITH"},{"floor":49.0,"key":"RECALL"},{"floor":53.0,"key":"REST"}],"neow_cost":"NO_GOLD","seed_source_timestamp":67771212873186,"circlet_count":0,"master_deck":["AscendersBane","Defend_G","Defend_G","Defend_G","Defend_G","Defend_G","Strike_G","Survivor","Neutralize","Bouncing Flask+1","Flechettes","Backflip","Leg Sweep","Deadly Poison+1","After Image+1","Leg Sweep","Sucker Punch+1","Catalyst+1","Blade Dance+1","Die Die Die+1","Quick Slash+1","Backstab+1","Cloak And Dagger","Poisoned Stab+1","Blur+1","Predator+1","Deadly Poison+1","Leg Sweep","Crippling Poison+1","Acrobatics","Malaise+1","Deadly Poison+1","Adrenaline","Well Laid Plans+1","Noxious Fumes+1","Catalyst+1","Backstab+1","Acrobatics"],"special_seed":0,"relics":["Ring of the Snake","Dead Branch","Molten Egg 2","Mummified Hand","Bag of Preparation","Vajra","Velvet Choker","Calipers","Question Card","Letter Opener","Unceasing Top","Pantograph","Empty Cage","War Paint","Ginger","DollysMirror","Snake Skull"],"potions_floor_usage":[56],"damage_taken":[{"damage":0.0,"enemies":"2 Louse","floor":1.0,"turns":4.0},{"damage":0.0,"enemies":"Cultist","floor":2.0,"turns":3.0},{"damage":0.0,"enemies":"Small Slimes","floor":3.0,"turns":3.0},{"damage":13.0,"enemies":"3 Louse","floor":4.0,"turns":6.0},{"damage":7.0,"enemies":"2 Fungi Beasts","floor":5.0,"turns":5.0},{"damage":5.0,"enemies":"3 Sentries","floor":7.0,"turns":8.0},{"damage":9.0,"enemies":"Exordium Thugs","floor":8.0,"turns":5.0},{"damage":2.0,"enemies":"Lagavulin","floor":12.0,"turns":7.0},{"damage":3.0,"enemies":"Looter","floor":13.0,"turns":3.0},{"damage":0.0,"enemies":"Gremlin Nob","floor":14.0,"turns":3.0},{"damage":12.0,"enemies":"Hexaghost","floor":16.0,"turns":6.0},{"damage":8.0,"enemies":"2 Thieves","floor":18.0,"turns":4.0},{"damage":0.0,"enemies":"Shell Parasite","floor":19.0,"turns":5.0},{"damage":0.0,"enemies":"Snecko","floor":20.0,"turns":4.0},{"damage":4.0,"enemies":"Centurion and Healer","floor":21.0,"turns":5.0},{"damage":0.0,"enemies":"Snake Plant","floor":22.0,"turns":3.0},{"damage":0.0,"enemies":"Book of Stabbing","floor":24.0,"turns":5.0},{"damage":11.0,"enemies":"Slavers","floor":27.0,"turns":7.0},{"damage":0.0,"enemies":"Cultist and Chosen","floor":28.0,"turns":2.0},{"damage":0.0,"enemies":"Gremlin Leader","floor":29.0,"turns":3.0},{"damage":0.0,"enemies":"3 Cultists","floor":30.0,"turns":4.0},{"damage":30.0,"enemies":"Collector","floor":33.0,"turns":4.0},{"damage":0.0,"enemies":"3 Shapes","floor":35.0,"turns":6.0},{"damage":9.0,"enemies":"3 Darklings","floor":36.0,"turns":6.0},{"damage":6.0,"enemies":"4 Shapes","floor":38.0,"turns":3.0},{"damage":16.0,"enemies":"Spire Growth","floor":39.0,"turns":5.0},{"damage":24.0,"enemies":"Nemesis","floor":40.0,"turns":11.0},{"damage":0.0,"enemies":"3 Darklings","floor":42.0,"turns":5.0},{"damage":0.0,"enemies":"Mind Bloom Boss Battle","floor":45.0,"turns":6.0},{"damage":0.0,"enemies":"Jaw Worm Horde","floor":48.0,"turns":4.0},{"damage":43.0,"enemies":"Awakened One","floor":50.0,"turns":15.0},{"damage":33.0,"enemies":"Donu and Deca","floor":51.0,"turns":8.0},{"damage":47,"enemies":"Shield and Spear","floor":55,"turns":9},{"damage":64,"enemies":"The Heart","floor":56,"turns":3}],"seed_played":"-4551612133655546096","potions_obtained":[{"floor":1.0,"key":"Fire Potion"},{"floor":3.0,"key":"AttackPotion"},{"floor":8.0,"key":"GamblersBrew"},{"floor":13.0,"key":"Weak Potion"},{"floor":16.0,"key":"Energy Potion"},{"floor":24.0,"key":"Dexterity Potion"},{"floor":27.0,"key":"Fire Potion"},{"floor":28.0,"key":"Dexterity Potion"},{"floor":30.0,"key":"Energy Potion"},{"floor":55,"key":"Strength Potion"}],"is_trial":false,"path_per_floor":["M","M","M","M","M","R","E","M","T","R","?","E","M","E","R","B",null,"M","M","M","M","M","R","E","R","T","E","M","E","M","$","R","B",null,"M","M","$","M","M","E","R","M","T","R","?","R","$","M","R","B","B",null,"R","$","E","B"],"character_chosen":"THE_SILENT","items_purchased":["Pantograph","DollysMirror","FearPotion","Acrobatics"],"campfire_rested":3,"item_purchase_floors":[31,47,54,54],"current_hp_per_floor":[59,59,59,46,39,39,34,25,25,44,66,64,61,61,61,49,62,54,54,54,50,50,50,50,50,50,39,39,39,39,39,39,34,58,58,49,49,43,27,3,22,22,22,22,47,47,47,47,47,23,15,53,66,66,19,0],"gold":49,"neow_bonus":"ONE_RARE_RELIC","is_prod":false,"is_daily":false,"chose_seed":false,"campfire_upgraded":7,"win_rate":0,"timestamp":1555976753,"path_taken":["M","M","M","M","M","R","E","M","T","R","?","E","?","E","R","BOSS","M","?","M","M","M","R","E","R","T","E","M","E","M","$","R","BOSS","M","M","$","M","M","E","R","M","T","R","?","R","$","M","R","BOSS","BOSS","R","$","E","BOSS"],"build_version":"2019-01-23","purchased_purges":2,"victory":false,"max_hp_per_floor":[66,66,66,66,66,66,66,66,66,66,66,66,66,66,66,66,66,66,66,66,66,66,66,66,66,66,66,66,66,66,66,66,66,66,66,66,66,66,66,66,66,66,66,66,66,66,66,66,66,66,66,66,66,66,66,66],"card_choices":[{"not_picked":["Backflip","Quick Slash"],"picked":"Bouncing Flask","floor":1.0},{"not_picked":["Bane","Sucker Punch"],"picked":"Flechettes","floor":2.0},{"not_picked":["Dagger Throw","Tactician"],"picked":"Backflip","floor":3.0},{"not_picked":["Deadly Poison","Choke"],"picked":"Leg Sweep","floor":4.0},{"not_picked":["Heel Hook","Prepared"],"picked":"Deadly Poison","floor":5.0},{"not_picked":["Burst","Cloak And Dagger"],"picked":"After Image","floor":7.0},{"not_picked":["Backflip","Flying Knee+1"],"picked":"Leg Sweep","floor":8.0},{"not_picked":["Setup","Underhanded Strike+1"],"picked":"Sucker Punch+1","floor":12.0},{"not_picked":["Blade Dance","Backflip"],"picked":"Catalyst","floor":13.0},{"not_picked":["Unload+1","Expertise"],"picked":"Blade Dance","floor":14.0},{"not_picked":["Tools of the Trade","Unload+1"],"picked":"Die Die Die+1","floor":16.0},{"not_picked":["Sucker Punch+1","Bane+1"],"picked":"Quick Slash+1","floor":18.0},{"not_picked":["Poisoned Stab+1","Bane+1"],"picked":"Backstab+1","floor":19.0},{"not_picked":["Outmaneuver","Dagger Throw+1"],"picked":"Cloak And Dagger","floor":20.0},{"not_picked":["Blade Dance","Skewer+1"],"picked":"Poisoned Stab+1","floor":21.0},{"not_picked":["Reflex","Terror"],"picked":"Blur+1","floor":22.0},{"not_picked":["Endless Agony+1","Setup"],"picked":"Predator+1","floor":24.0},{"not_picked":["Quick Slash+1","Deflect","Slice+1"],"picked":"Deadly Poison","floor":27.0},{"not_picked":["Outmaneuver","Tactician","Storm of Steel"],"picked":"Leg Sweep","floor":28.0},{"not_picked":["PiercingWail","Slice+1","Acrobatics"],"picked":"Crippling Poison","floor":29.0},{"not_picked":["Bane+1","Concentrate","Deadly Poison"],"picked":"Acrobatics","floor":30.0},{"not_picked":["Grand Finale+1","Phantasmal Killer","Bullet Time"],"picked":"Malaise","floor":33.0},{"not_picked":["Deadly Poison","Poisoned Stab+1","Heel Hook+1","Choke+1"],"picked":"SKIP","floor":35.0},{"not_picked":["Escape Plan+1","Deflect","PiercingWail"],"picked":"Deadly Poison+1","floor":36.0},{"not_picked":["Slice+1","Distraction","Dagger Throw+1","Sucker Punch+1"],"picked":"SKIP","floor":38.0},{"not_picked":["Quick Slash+1","Prepared","Underhanded Strike+1"],"picked":"Adrenaline","floor":39.0},{"not_picked":["Envenom","Sucker Punch+1","Cloak And Dagger"],"picked":"Well Laid Plans+1","floor":40.0},{"not_picked":["Tactician","Underhanded Strike+1","Blade Dance","Sucker Punch+1"],"picked":"SKIP","floor":42.0},{"not_picked":["Prepared+1","Dagger Throw+1","PiercingWail"],"picked":"Noxious Fumes","floor":45.0},{"not_picked":["Deadly Poison","Unload+1","Escape Plan"],"picked":"Backstab+1","floor":48.0},{"not_picked":["Reflex+1","Prepared","Choke+1","Bane+1"],"picked":"SKIP","floor":55}],"player_experience":764305,"relics_obtained":[{"floor":7.0,"key":"Molten Egg 2"},{"floor":9.0,"key":"Mummified Hand"},{"floor":12.0,"key":"Bag of Preparation"},{"floor":14.0,"key":"Vajra"},{"floor":24.0,"key":"Calipers"},{"floor":26.0,"key":"Question Card"},{"floor":27.0,"key":"Letter Opener"},{"floor":29.0,"key":"Unceasing Top"},{"floor":40.0,"key":"War Paint"},{"floor":45.0,"key":"Ginger"},{"floor":55,"key":"Snake Skull"}],"event_choices":[{"damage_healed":22.0,"max_hp_gain":0.0,"max_hp_loss":0.0,"gold_gain":0.0,"event_name":"Wheel of Change","player_choice":"Full Heal","floor":11.0,"gold_loss":0.0,"damage_taken":0.0},{"damage_healed":0.0,"max_hp_gain":0.0,"max_hp_loss":0.0,"gold_gain":0.0,"event_name":"MindBloom","player_choice":"Fight","floor":45.0,"gold_loss":0.0,"damage_taken":0.0}],"is_beta":false,"boss_relics":[{"not_picked":["Calling Bell","WristBlade"],"picked":"Velvet Choker"},{"not_picked":["White Beast Statue","Cursed Key"],"picked":"Empty Cage"}],"items_purged_floors":[31,37],"is_endless":false,"potions_floor_spawned":[1,3,8,13,14,16,19,24,27,28,29,30,35,38,42,55],"killed_by":"The Heart","ascension_level":20}