{"gold_per_floor":[116,130,146,221,221,246,246,278,278,278,288,322,338,43,43,43],"floor_reached":16,"playtime":610,"items_purged":[],"score":156,"play_id":"60d727f8-99fb-49d0-bed7-ad6b8150b34a","local_time":"20190928073226","is_ascension_mode":true,"campfire_choices":[{"floor":10,"key":"REST"},{"floor":15,"key":"REST"}],"neow_cost":"NONE","seed_source_timestamp":1356070618453300,"circlet_count":0,"master_deck":["Strike_R","Strike_R","Strike_R","Strike_R","Strike_R","Defend_R","Defend_R","Defend_R","Defend_R","Bash","Iron Wave","Heavy Blade","Twin Strike","Pommel Strike","Flame Barrier","Carnage","Pummel","Rampage+1"],"relics":["Burning Blood","Anchor","Ancient Tea Set","Letter Opener","Lantern","Art of War","Molten Egg 2"],"potions_floor_usage":[6,12,16],"damage_taken":[{"damage":1,"enemies":"2 Louse","floor":1,"turns":2},{"damage":5,"enemies":"Cultist","floor":2,"turns":4},{"damage":0,"enemies":"Small Slimes","floor":3,"turns":5},{"damage":42,"enemies":"Lagavulin","floor":6,"turns":10},{"damage":35,"enemies":"Gremlin Nob","floor":8,"turns":5},{"damage":0,"enemies":"Exordium Wildlife","floor":11,"turns":4},{"damage":39,"enemies":"Lagavulin","floor":12,"turns":5},{"damage":0,"enemies":"Large Slime","floor":13,"turns":5},{"damage":79,"enemies":"Hexaghost","floor":16,"turns":10}],"seed_played":"1957916489505497551","potions_obtained":[{"floor":1,"key":"SkillPotion"},{"floor":3,"key":"Dexterity Potion"},{"floor":11,"key":"Swift Potion"}],"is_trial":false,"path_per_floor":["M","M","M","?","?","E","?","E","T","R","M","E","M","$","R","B"],"character_chosen":"IRONCLAD","items_purchased":["Molten Egg 2","Rampage+1"],"campfire_rested":2,"item_purchase_floors":[14,14],"current_hp_per_floor":[77,78,80,69,69,33,80,51,51,75,80,47,53,53,77,0],"gold":43,"neow_bonus":"RANDOM_COMMON_RELIC","is_prod":false,"is_daily":false,"chose_seed":false,"campfire_upgraded":0,"win_rate":0,"timestamp":1569670346,"path_taken":["M","M","M","?","?","E","?","E","T","R","?","E","M","$","R","BOSS"],"build_version":"2019-07-17","purchased_purges":0,"victory":false,"max_hp_per_floor":[80,80,80,80,80,80,80,80,80,80,80,80,80,80,80,80],"card_choices":[{"not_picked":["Clothesline","Hemokinesis"],"picked":"Flame Barrier","floor":1},{"not_picked":["Flex","Sword Boomerang"],"picked":"Iron Wave","floor":2},{"not_picked":["True Grit","Metallicize"],"picked":"Heavy Blade","floor":3},{"not_picked":["Juggernaut","Pommel Strike"],"picked":"Twin Strike","floor":6},{"not_picked":["Bloodletting","Shrug It Off"],"picked":"Pommel Strike","floor":8},{"not_picked":["Armaments","Hemokinesis"],"picked":"Flame Barrier","floor":11},{"not_picked":["Reckless Charge","Armaments"],"picked":"Carnage","floor":12},{"not_picked":["Flame Barrier","Havoc"],"picked":"Pummel","floor":13}],"player_experience":155980,"relics_obtained":[{"floor":6,"key":"Ancient Tea Set"},{"floor":8,"key":"Letter Opener"},{"floor":9,"key":"Lantern"},{"floor":12,"key":"Art of War"}],"event_choices":[{"damage_healed":0,"gold_gain":75,"player_choice":"Gather Gold","damage_taken":11,"max_hp_gain":0,"max_hp_loss":0,"event_name":"World of Goop","floor":4,"gold_loss":0},{"damage_healed":0,"gold_gain":0,"player_choice":"Ignored","damage_taken":0,"max_hp_gain":0,"max_hp_loss":0,"event_name":"Liars Game","floor":5,"gold_loss":0},{"cards_removed":["Flame Barrier"],"damage_healed":47,"gold_gain":0,"player_choice":"Offered Uncommon","damage_taken":0,"max_hp_gain":0,"max_hp_loss":0,"event_name":"Bonfire Elementals","floor":7,"gold_loss":0}],"is_beta":false,"boss_relics":[],"items_purged_floors":[],"is_endless":false,"potions_floor_spawned":[1,3,11],"killed_by":"Hexaghost","ascension_level":6}