{"gold_per_floor":[113,113,188,71,71,99,99,132,132,147,173,173,184,198,198,269,269,282,297,73,93,107,135,135,165,165,165,193,293,293,313,313,384,384,402,12,12,12,31,31,61,75,147,179,7,17,17,48,48,48],"floor_reached":51,"playtime":14971,"items_purged":["Strike_R"],"score":1535,"play_id":"12a47571-1f3e-4259-9f29-f0d23fcffa0e","local_time":"20190701010208","is_ascension_mode":true,"campfire_choices":[{"data":"Feel No Pain","floor":7.0,"key":"SMITH"},{"data":"Shockwave","floor":12.0,"key":"SMITH"},{"data":"Inflame","floor":15.0,"key":"SMITH"},{"floor":24,"key":"REST"},{"data":"Strike_R","floor":27,"key":"PURGE"},{"data":"Strike_R","floor":30,"key":"PURGE"},{"data":"Strike_R","floor":32,"key":"PURGE"},{"data":"Defend_R","floor":40,"key":"PURGE"},{"data":"Barricade","floor":47,"key":"SMITH"},{"floor":49,"key":"REST"}],"neow_cost":"NONE","seed_source_timestamp":0,"circlet_count":0,"master_deck":["AscendersBane","Defend_R","Defend_R","Defend_R","Bash+1","Disarm","Feel No Pain+1","Inflame+1","Shockwave+1","Shrug It Off","Pummel","Reaper","Disarm","Warcry","Infernal Blade","Clothesline","Feed","Flame Barrier","Corruption","Sentinel","Ghostly Armor","Apotheosis","Feel No Pain","Seeing Red","Shrug It Off","Flame Barrier","Clothesline+1","Heavy Blade","Reaper","Cleave+1","Cleave+1","Bludgeon","Pommel Strike","Bludgeon","Body Slam","Reaper","Ghostly Armor+1","Barricade+1","Body Slam+1","Double Tap"],"special_seed":0,"relics":["Burning Blood","NeowsBlessing","Prayer Wheel","Ginger","Strawberry","Anchor","Mark of Pain","Peace Pipe","Potion Belt","Red Skull","Oddly Smooth Stone","Torii","Shuriken","Velvet Choker","Strange Spoon","Boot","Molten Egg 2","Blue Candle","Bottled Lightning"],"potions_floor_usage":[16,16,16,21,22,23,25,41,41,50],"damage_taken":[{"damage":0.0,"enemies":"Cultist","floor":1.0,"turns":1.0},{"damage":0.0,"enemies":"Gremlin Nob","floor":6.0,"turns":1.0},{"damage":0.0,"enemies":"Lagavulin","floor":8.0,"turns":1.0},{"damage":0.0,"enemies":"Small Slimes","floor":10.0,"turns":4.0},{"damage":34.0,"enemies":"Gremlin Nob","floor":11.0,"turns":5.0},{"damage":0.0,"enemies":"2 Louse","floor":13.0,"turns":3.0},{"damage":22.0,"enemies":"Lots of Slimes","floor":14.0,"turns":5.0},{"damage":30,"enemies":"Slime Boss","floor":16,"turns":12},{"damage":5,"enemies":"Shell Parasite","floor":18,"turns":5},{"damage":16,"enemies":"Spheric Guardian","floor":19,"turns":8},{"damage":18,"enemies":"3 Cultists","floor":21,"turns":6},{"damage":11,"enemies":"Centurion and Healer","floor":22,"turns":10},{"damage":52,"enemies":"Gremlin Leader","floor":23,"turns":11},{"damage":5,"enemies":"Book of Stabbing","floor":25,"turns":10},{"damage":7,"enemies":"Gremlin Leader","floor":28,"turns":6},{"damage":24,"enemies":"Colosseum Slavers","floor":29,"turns":11},{"damage":57,"enemies":"Colosseum Nobs","floor":29,"turns":7},{"damage":3,"enemies":"Snake Plant","floor":31,"turns":7},{"damage":59,"enemies":"Champ","floor":33,"turns":10},{"damage":10,"enemies":"3 Darklings","floor":35,"turns":5},{"damage":0,"enemies":"3 Shapes","floor":39,"turns":6},{"damage":48,"enemies":"Giant Head","floor":41,"turns":9},{"damage":26,"enemies":"3 Darklings","floor":42,"turns":6},{"damage":21,"enemies":"Nemesis","floor":44,"turns":7},{"damage":10,"enemies":"Maw","floor":46,"turns":8},{"damage":99,"enemies":"Giant Head","floor":48,"turns":12},{"damage":42,"enemies":"Time Eater","floor":50,"turns":14}],"seed_played":"-8682726472491806708","potions_obtained":[{"floor":1.0,"key":"Dexterity Potion"},{"floor":5.0,"key":"Block Potion"},{"floor":11.0,"key":"EntropicBrew"},{"floor":13.0,"key":"EntropicBrew"},{"floor":16,"key":"Ancient Potion"},{"floor":19,"key":"PowerPotion"},{"floor":21,"key":"EssenceOfSteel"},{"floor":23,"key":"EssenceOfSteel"},{"floor":29,"key":"Fire Potion"},{"floor":39,"key":"SteroidPotion"},{"floor":46,"key":"Weak Potion"}],"is_trial":false,"path_per_floor":["M","?","?","$","?","E","R","E","T","M","E","R","M","M","R","B",null,"M","M","$","M","M","E","R","E","T","R","E","?","R","M","R","B",null,"M","$","?","?","M","R","E","M","T","E","$","M","R","E","R","B",null],"character_chosen":"IRONCLAD","items_purchased":["Feel No Pain","Apotheosis","Feel No Pain","Strange Spoon","Bludgeon","Barricade"],"campfire_rested":2,"item_purchase_floors":[4,20,20,36,36,45],"current_hp_per_floor":[74,74,63,63,63,69,69,75,82,82,54,54,72,74,74,64,78,82,75,75,67,76,49,77,82,82,82,85,72,72,83,83,40,97,103,103,103,103,116,116,74,95,95,80,80,106,106,57,93,93],"gold":48,"neow_bonus":"THREE_ENEMY_KILL","is_prod":false,"is_daily":false,"chose_seed":false,"campfire_upgraded":4,"win_rate":0,"timestamp":1561960928,"path_taken":["M","?","?","$","?","E","R","E","T","M","E","R","M","M","R","BOSS","M","M","?","M","M","E","R","E","T","R","E","?","R","M","R","BOSS","M","$","?","?","?","R","E","M","T","E","$","M","R","E","R","BOSS"],"build_version":"2019-01-23","purchased_purges":1,"victory":true,"max_hp_per_floor":[75,75,75,75,75,75,75,75,82,82,82,82,82,82,82,82,82,85,88,88,92,96,96,96,100,100,100,104,112,112,116,116,116,116,116,116,116,116,116,116,116,116,116,116,116,116,116,120,120,120],"card_choices":[{"not_picked":["Wild Strike","Thunderclap"],"picked":"Disarm","floor":1.0},{"not_picked":["Fire Breathing","Thunderclap"],"picked":"Inflame","floor":6.0},{"not_picked":["Pommel Strike","Power Through"],"picked":"Shockwave","floor":8.0},{"not_picked":["Searing Blow","Pommel Strike"],"picked":"Shrug It Off","floor":10.0},{"not_picked":["Power Through","Pommel Strike"],"picked":"Pummel","floor":10.0},{"not_picked":["Sword Boomerang","Infernal Blade"],"picked":"Reaper","floor":11.0},{"not_picked":["Rupture","Dual Wield"],"picked":"Disarm","floor":13.0},{"not_picked":["Clash","Rupture"],"picked":"Warcry","floor":13.0},{"not_picked":["Body Slam","Pommel Strike"],"picked":"Infernal Blade","floor":14.0},{"not_picked":["Warcry","Rage"],"picked":"Clothesline","floor":14.0},{"not_picked":["Limit Break","Bludgeon"],"picked":"Feed","floor":16},{"not_picked":["Fire Breathing","True Grit"],"picked":"Flame Barrier","floor":18},{"not_picked":["Sentinel","Entrench"],"picked":"Corruption","floor":18},{"not_picked":["Seeing Red","Rupture"],"picked":"Sentinel","floor":19},{"not_picked":["Shrug It Off","True Grit"],"picked":"Ghostly Armor","floor":19},{"not_picked":["Thunderclap","Perfected Strike"],"picked":"Seeing Red","floor":21},{"not_picked":["Flex","Combust"],"picked":"Shrug It Off","floor":21},{"not_picked":["Second Wind","Reckless Charge"],"picked":"Flame Barrier","floor":22},{"not_picked":["Dual Wield","Dropkick"],"picked":"Clothesline+1","floor":22},{"not_picked":["Armaments","Rupture"],"picked":"Heavy Blade","floor":23},{"not_picked":["Havoc","Sword Boomerang","Second Wind"],"picked":"SKIP","floor":25},{"not_picked":["Fire Breathing+1","Thunderclap+1"],"picked":"Reaper","floor":28},{"not_picked":["Shrug It Off","Rage+1"],"picked":"Cleave+1","floor":29},{"not_picked":["Headbutt","Evolve"],"picked":"Cleave+1","floor":31},{"not_picked":["Inflame","Corruption+1"],"picked":"Bludgeon","floor":31},{"not_picked":["Fiend Fire","Offering"],"picked":"Exhume","floor":33},{"not_picked":["Armaments","Evolve"],"picked":"Pommel Strike","floor":35},{"not_picked":["Clash+1","Iron Wave","Anger+1"],"picked":"SKIP","floor":35},{"not_picked":["Cleave","Clash"],"picked":"Body Slam","floor":39},{"not_picked":["Cleave+1","Burning Pact","Thunderclap"],"picked":"SKIP","floor":39},{"not_picked":["Dropkick","Shrug It Off"],"picked":"Reaper","floor":41},{"not_picked":["Intimidate","Seeing Red"],"picked":"Ghostly Armor+1","floor":42},{"not_picked":["Combust","Cleave","Wild Strike"],"picked":"SKIP","floor":42},{"not_picked":["Rampage+1","Twin Strike+1","Clash+1"],"picked":"SKIP","floor":44},{"not_picked":["Wild Strike+1","Corruption"],"picked":"Body Slam+1","floor":46},{"not_picked":["Rampage+1","Armaments","Flex"],"picked":"SKIP","floor":46},{"not_picked":["Infernal Blade","Second Wind"],"picked":"Double Tap","floor":48}],"player_experience":1444603,"relics_obtained":[{"floor":6.0,"key":"Prayer Wheel"},{"floor":8.0,"key":"Ginger"},{"floor":9.0,"key":"Strawberry"},{"floor":11.0,"key":"Anchor"},{"floor":23,"key":"Peace Pipe"},{"floor":25,"key":"Potion Belt"},{"floor":26,"key":"Red Skull"},{"floor":28,"key":"Oddly Smooth Stone"},{"floor":29,"key":"Torii"},{"floor":29,"key":"Shuriken"},{"floor":41,"key":"Boot"},{"floor":43,"key":"Molten Egg 2"},{"floor":44,"key":"Blue Candle"},{"floor":48,"key":"Bottled Lightning"}],"event_choices":[{"damage_healed":0.0,"max_hp_gain":0.0,"max_hp_loss":0.0,"gold_gain":0.0,"event_name":"Living Wall","player_choice":"Grow","floor":2.0,"gold_loss":0.0,"damage_taken":0.0,"cards_upgraded":["Bash"]},{"damage_healed":0.0,"max_hp_gain":0.0,"max_hp_loss":0.0,"gold_gain":75.0,"event_name":"World of Goop","player_choice":"Gather Gold","floor":3.0,"gold_loss":0.0,"damage_taken":11.0},{"damage_healed":0.0,"max_hp_gain":0.0,"max_hp_loss":0.0,"gold_gain":0.0,"event_name":"Lab","player_choice":"Got Potions","floor":5.0,"gold_loss":0.0,"damage_taken":0.0},{"damage_healed":0,"gold_gain":0,"player_choice":"Fight","damage_taken":0,"max_hp_gain":0,"max_hp_loss":0,"event_name":"Colosseum","floor":29,"gold_loss":0},{"damage_healed":0,"gold_gain":0,"player_choice":"Fought Nobs","damage_taken":0,"max_hp_gain":0,"max_hp_loss":0,"event_name":"Colosseum","floor":29,"gold_loss":0},{"cards_removed":["Exhume"],"damage_healed":0,"gold_gain":0,"player_choice":"Removed Skill","damage_taken":0,"max_hp_gain":0,"max_hp_loss":0,"event_name":"Falling","floor":37,"gold_loss":0},{"cards_removed":["Strike_R"],"damage_healed":0,"gold_gain":0,"player_choice":"Purged","damage_taken":0,"max_hp_gain":0,"max_hp_loss":0,"event_name":"Purifier","floor":38,"gold_loss":0}],"is_beta":false,"boss_relics":[{"not_picked":["Busted Crown","Runic Dome"],"picked":"Mark of Pain"},{"not_picked":["Cursed Key","Sozu"],"picked":"Velvet Choker"}],"items_purged_floors":[4],"is_endless":false,"potions_floor_spawned":[1,11,13,16,19,21,23,29,39,46],"ascension_level":16}