{"gold_per_floor":[144,189,241,241,241,331,331,376,376,376,466,416,37,82,82,382,382,427,427,472,143,143,233,278,278,303,348,438,438,483,528,528,828,828,873,918,522,567,46,46,136,136,186,198,66,123,135],"floor_reached":47,"playtime":1998,"items_purged":[],"score":728,"play_id":"df302dfe-e1ee-4868-8bea-8b508c2fed0d","local_time":"20180809142432","daily_mods":["Insanity","Midas","Lethality"],"is_ascension_mode":false,"campfire_choices":[{"floor":7,"key":"REST"},{"floor":15,"key":"REST"},{"floor":29,"key":"REST"},{"floor":32,"key":"REST"},{"floor":40,"key":"REST"}],"neow_cost":"","seed_source_timestamp":0,"circlet_count":0,"master_deck":["Compile Driver","White Noise","Dualcast","Recycle","Loop","Cold Snap","Chill","Turbo","Cold Snap+1","Glacier","Rainbow+1","Chill","Steam Power","Barrage","Force Field","Consume","Undo","Steam","Redo","Blizzard","Amplify","Sunder","Recycle","Defend_B","Strike_B","Reinforced Body","Fission","Steam","Go for the Eyes","Stack","Skim","Heatsinks","Melter","Hyperbeam","Undo","White Noise","Aggregate","Creative AI","Barrage","Lockon","Doom and Gloom","Turbo","Coolheaded","Leap","Scrape","Ball Lightning","Doom and Gloom","Steam Power","FTL","Hologram","Gash","Beam Cell","Steam Power","Defragment","Hologram","Core Surge","FTL","Conserve Battery+1","Ball Lightning","Storm","Storm","Ghostly","Ghostly","Ghostly","Ghostly","Ghostly","Melter+1","Compile Driver+1","Normality","Blizzard","Heatsinks+1","Glacier+1","Ball Lightning","Echo Form","Hologram+1","Capacitor","Conserve Battery+1","Heatsinks","Cold Snap+1","Chill+1","Gash+1","Sunder+1","Capacitor","Cold Snap+1","Enlightenment+1","Blind+1","Secret Technique+1","Leap+1","Skim+1"],"special_seed":17752,"relics":["FrozenCore","Regal Pillow","DataDisk","Pantograph","Bronze Scales","OrangePellets","Cursed Key","DollysMirror","Toxic Egg 2","Enchiridion","Lantern","Omamori","Molten Egg 2","Chemical X","Bag of Preparation","Cables","MawBank","Bird Faced Urn","The Courier"],"potions_floor_usage":[6,6,11,16,33,33,33],"damage_taken":[{"damage":10,"enemies":"Jaw Worm","floor":1,"turns":2},{"damage":0,"enemies":"Small Slimes","floor":2,"turns":2},{"damage":0,"enemies":"Gremlin Nob","floor":6,"turns":2},{"damage":0,"enemies":"Cultist","floor":8,"turns":2},{"damage":9,"enemies":"3 Sentries","floor":11,"turns":4},{"damage":0,"enemies":"Lots of Slimes","floor":14,"turns":1},{"damage":37,"enemies":"Hexaghost","floor":16,"turns":4},{"damage":11,"enemies":"3 Byrds","floor":18,"turns":2},{"damage":17,"enemies":"2 Thieves","floor":20,"turns":3},{"damage":3,"enemies":"Gremlin Leader","floor":23,"turns":4},{"damage":2,"enemies":"Snecko","floor":24,"turns":4},{"damage":0,"enemies":"Snake Plant","floor":27,"turns":3},{"damage":12,"enemies":"Slavers","floor":28,"turns":4},{"damage":13,"enemies":"Cultist and Chosen","floor":30,"turns":3},{"damage":8,"enemies":"Centurion and Healer","floor":31,"turns":4},{"damage":0,"enemies":"Automaton","floor":33,"turns":7},{"damage":0,"enemies":"Flame Bruiser 1 Orb","floor":35,"turns":6},{"damage":1,"enemies":"Orb Walker","floor":36,"turns":3},{"damage":0,"enemies":"Maw","floor":38,"turns":6},{"damage":0,"enemies":"Nemesis","floor":41,"turns":11},{"damage":0,"floor":44,"turns":5},{"damage":0,"enemies":"Jaw Worm Horde","floor":46,"turns":2},{"damage":44,"enemies":"Transient","floor":47,"turns":3}],"seed_played":"-5890948259059833138","potions_obtained":[{"floor":2,"key":"Fire Potion"},{"floor":4,"key":"Dexterity Potion"},{"floor":4,"key":"Fruit Juice"},{"floor":6,"key":"Explosive Potion"},{"floor":14,"key":"SteroidPotion"},{"floor":18,"key":"FocusPotion"},{"floor":33,"key":"Fire Potion"},{"floor":35,"key":"LiquidBronze"},{"floor":36,"key":"Strength Potion"},{"floor":44,"key":"Dexterity Potion"}],"is_trial":false,"path_per_floor":["M","M","?","?","?","E","R","M","T","?","E","?","$","M","R","B",null,"M","?","M","$","?","E","M","?","T","M","E","R","M","M","R","B",null,"M","M","$","M","$","R","E","?","T","?","?","M"],"character_chosen":"DEFECT","items_purchased":["OrangePellets","Defragment","Hologram","FocusPotion","Ball Lightning","Storm","DollysMirror","Molten Egg 2","Conserve Battery+1","Heatsinks","Cold Snap+1","Chemical X","Bag of Preparation","Gash+1","Sunder+1","Capacitor"],"campfire_rested":5,"item_purchase_floors":[13,13,13,13,21,21,21,37,37,37,37,39,39,39,39,39],"current_hp_per_floor":[65,65,65,65,65,70,80,80,80,64,55,55,55,55,80,43,80,69,69,52,52,40,37,35,19,19,19,7,34,21,13,40,40,40,40,39,39,39,39,40,40,30,30,40,40,40,0],"gold":135,"neow_bonus":"","is_prod":false,"is_daily":true,"chose_seed":false,"campfire_upgraded":0,"win_rate":0,"timestamp":1533799472,"path_taken":["M","M","?","?","?","E","R","M","T","?","E","?","$","M","R","BOSS","M","?","M","$","?","E","M","?","T","M","E","R","?","M","R","BOSS","M","M","$","M","$","R","E","?","T","?","?","M","M"],"build_version":"2018-08-07v3","purchased_purges":0,"victory":false,"max_hp_per_floor":[75,75,75,75,75,80,80,80,80,80,80,80,80,80,80,80,80,80,80,80,80,40,40,40,40,40,40,40,40,40,40,40,40,40,40,40,40,40,40,40,40,40,40,40,40,40,40],"card_choices":[{"not_picked":["Gash","Hologram"],"picked":"FTL","floor":1},{"not_picked":["Loop","Tempest"],"picked":"Hologram","floor":2},{"not_picked":["Consume","Undo"],"picked":"Gash","floor":6},{"not_picked":["Coolheaded","Hyperbeam"],"picked":"Beam Cell","floor":8},{"not_picked":["Compile Driver","Stack"],"picked":"Steam Power","floor":11},{"not_picked":["Double Energy","Streamline","Steam"],"picked":"SKIP","floor":14},{"not_picked":["Amplify","Machine Learning"],"picked":"Core Surge","floor":16},{"not_picked":["Stack","Self Repair+1"],"picked":"FTL","floor":18},{"not_picked":["Chill","Consume"],"picked":"Conserve Battery+1","floor":20},{"not_picked":["Fusion","Coolheaded"],"picked":"Melter+1","floor":23},{"not_picked":["Barrage","Steam+1"],"picked":"Compile Driver+1","floor":24},{"not_picked":["Coolheaded+1","Sweeping Beam"],"picked":"Blizzard","floor":27},{"not_picked":["Self Repair","Fusion+1"],"picked":"Heatsinks+1","floor":28},{"not_picked":["Double Energy+1","Ball Lightning"],"picked":"Glacier+1","floor":30},{"not_picked":["Redo+1","Blizzard"],"picked":"Ball Lightning","floor":31},{"not_picked":["Meteor Strike","Thunder Strike"],"picked":"Echo Form","floor":33},{"not_picked":["Scrape+1","Rip and Tear+1"],"picked":"Hologram+1","floor":35},{"not_picked":["Rebound+1","Force Field+1"],"picked":"Capacitor","floor":36},{"not_picked":["Sweeping Beam+1","Melter+1"],"picked":"Chill+1","floor":38},{"not_picked":["Static Discharge","Self Repair+1"],"picked":"Cold Snap+1","floor":41},{"not_picked":["Swift Strike+1","Dark Shackles+1"],"picked":"Enlightenment+1","floor":42},{"not_picked":["Forethought+1","Panacea+1"],"picked":"Blind+1","floor":42},{"not_picked":["Enlightenment+1","Forethought+1"],"picked":"Secret Technique+1","floor":42},{"not_picked":["Melter+1","Doom and Gloom+1"],"picked":"Leap+1","floor":44},{"not_picked":["Leap+1","Sweeping Beam+1"],"picked":"Skim+1","floor":46}],"player_experience":289520,"relics_obtained":[{"floor":6,"key":"DataDisk"},{"floor":9,"key":"Pantograph"},{"floor":11,"key":"Bronze Scales"},{"floor":23,"key":"Toxic Egg 2"},{"floor":25,"key":"Enchiridion"},{"floor":26,"key":"Lantern"},{"floor":28,"key":"Omamori"},{"floor":41,"key":"Cables"},{"floor":43,"key":"MawBank"},{"floor":44,"key":"Bird Faced Urn"}],"event_choices":[{"event_name":"Golden Wing","player_choice":"Gained Gold","floor":3,"damage_taken":0},{"event_name":"The Lab","player_choice":"Got Potions","floor":4,"damage_taken":0},{"event_name":"Accursed Blacksmith","player_choice":"Rummage","floor":5,"damage_taken":0},{"event_name":"Shining Light","player_choice":"Entered Light","floor":10,"damage_taken":0},{"event_name":"The Cleric","player_choice":"Card Removal","floor":12,"damage_taken":0},{"event_name":"Purifier","player_choice":"One Purge","floor":19,"damage_taken":0},{"event_name":"Ghosts","player_choice":"Became a Ghost","floor":22,"damage_taken":0},{"event_name":"Cursed Tome","player_choice":"Obtained Book","floor":25,"damage_taken":0},{"event_name":"SensoryStone","player_choice":"Memory 3","floor":42,"damage_taken":0},{"event_name":"MindBloom","player_choice":"Fight","floor":44,"damage_taken":0},{"event_name":"WeMeetAgain","player_choice":"Gold","floor":45,"damage_taken":0}],"is_beta":true,"boss_relics":[{"not_picked":["Fusion Hammer","Runic Dome"],"picked":"Cursed Key"},{"not_picked":["Snecko Eye","Orrery"],"picked":"FrozenCore"}],"items_purged_floors":[],"is_endless":false,"potions_floor_spawned":[2,6,14,18,23,31,33,35,36,44,46],"killed_by":"Transient","ascension_level":0}