{"gold_per_floor":[117,16,27,44,61,89,107,122,192,192,222,233,153,172,172,277,327,346,331,331,331,341,341,354,354,354,104,104,104,123,135,135,135],"floor_reached":33,"playtime":3642,"items_purged":["Strike_R"],"score":263,"play_id":"cd403127-2180-4ffb-a009-d8a74f284d6b","local_time":"20190930165200","is_ascension_mode":false,"campfire_choices":[{"data":"Perfected Strike","floor":15.0,"key":"SMITH"},{"data":"Demon Form","floor":23.0,"key":"SMITH"},{"data":"Perfected Strike","floor":25.0,"key":"SMITH"},{"data":"Apotheosis","floor":32,"key":"SMITH"}],"neow_cost":"NONE","seed_source_timestamp":0,"circlet_count":0,"master_deck":["Strike_R","Strike_R","Strike_R","Strike_R","Defend_R+1","Defend_R","Defend_R","Defend_R","Bash","Perfected Strike+1","Clash","Flex","Thunderclap","Feel No Pain","Thunderclap","Infernal Blade+1","Burning Pact","Warcry","Perfected Strike+1","Fire Breathing","Rampage","Demon Form+1","Pommel Strike","Ghostly Armor","Twin Strike","Necronomicurse","Metallicize","True Grit+1","Apotheosis+1","Armaments+1"],"special_seed":0,"relics":["Burning Blood","NeowsBlessing","Gremlin Horn","Bottled Lightning","Oddly Smooth Stone","Tiny House","Necronomicon","Bottled Tornado"],"potions_floor_usage":[33,33,33],"damage_taken":[{"damage":0.0,"enemies":"2 Louse","floor":1.0,"turns":2.0},{"damage":0.0,"enemies":"Cultist","floor":3.0,"turns":1.0},{"damage":0.0,"enemies":"Jaw Worm","floor":4.0,"turns":1.0},{"damage":10.0,"enemies":"Looter","floor":5.0,"turns":3.0},{"damage":27.0,"enemies":"Lagavulin","floor":6.0,"turns":5.0},{"damage":0.0,"enemies":"Exordium Thugs","floor":7.0,"turns":3.0},{"damage":7.0,"enemies":"Blue Slaver","floor":8.0,"turns":2.0},{"damage":14.0,"enemies":"3 Sentries","floor":11.0,"turns":8.0},{"damage":1.0,"enemies":"Red Slaver","floor":12.0,"turns":2.0},{"damage":0.0,"enemies":"Large Slime","floor":14.0,"turns":3.0},{"damage":64.0,"enemies":"The Guardian","floor":16.0,"turns":10.0},{"damage":17.0,"enemies":"Chosen","floor":18.0,"turns":5.0},{"damage":2.0,"enemies":"2 Thieves","floor":19.0,"turns":4.0},{"damage":33.0,"enemies":"Centurion and Healer","floor":22.0,"turns":5.0},{"damage":6.0,"enemies":"Shelled Parasite and Fungi","floor":24.0,"turns":2.0},{"damage":31,"enemies":"Cultist and Chosen","floor":30,"turns":7},{"damage":25,"enemies":"3 Cultists","floor":31,"turns":6},{"damage":57,"enemies":"Collector","floor":33,"turns":7}],"seed_played":"-2535747728380910380","potions_obtained":[{"floor":4.0,"key":"Regen Potion"},{"floor":5.0,"key":"Ancient Potion"},{"floor":7.0,"key":"Weak Potion"},{"floor":16.0,"key":"Block Potion"},{"floor":17.0,"key":"AttackPotion"},{"floor":18.0,"key":"Dexterity Potion"},{"floor":22.0,"key":"FearPotion"},{"floor":30,"key":"GamblersBrew"}],"is_trial":false,"path_per_floor":["M","$","M","M","M","E","M","M","T","?","E","M","$","M","R","B",null,"M","M","?","?","M","R","M","R","T","$","?","$","M","M","R","B"],"character_chosen":"IRONCLAD","items_purchased":["Clash","Flex","Fire Breathing","Apotheosis"],"campfire_rested":0,"item_purchase_floors":[2,2,13,27],"current_hp_per_floor":[80,80,80,80,76,55,61,60,60,60,52,57,57,63,63,20,85,74,78,62,62,35,35,35,35,35,35,85,85,60,41,41,0],"gold":135,"neow_bonus":"THREE_ENEMY_KILL","is_prod":false,"is_daily":false,"chose_seed":false,"campfire_upgraded":4,"win_rate":0.0,"timestamp":1569833520,"path_taken":["M","$","M","M","M","E","M","M","T","?","E","M","$","?","R","BOSS","M","M","?","?","M","R","M","R","T","$","?","$","M","M","R","BOSS"],"build_version":"2019-07-17","purchased_purges":1,"victory":false,"max_hp_per_floor":[80,80,80,80,80,80,80,80,80,80,80,80,80,80,80,80,85,85,85,85,85,85,85,85,85,85,85,85,85,85,85,85,85],"card_choices":[{"not_picked":["Heavy Blade","Metallicize"],"picked":"Perfected Strike","floor":1.0},{"not_picked":["Clothesline","Shrug It Off"],"picked":"Disarm","floor":3.0},{"not_picked":["Searing Blow","Twin Strike"],"picked":"Thunderclap","floor":4.0},{"not_picked":["Pommel Strike","Intimidate"],"picked":"Feel No Pain","floor":5.0},{"not_picked":["Pommel Strike","Sever Soul"],"picked":"Thunderclap","floor":6.0},{"not_picked":["Anger","Entrench"],"picked":"Infernal Blade","floor":7.0},{"not_picked":["Fiend Fire","Body Slam"],"picked":"Burning Pact","floor":8.0},{"not_picked":["Searing Blow","Thunderclap"],"picked":"Warcry","floor":11.0},{"not_picked":["Sword Boomerang","Clash"],"picked":"Perfected Strike","floor":12.0},{"not_picked":["Clash","Corruption"],"picked":"Rampage","floor":14.0},{"not_picked":["Limit Break","Barricade"],"picked":"Demon Form","floor":16.0},{"not_picked":["Clash","Anger"],"picked":"Pommel Strike","floor":17.0},{"not_picked":["Dual Wield","Cleave"],"picked":"Ghostly Armor","floor":18.0},{"not_picked":["Carnage","Warcry"],"picked":"Twin Strike","floor":19.0},{"not_picked":["Sword Boomerang","Carnage+1","Anger+1"],"picked":"SKIP","floor":22.0},{"not_picked":["Sword Boomerang+1","Clothesline"],"picked":"True Grit+1","floor":24.0},{"not_picked":["Power Through","Blood for Blood"],"picked":"Armaments+1","floor":30},{"not_picked":["True Grit","Heavy Blade","Inflame"],"picked":"SKIP","floor":31}],"player_experience":46948,"relics_obtained":[{"floor":6.0,"key":"Gremlin Horn"},{"floor":9.0,"key":"Bottled Lightning"},{"floor":11.0,"key":"Oddly Smooth Stone"},{"floor":20.0,"key":"Necronomicon"},{"floor":26.0,"key":"Bottled Tornado"}],"event_choices":[{"damage_healed":0.0,"max_hp_gain":0.0,"max_hp_loss":0.0,"gold_gain":0.0,"event_name":"Upgrade Shrine","player_choice":"Upgraded","floor":10.0,"gold_loss":0.0,"damage_taken":0.0,"cards_upgraded":["Infernal Blade"]},{"damage_healed":0.0,"max_hp_gain":0.0,"max_hp_loss":0.0,"gold_gain":0.0,"event_name":"Cursed Tome","player_choice":"Obtained Book","floor":20.0,"gold_loss":0.0,"damage_taken":16.0},{"damage_healed":0.0,"max_hp_gain":0.0,"max_hp_loss":0.0,"gold_gain":0.0,"event_name":"The Library","player_choice":"Read","floor":21.0,"gold_loss":0.0,"damage_taken":0.0,"cards_obtained":["Metallicize"]},{"cards_removed":["Disarm"],"damage_healed":50.0,"max_hp_gain":0.0,"max_hp_loss":0.0,"gold_gain":0.0,"event_name":"Bonfire Elementals","player_choice":"Offered Uncommon","floor":28.0,"gold_loss":0.0,"damage_taken":0.0}],"is_beta":false,"boss_relics":[{"not_picked":["White Beast Statue","Pandora\u0027s Box"],"picked":"Tiny House"}],"items_purged_floors":[27],"is_endless":false,"potions_floor_spawned":[4,5,7,8,16,18,22,30],"killed_by":"Collector","ascension_level":0}