{"gold_per_floor":[114,129,144,144,163,201,201,239,289,308,346,63,63,82,82,207,207,226,246,265,284,303,341,341,379,379,379,379,417,417,74,74,199,199,218,237,262,262,262,262,300,80,80,118,137,175,194,532,532,532],"floor_reached":51,"playtime":2192,"items_purged":["Defend_B","Pain"],"score":1493,"play_id":"b4bd95da-d1c0-4767-bfa3-10fe877ae789","local_time":"20180630080218","daily_mods":["Heirloom","Cursed Run","Terminal"],"is_ascension_mode":false,"campfire_choices":[{"data":"Beam Cell","floor":7,"key":"SMITH"},{"data":"FTL","floor":13,"key":"SMITH"},{"data":"Sunder","floor":15,"key":"SMITH"},{"data":"Hyperbeam","floor":24,"key":"SMITH"},{"data":"Hologram","floor":28,"key":"SMITH"},{"data":"Apotheosis","floor":32,"key":"SMITH"},{"data":"Seek","floor":40,"key":"SMITH"},{"floor":49,"key":"REST"}],"neow_cost":"","seed_source_timestamp":0,"circlet_count":0,"master_deck":["Strike_B","Strike_B","Strike_B","Strike_B","Defend_B","Defend_B","Defend_B","Zap","Dualcast","Conserve Battery","Beam Cell+1","FTL+1","Auto Shields","Sunder+1","Parasite","Cold Snap","Finesse","Pain","Hyperbeam+1","Hologram+1","Steam Power","Sweeping Beam","Leap+1","Decay","Doubt","BootSequence","Apotheosis+1","Clumsy","Seek+1","Madness","Madness","Aggregate","Gash","Injury","Reprogram+1","Double Energy","Skim+1","Writhe"],"special_seed":17712,"relics":["Cursed Key","Darkstone Periapt","Du-Vu Doll","Torii","Golden Idol","Emotion Chip","Dream Catcher","Vajra","Oddly Smooth Stone","Tiny Chest","Sozu","Red Mask","Ice Cream","Toolbox","Dead Branch","Mummified Hand","The Courier","Shuriken","Nuclear Battery","Bronze Scales","Unceasing Top","Turnip","Orichalcum","Pantograph","Peace Pipe","Smiling Mask","Old Coin"],"potions_floor_usage":[8,16,41,50],"damage_taken":[{"damage":0,"enemies":"Cultist","floor":1,"turns":4},{"damage":0,"enemies":"2 Louse","floor":2,"turns":2},{"damage":0,"enemies":"Jaw Worm","floor":3,"turns":4},{"damage":0,"enemies":"Lots of Slimes","floor":5,"turns":5},{"damage":7,"enemies":"3 Sentries","floor":6,"turns":8},{"damage":0,"enemies":"Gremlin Nob","floor":8,"turns":5},{"damage":0,"enemies":"Red Slaver","floor":10,"turns":2},{"damage":0,"enemies":"3 Sentries","floor":11,"turns":5},{"damage":0,"enemies":"Gremlin Gang","floor":14,"turns":2},{"damage":3,"enemies":"The Guardian","floor":16,"turns":6},{"damage":1,"enemies":"3 Byrds","floor":18,"turns":4},{"damage":10,"floor":19,"turns":5},{"damage":4,"enemies":"Shell Parasite","floor":20,"turns":3},{"damage":1,"enemies":"Centurion and Healer","floor":21,"turns":6},{"damage":0,"enemies":"Slaver and Parasite","floor":22,"turns":3},{"damage":0,"enemies":"Book of Stabbing","floor":23,"turns":2},{"damage":2,"enemies":"Gremlin Leader","floor":25,"turns":5},{"damage":0,"enemies":"Book of Stabbing","floor":29,"turns":3},{"damage":6,"enemies":"Collector","floor":33,"turns":6},{"damage":0,"enemies":"Flame Bruiser 1 Orb","floor":35,"turns":3},{"damage":1,"enemies":"3 Darklings","floor":36,"turns":4},{"damage":19,"floor":38,"turns":5},{"damage":16,"enemies":"Nemesis","floor":41,"turns":5},{"damage":4,"enemies":"2 Orb Walkers","floor":44,"turns":3},{"damage":5,"enemies":"Transient","floor":45,"turns":5},{"damage":8,"enemies":"Nemesis","floor":46,"turns":3},{"damage":3,"enemies":"Spire Growth","floor":47,"turns":2},{"damage":2,"enemies":"2 Orb Walkers","floor":48,"turns":3},{"damage":26,"enemies":"Awakened One","floor":50,"turns":7}],"seed_played":"-1755974802296634168","potions_obtained":[{"floor":2,"key":"GamblersBrew"},{"floor":3,"key":"Weak Potion"},{"floor":11,"key":"FairyPotion"},{"floor":14,"key":"Strength Potion"},{"floor":16,"key":"Weak Potion"}],"is_trial":false,"path_per_floor":["M","M","M","?","M","E","R","E","T","M","E","$","R","M","R","B",null,"M","?","M","M","M","E","R","E","T","T","R","E","?","$","R","B",null,"M","M","T","?","?","R","E","$","T","E","M","E","M","E","R","B"],"character_chosen":"DEFECT","items_purchased":["Tiny Chest","Finesse","Apotheosis","Shuriken","Gash","Orichalcum"],"campfire_rested":1,"item_purchase_floors":[12,12,31,31,42,42],"current_hp_per_floor":[73,72,71,54,54,47,47,47,53,53,53,53,53,53,53,56,69,68,58,54,53,53,53,53,51,57,63,63,63,63,63,63,63,70,69,68,73,54,45,45,29,29,35,31,26,18,15,13,33,38],"gold":532,"neow_bonus":"","is_prod":false,"is_daily":true,"chose_seed":false,"campfire_upgraded":7,"win_rate":0,"timestamp":1530322338,"path_taken":["M","M","M","?","M","E","R","E","T","?","E","?","R","?","R","BOSS","M","?","M","M","M","E","R","E","T","?","R","E","?","$","R","BOSS","M","M","?","?","?","R","E","?","T","E","?","E","M","E","R","BOSS"],"build_version":"2018-06-28","purchased_purges":2,"victory":true,"max_hp_per_floor":[73,72,71,70,69,68,67,66,71,70,69,68,67,66,65,70,69,68,67,66,65,64,63,62,61,66,71,70,69,68,67,66,71,70,69,68,73,72,71,70,69,68,73,72,71,70,69,68,67,72],"card_choices":[{"not_picked":["Turbo","Coolheaded","Darkness"],"picked":"SKIP","floor":1},{"not_picked":["Go for the Eyes","Streamline"],"picked":"Conserve Battery","floor":2},{"not_picked":["Biased Cognition","Go for the Eyes"],"picked":"Beam Cell","floor":3},{"not_picked":["Self Repair","Reinforced Body"],"picked":"FTL","floor":5},{"not_picked":["Steam","Genetic Algorithm"],"picked":"Auto Shields","floor":6},{"not_picked":["Blizzard","Redo"],"picked":"Sunder","floor":8},{"not_picked":["Stack","Self Repair"],"picked":"Cold Snap","floor":10},{"not_picked":["Aggregate","Loop","Redo"],"picked":"SKIP","floor":11},{"not_picked":["Streamline","Stack","Auto Shields"],"picked":"SKIP","floor":14},{"not_picked":["Creative AI","Machine Learning"],"picked":"Hyperbeam","floor":16},{"not_picked":["Static Discharge","Cold Snap","Hello World"],"picked":"SKIP","floor":18},{"not_picked":["Heatsinks","Chill"],"picked":"Hologram","floor":19},{"not_picked":["Stack","Conserve Battery"],"picked":"Steam Power","floor":20},{"not_picked":["Chaos+1","Fusion"],"picked":"Sweeping Beam","floor":21},{"not_picked":["Recycle","Conserve Battery","Barrage+1"],"picked":"SKIP","floor":22},{"not_picked":["Cold Snap","Rebound","Hello World"],"picked":"SKIP","floor":23},{"not_picked":["Sweeping Beam+1","Stack+1"],"picked":"Leap+1","floor":25},{"not_picked":["Biased Cognition","Scrape","Consume"],"picked":"SKIP","floor":29},{"not_picked":["Rainbow","Thunder Strike"],"picked":"Seek","floor":33},{"not_picked":["Aggregate","Leap","Lockon"],"picked":"SKIP","floor":35},{"not_picked":["Cold Snap+1","Streamline","Redo+1"],"picked":"SKIP","floor":36},{"not_picked":["Aggregate","Force Field","Streamline+1"],"picked":"SKIP","floor":41},{"not_picked":["Force Field","Streamline+1"],"picked":"Aggregate","floor":41},{"not_picked":["Coolheaded","Stack+1","Rebound+1"],"picked":"SKIP","floor":44},{"not_picked":["Beam Cell+1","Loop"],"picked":"Reprogram+1","floor":45},{"not_picked":["Machine Learning","Leap"],"picked":"Double Energy","floor":46},{"not_picked":["Chaos","Coolheaded"],"picked":"Skim+1","floor":47},{"not_picked":["Static Discharge","Capacitor","Cold Snap"],"picked":"SKIP","floor":48}],"player_experience":129504,"relics_obtained":[{"floor":6,"key":"Emotion Chip"},{"floor":8,"key":"Dream Catcher"},{"floor":9,"key":"Vajra"},{"floor":11,"key":"Oddly Smooth Stone"},{"floor":19,"key":"Red Mask"},{"floor":23,"key":"Ice Cream"},{"floor":25,"key":"Toolbox"},{"floor":26,"key":"Dead Branch"},{"floor":27,"key":"Mummified Hand"},{"floor":29,"key":"The Courier"},{"floor":37,"key":"Bronze Scales"},{"floor":38,"key":"Unceasing Top"},{"floor":41,"key":"Turnip"},{"floor":43,"key":"Pantograph"},{"floor":44,"key":"Peace Pipe"},{"floor":46,"key":"Smiling Mask"},{"floor":48,"key":"Old Coin"}],"event_choices":[{"event_name":"Golden Idol","player_choice":"Take Damage","floor":4,"damage_taken":0},{"event_name":"Masked Bandits","player_choice":"Fought over 226 gold","floor":19,"damage_taken":0},{"event_name":"The Library","player_choice":"Read","floor":30,"damage_taken":0},{"event_name":"MindBloom","player_choice":"Fight","floor":38,"damage_taken":0},{"event_name":"Winding Halls","player_choice":"Embrace Madness","floor":39,"damage_taken":0}],"boss_relics":[{"not_picked":["Astrolabe","Orrery"],"picked":"Sozu"},{"not_picked":["White Beast Statue","Black Star"],"picked":"Nuclear Battery"}],"items_purged_floors":[12,42],"is_endless":false,"potions_floor_spawned":[2,3,11,14,16,18,20,21,25,29,35,38,45,48],"ascension_level":0}