{"gold_per_floor":[115,134,146,221,232,232,258,258,284,311,26,44,44,58,58,132,132,147,127,139,82,82,82,102,120,120,138,157,157,157],"floor_reached":30,"playtime":1394,"items_purged":["Strike_R"],"score":513,"play_id":"d73050ae-8a28-4240-a733-82efa92cfc35","local_time":"20190926175338","is_ascension_mode":true,"campfire_choices":[{"data":"Anger","floor":6,"key":"SMITH"},{"floor":8,"key":"REST"},{"data":"Armaments","floor":13,"key":"SMITH"},{"data":"Bash","floor":15,"key":"SMITH"},{"data":"Barricade","floor":23,"key":"SMITH"}],"neow_cost":"NONE","seed_source_timestamp":840223031292400,"circlet_count":0,"master_deck":["AscendersBane","Strike_R","Strike_R","Strike_R","Strike_R","Defend_R","Defend_R","Defend_R","Defend_R","Bash+1","Anger+1","Feed","Headbutt","Armaments+1","Impervious","Master of Strategy","Body Slam","Barricade+1","CurseOfTheBell","Seeing Red","Feel No Pain","Rage","Offering","Second Wind","Entrench","True Grit"],"relics":["Burning Blood","Oddly Smooth Stone","Pen Nib","MealTicket","Calling Bell","Toy Ornithopter","Gremlin Horn","Girya","Prayer Wheel","Self Forming Clay"],"potions_floor_usage":[3,10,12,16,24,25,27],"damage_taken":[{"damage":0,"enemies":"2 Louse","floor":1,"turns":2},{"damage":9,"enemies":"Jaw Worm","floor":2,"turns":4},{"damage":1,"enemies":"Cultist","floor":3,"turns":3},{"damage":19,"enemies":"Red Slaver","floor":5,"turns":4},{"damage":40,"enemies":"3 Sentries","floor":7,"turns":8},{"damage":18,"enemies":"Lagavulin","floor":10,"turns":6},{"damage":6,"enemies":"Exordium Thugs","floor":12,"turns":7},{"damage":0,"enemies":"Looter","floor":14,"turns":5},{"damage":38,"enemies":"The Guardian","floor":16,"turns":15},{"damage":35,"enemies":"Chosen","floor":18,"turns":11},{"damage":20,"enemies":"Shell Parasite","floor":20,"turns":8},{"damage":31,"enemies":"Shelled Parasite and Fungi","floor":24,"turns":9},{"damage":26,"enemies":"Sentry and Sphere","floor":25,"turns":10},{"damage":7,"enemies":"Snecko","floor":27,"turns":5},{"damage":21,"enemies":"Cultist and Chosen","floor":28,"turns":9},{"damage":28,"enemies":"Colosseum Slavers","floor":29,"turns":5},{"damage":24,"enemies":"Snake Plant","floor":30,"turns":5}],"seed_played":"-5429914868885023556","potions_obtained":[{"floor":2,"key":"Weak Potion"},{"floor":3,"key":"Fruit Juice"},{"floor":10,"key":"GamblersBrew"},{"floor":12,"key":"SkillPotion"},{"floor":19,"key":"GamblersBrew"},{"floor":25,"key":"AttackPotion"}],"is_trial":false,"path_per_floor":["M","M","M","?","M","R","E","R","T","E","$","M","R","M","R","B",null,"M","?","M","$","T","R","M","M","T","M","M","?","M"],"character_chosen":"IRONCLAD","items_purchased":["Master of Strategy","BloodPotion"],"campfire_rested":1,"item_purchase_floors":[11,21],"current_hp_per_floor":[74,71,80,69,59,59,25,49,49,37,52,52,52,62,62,30,73,47,47,36,51,51,51,53,41,41,48,36,17,0],"gold":157,"neow_bonus":"THREE_CARDS","is_prod":false,"is_daily":false,"chose_seed":false,"campfire_upgraded":4,"win_rate":0,"timestamp":1569545618,"path_taken":["M","M","M","?","M","R","E","R","T","E","$","M","R","M","R","BOSS","M","?","?","?","?","R","M","M","T","M","M","?","M"],"build_version":"2019-09-26","purchased_purges":1,"victory":false,"max_hp_per_floor":[75,75,80,80,83,83,83,83,83,83,83,83,83,87,87,87,87,90,90,93,93,93,93,97,100,100,103,106,109,109],"card_choices":[{"not_picked":["Armaments","Body Slam"],"picked":"Anger","floor":0},{"not_picked":["Pommel Strike","Warcry","Heavy Blade"],"picked":"SKIP","floor":1},{"not_picked":["Body Slam","Clash","Sword Boomerang"],"picked":"SKIP","floor":2},{"not_picked":["Whirlwind","Reckless Charge"],"picked":"Feed","floor":3},{"not_picked":["Blood for Blood","Pommel Strike"],"picked":"Headbutt","floor":5},{"not_picked":["Clothesline","Bloodletting"],"picked":"Armaments","floor":7},{"not_picked":["Headbutt","Hemokinesis"],"picked":"Impervious","floor":10},{"not_picked":["Corruption","Perfected Strike","Body Slam"],"picked":"SKIP","floor":12},{"not_picked":["Corruption","Perfected Strike"],"picked":"Body Slam","floor":12},{"not_picked":["Blood for Blood","Rupture","Clothesline"],"picked":"SKIP","floor":14},{"not_picked":["Demon Form","Dark Embrace"],"picked":"Barricade","floor":16},{"not_picked":["Thunderclap+1","Reckless Charge"],"picked":"Seeing Red","floor":18},{"not_picked":["Evolve","Uppercut+1"],"picked":"Feel No Pain","floor":20},{"not_picked":["Intimidate","Fire Breathing"],"picked":"Rage","floor":24},{"not_picked":["Headbutt","Armaments","Clash"],"picked":"SKIP","floor":24},{"not_picked":["Armaments","Power Through"],"picked":"Offering","floor":25},{"not_picked":["Ghostly Armor","Flex"],"picked":"Second Wind","floor":25},{"not_picked":["Infernal Blade","Rampage"],"picked":"Entrench","floor":27},{"not_picked":["Clash","Heavy Blade","Iron Wave"],"picked":"SKIP","floor":27},{"not_picked":["Iron Wave","Whirlwind"],"picked":"True Grit","floor":28},{"not_picked":["Sword Boomerang","Flex","Combust"],"picked":"SKIP","floor":28}],"player_experience":1046467,"relics_obtained":[{"floor":7,"key":"Oddly Smooth Stone"},{"floor":9,"key":"Pen Nib"},{"floor":10,"key":"MealTicket"},{"floor":17,"key":"Toy Ornithopter"},{"floor":17,"key":"Gremlin Horn"},{"floor":17,"key":"Girya"},{"floor":22,"key":"Prayer Wheel"},{"floor":26,"key":"Self Forming Clay"}],"event_choices":[{"damage_healed":0,"gold_gain":75,"player_choice":"Gather Gold","damage_taken":11,"max_hp_gain":0,"max_hp_loss":0,"event_name":"World of Goop","floor":4,"gold_loss":0},{"damage_healed":0,"gold_gain":0,"player_choice":"Bought 1 Potion","damage_taken":0,"max_hp_gain":0,"max_hp_loss":0,"event_name":"The Woman in Blue","floor":19,"gold_loss":0},{"damage_healed":0,"gold_gain":0,"player_choice":"Fight","damage_taken":0,"max_hp_gain":0,"max_hp_loss":0,"event_name":"Colosseum","floor":29,"gold_loss":0},{"damage_healed":0,"gold_gain":0,"player_choice":"Fled From Nobs","damage_taken":0,"max_hp_gain":0,"max_hp_loss":0,"event_name":"Colosseum","floor":29,"gold_loss":0}],"is_beta":true,"boss_relics":[{"not_picked":["Philosopher\u0027s Stone","Busted Crown"],"picked":"Calling Bell"}],"items_purged_floors":[11],"is_endless":false,"potions_floor_spawned":[2,3,10,12,25,29],"killed_by":"Snake Plant","ascension_level":20}