{"gold_per_floor":[365,376,61,73,86,116,116,128,128,156,156,156,156,256,256,351,351,369,294,35,35,48,48],"floor_reached":23,"playtime":873,"items_purged":["Doubt"],"score":398,"play_id":"b17d7117-ca54-40b1-a6fa-7e241070fd2c","local_time":"20190722203407","is_ascension_mode":true,"campfire_choices":[{"data":"Defragment","floor":7,"key":"SMITH"},{"floor":12,"key":"REST"},{"data":"Defragment","floor":15,"key":"SMITH"}],"neow_cost":"CURSE","seed_source_timestamp":165954994502587,"circlet_count":0,"master_deck":["AscendersBane","Strike_B","Strike_B","Strike_B","Defend_B","Defend_B","Defend_B","Defend_B","Zap","Dualcast","Cold Snap","Lockon","Reinforced Body","Leap","Defragment+1","Tempest","Defragment+1","Amplify","Scrape","Self Repair","Coolheaded"],"relics":["Cracked Core","Vajra","Blue Candle","Ornamental Fan","Juzu Bracelet","Mercury Hourglass","Golden Idol","Snecko Eye","Potion Belt"],"potions_floor_usage":[5,6,23,23],"damage_taken":[{"damage":2,"enemies":"Cultist","floor":1,"turns":4},{"damage":0,"enemies":"Small Slimes","floor":2,"turns":3},{"damage":0,"enemies":"2 Louse","floor":4,"turns":3},{"damage":2,"enemies":"Exordium Wildlife","floor":5,"turns":5},{"damage":13,"enemies":"3 Sentries","floor":6,"turns":10},{"damage":3,"enemies":"Blue Slaver","floor":8,"turns":3},{"damage":36,"enemies":"Gremlin Nob","floor":10,"turns":4},{"damage":5,"enemies":"The Guardian","floor":16,"turns":10},{"damage":17,"enemies":"Shell Parasite","floor":18,"turns":5},{"damage":5,"enemies":"Spheric Guardian","floor":22,"turns":3},{"damage":55,"enemies":"Gremlin Leader","floor":23,"turns":5}],"seed_played":"-6628912297776711641","potions_obtained":[{"floor":1,"key":"EssenceOfSteel"},{"floor":4,"key":"Block Potion"},{"floor":6,"key":"SteroidPotion"},{"floor":10,"key":"SteroidPotion"},{"floor":16,"key":"Ancient Potion"},{"floor":22,"key":"Dexterity Potion"}],"is_trial":false,"path_per_floor":["M","M","$","M","M","E","R","M","T","E","?","R","?","?","R","B",null,"M","?","$","?","M","E"],"character_chosen":"DEFECT","items_purchased":["Vajra","Reinforced Body","Self Repair","Potion Belt"],"campfire_rested":1,"item_purchase_floors":[3,3,20,20],"current_hp_per_floor":[62,62,62,62,60,47,47,44,44,8,8,29,29,29,29,24,54,37,37,37,37,46,0],"gold":48,"neow_bonus":"TWO_FIFTY_GOLD","is_prod":false,"is_daily":false,"chose_seed":false,"campfire_upgraded":2,"win_rate":0,"timestamp":1563842047,"path_taken":["M","M","$","M","M","E","R","M","T","E","?","R","?","?","R","BOSS","M","?","$","?","M","E"],"build_version":"2019-07-17","purchased_purges":1,"victory":false,"max_hp_per_floor":[71,71,71,71,71,71,71,71,71,71,71,71,64,64,64,64,64,64,64,64,64,64,64],"card_choices":[{"not_picked":["Hologram","Compile Driver"],"picked":"Cold Snap","floor":1},{"not_picked":["Aggregate","Streamline"],"picked":"Lockon","floor":2},{"not_picked":["Barrage","Redo"],"picked":"Leap","floor":4},{"not_picked":["Beam Cell","Redo"],"picked":"Defragment","floor":5},{"not_picked":["Stack","Leap","Hologram"],"picked":"SKIP","floor":6},{"not_picked":["Force Field","Hello World"],"picked":"Tempest","floor":8},{"not_picked":["Turbo","Beam Cell"],"picked":"Defragment","floor":10},{"not_picked":["Rainbow","Reboot"],"picked":"Amplify","floor":16},{"not_picked":["Sweeping Beam","Redo"],"picked":"Scrape","floor":18},{"not_picked":["BootSequence","Redo"],"picked":"Coolheaded","floor":22}],"player_experience":988758,"relics_obtained":[{"floor":6,"key":"Blue Candle"},{"floor":9,"key":"Ornamental Fan"},{"floor":10,"key":"Juzu Bracelet"}],"event_choices":[{"damage_healed":0,"gold_gain":0,"player_choice":"Gave Potion","damage_taken":0,"relics_obtained":["Mercury Hourglass"],"max_hp_gain":0,"max_hp_loss":0,"event_name":"WeMeetAgain","floor":11,"gold_loss":0},{"damage_healed":0,"gold_gain":0,"player_choice":"Lose Max HP","damage_taken":0,"relics_obtained":["Golden Idol"],"max_hp_gain":0,"max_hp_loss":7,"event_name":"Golden Idol","floor":13,"gold_loss":0},{"damage_healed":0,"gold_gain":100,"player_choice":"Gold","damage_taken":0,"max_hp_gain":0,"max_hp_loss":0,"event_name":"Wheel of Change","floor":14,"gold_loss":0},{"cards_removed":["Strike_B"],"damage_healed":0,"gold_gain":0,"player_choice":"Gave Gold","damage_taken":0,"max_hp_gain":0,"max_hp_loss":0,"event_name":"Beggar","floor":19,"gold_loss":75},{"damage_healed":0,"gold_gain":0,"player_choice":"Ignored","damage_taken":0,"max_hp_gain":0,"max_hp_loss":0,"event_name":"The Mausoleum","floor":21,"gold_loss":0}],"is_beta":false,"boss_relics":[{"not_picked":["Philosopher\u0027s Stone","Busted Crown"],"picked":"Snecko Eye"}],"items_purged_floors":[3],"is_endless":false,"potions_floor_spawned":[1,4,6,10,16,18,22],"killed_by":"Gremlin Leader","ascension_level":20}