{"gold_per_floor":[111,130,45,45,65,65,91,91,91,106,106],"floor_reached":11,"playtime":630,"items_purged":[],"score":146,"play_id":"150db631-bd44-47cd-994c-c80d8ea1d255","local_time":"20190813222048","is_ascension_mode":true,"campfire_choices":[{"data":"Caltrops","floor":6,"key":"SMITH"},{"floor":8,"key":"REST"}],"neow_cost":"PERCENT_DAMAGE","seed_source_timestamp":173389294011800,"circlet_count":0,"master_deck":["AscendersBane","Strike_G","Strike_G","Strike_G","Strike_G","Strike_G","Defend_G","Defend_G","Defend_G","Defend_G","Defend_G","Survivor","Neutralize","Endless Agony","Caltrops+1","Footwork","Dodge and Roll","Blur","Endless Agony"],"relics":["Ring of the Snake","Incense Burner","Bird Faced Urn","Ginger"],"potions_floor_usage":[7,11],"damage_taken":[{"damage":1,"enemies":"2 Louse","floor":1,"turns":5},{"damage":4,"enemies":"Jaw Worm","floor":2,"turns":4},{"damage":0,"enemies":"Cultist","floor":5,"turns":5},{"damage":43,"enemies":"Gremlin Nob","floor":7,"turns":7},{"damage":0,"enemies":"2 Fungi Beasts","floor":10,"turns":6},{"damage":48,"enemies":"Lagavulin","floor":11,"turns":10}],"seed_played":"-5702012077369245186","potions_obtained":[{"floor":1,"key":"Ancient Potion"},{"floor":10,"key":"Regen Potion"}],"is_trial":false,"path_per_floor":["M","M","$","?","M","R","E","R","T","M","E"],"character_chosen":"THE_SILENT","items_purchased":["Footwork"],"campfire_rested":1,"item_purchase_floors":[3],"current_hp_per_floor":[43,39,39,44,44,44,1,22,22,26,0],"gold":106,"neow_bonus":"ONE_RARE_RELIC","is_prod":false,"is_daily":false,"chose_seed":false,"campfire_upgraded":1,"win_rate":0,"timestamp":1565749248,"path_taken":["M","M","$","?","M","R","E","R","T","M","E"],"build_version":"2019-07-17","purchased_purges":0,"victory":false,"max_hp_per_floor":[66,66,66,71,71,71,71,71,71,71,71],"card_choices":[{"not_picked":["PiercingWail","Sucker Punch"],"picked":"Endless Agony","floor":1},{"not_picked":["Backflip","Riddle With Holes"],"picked":"Caltrops","floor":2},{"not_picked":["Outmaneuver","Backflip"],"picked":"Dodge and Roll","floor":5},{"not_picked":["Bane","Eviscerate"],"picked":"Blur","floor":7},{"not_picked":["Heel Hook","Blade Dance"],"picked":"Endless Agony","floor":10}],"player_experience":1008616,"relics_obtained":[{"floor":7,"key":"Bird Faced Urn"},{"floor":9,"key":"Ginger"}],"event_choices":[{"damage_healed":0,"gold_gain":0,"player_choice":"Donut","damage_taken":0,"max_hp_gain":5,"max_hp_loss":0,"event_name":"Big Fish","floor":4,"gold_loss":0}],"is_beta":false,"boss_relics":[],"items_purged_floors":[],"is_endless":false,"potions_floor_spawned":[1,10],"killed_by":"Lagavulin","ascension_level":20}