{"gold_per_floor":[116,116,16,16,27,27,57,57,57,82,5,35,35,54,54,132,132,142,160,173,185,204,204,79,79,79,79,112,130,230,244,244,322,322,342,1341,767,767,767,779,790,113,190,190,243,258,258,0,0,0,0],"floor_reached":52,"playtime":2899,"items_purged":["Strike_G","Strike_G","Normality","Normality"],"score":1870,"play_id":"a03f21cc-307c-41e1-a9c7-66b68473d4c9","local_time":"20190826144448","is_ascension_mode":true,"campfire_choices":[{"data":"Neutralize","floor":6.0,"key":"SMITH"},{"data":"Glass Knife","floor":13.0,"key":"SMITH"},{"data":"Well Laid Plans","floor":15.0,"key":"SMITH"},{"data":"Wraith Form v2","floor":23.0,"key":"SMITH"},{"data":"Envenom","floor":25.0,"key":"SMITH"},{"data":"Backstab","floor":27.0,"key":"SMITH"},{"data":"Strike_G","floor":32,"key":"PURGE"},{"data":"Noxious Fumes","floor":44,"key":"SMITH"},{"data":"Footwork","floor":47,"key":"SMITH"},{"data":"Footwork","floor":49,"key":"SMITH"}],"neow_cost":"NONE","seed_source_timestamp":87737603555793,"circlet_count":0,"master_deck":["AscendersBane","Defend_G+1","Survivor+1","Neutralize+1","Glass Knife+1","Envenom+1","Well Laid Plans+1","Dash","Wraith Form v2+1","Malaise+1","Unload+1","Backstab+1","Noxious Fumes+1","Footwork+1","Backflip+1","Footwork+1","Dodge and Roll+1","Bandage Up+1"],"special_seed":0,"relics":["Ring of the Snake","NeowsBlessing","Kunai","Pantograph","Orichalcum","Bronze Scales","Astrolabe","Matryoshka","Ice Cream","Peace Pipe","Toxic Egg 2","Velvet Choker","Anchor","Potion Belt","Blood Vial","Dodecahedron","Smiling Mask","War Paint","Red Mask"],"potions_floor_usage":[33,33,50,51,51,51],"damage_taken":[{"damage":0.0,"enemies":"2 Louse","floor":1.0,"turns":1.0},{"damage":0.0,"enemies":"Jaw Worm","floor":5.0,"turns":1.0},{"damage":0.0,"enemies":"3 Sentries","floor":7.0,"turns":1.0},{"damage":34.0,"enemies":"Gremlin Nob","floor":10.0,"turns":5.0},{"damage":8.0,"enemies":"Lagavulin","floor":12.0,"turns":7.0},{"damage":0.0,"enemies":"Cultist","floor":14.0,"turns":3.0},{"damage":20.0,"enemies":"Slime Boss","floor":16.0,"turns":12.0},{"damage":1.0,"enemies":"2 Thieves","floor":18.0,"turns":3.0},{"damage":0.0,"enemies":"3 Byrds","floor":19.0,"turns":3.0},{"damage":17.0,"enemies":"Shelled Parasite and Fungi","floor":20.0,"turns":5.0},{"damage":4.0,"enemies":"Snecko","floor":21.0,"turns":7.0},{"damage":11.0,"enemies":"Centurion and Healer","floor":22.0,"turns":7.0},{"damage":0.0,"enemies":"Book of Stabbing","floor":28.0,"turns":5.0},{"damage":0.0,"enemies":"3 Cultists","floor":29.0,"turns":4.0},{"damage":0.0,"enemies":"Colosseum Slavers","floor":30.0,"turns":4.0},{"damage":4.0,"enemies":"Colosseum Nobs","floor":30.0,"turns":4.0},{"damage":0,"enemies":"Sentry and Sphere","floor":31,"turns":5},{"damage":34,"enemies":"Collector","floor":33,"turns":10},{"damage":0,"enemies":"3 Shapes","floor":35,"turns":3},{"damage":0,"enemies":"Orb Walker","floor":40,"turns":4},{"damage":25,"enemies":"Transient","floor":41,"turns":6},{"damage":0,"enemies":"4 Shapes","floor":46,"turns":6},{"damage":16,"enemies":"Time Eater","floor":50,"turns":19},{"damage":14,"enemies":"Awakened One","floor":51,"turns":23}],"seed_played":"2036322952181589469","potions_obtained":[{"floor":1.0,"key":"Dexterity Potion"},{"floor":7.0,"key":"EssenceOfSteel"},{"floor":16.0,"key":"SneckoOil"},{"floor":20.0,"key":"Ancient Potion"},{"floor":29.0,"key":"SteroidPotion"}],"is_trial":false,"path_per_floor":["M","?","$","?","M","R","E","?","T","E","$","E","R","M","R","B",null,"M","M","M","M","M","R","$","R","T","R","E","M","?","M","R","B",null,"M","?","$","?","?","M","M","$","T","R","T","M","R","?","R","B","B",null],"character_chosen":"THE_SILENT","items_purchased":["Well Laid Plans","Anchor","Footwork","Backflip+1","Dexterity Potion","PowerPotion","Potion Belt","Footwork","Dodge and Roll+1","Energy Potion","SkillPotion","Bandage Up+1"],"campfire_rested":0,"item_purchase_floors":[11,37,37,37,37,37,42,42,42,42,42,42],"current_hp_per_floor":[59,59,59,52,52,52,52,52,52,18,18,10,10,10,10,15,53,52,52,35,31,20,20,20,20,20,20,20,20,16,16,16,7,51,51,51,51,51,51,51,26,26,26,26,26,34,34,34,34,47,55],"gold":0,"neow_bonus":"THREE_ENEMY_KILL","is_prod":false,"is_daily":false,"chose_seed":false,"campfire_upgraded":9,"win_rate":0,"timestamp":1566805488,"path_taken":["M","?","$","?","M","R","E","?","T","E","$","E","R","M","R","BOSS","M","M","M","M","M","R","?","R","T","R","E","M","?","M","R","BOSS","M","?","$","?","?","M","M","$","T","R","?","?","R","?","R","BOSS","BOSS"],"build_version":"2019-07-17","purchased_purges":4,"victory":true,"max_hp_per_floor":[66,66,66,66,66,66,66,66,66,66,66,66,66,66,66,66,66,66,66,66,66,66,66,66,66,66,66,66,66,66,66,66,66,66,66,66,66,66,63,63,63,63,63,63,63,63,63,63,63,63,63],"card_choices":[{"not_picked":["Calculated Gamble","Dagger Throw","Sucker Punch"],"picked":"SKIP","floor":1.0},{"not_picked":["Backflip","Prepared","Masterful Stab"],"picked":"SKIP","floor":5.0},{"not_picked":["Poisoned Stab","Quick Slash"],"picked":"Glass Knife","floor":7.0},{"not_picked":["Blade Dance","Slice"],"picked":"Envenom","floor":10.0},{"not_picked":["Bane","Grand Finale"],"picked":"Dash","floor":12.0},{"not_picked":["Bane","Poisoned Stab","Heel Hook"],"picked":"SKIP","floor":14.0},{"not_picked":["Tools of the Trade","Burst"],"picked":"Wraith Form v2","floor":16.0},{"not_picked":["Dash","Cloak And Dagger","Blade Dance"],"picked":"SKIP","floor":18.0},{"not_picked":["Sucker Punch","Flechettes","PiercingWail"],"picked":"SKIP","floor":19.0},{"not_picked":["Sucker Punch","Blade Dance"],"picked":"Backstab","floor":20.0},{"not_picked":["Deadly Poison+1","Dash","Choke"],"picked":"SKIP","floor":21.0},{"not_picked":["Acrobatics","Finisher","Dagger Throw"],"picked":"SKIP","floor":22.0},{"not_picked":["Skewer","Flying Knee","A Thousand Cuts"],"picked":"SKIP","floor":28.0},{"not_picked":["Underhanded Strike+1","Dodge and Roll","Deflect"],"picked":"SKIP","floor":29.0},{"not_picked":["Deadly Poison+1","Deflect+1","Slice"],"picked":"SKIP","floor":31},{"not_picked":["Prepared+1","Choke+1"],"picked":"Noxious Fumes","floor":35},{"not_picked":["Bane+1","Escape Plan+1","Poisoned Stab"],"picked":"SKIP","floor":40},{"not_picked":["Finisher","Acrobatics+1","Slice"],"picked":"SKIP","floor":41},{"not_picked":["Terror+1","Dagger Throw","Outmaneuver+1"],"picked":"SKIP","floor":46}],"player_experience":1084360,"relics_obtained":[{"floor":7.0,"key":"Kunai"},{"floor":9.0,"key":"Pantograph"},{"floor":10.0,"key":"Orichalcum"},{"floor":12.0,"key":"Bronze Scales"},{"floor":26.0,"key":"Matryoshka"},{"floor":28.0,"key":"Ice Cream"},{"floor":30.0,"key":"Peace Pipe"},{"floor":30.0,"key":"Toxic Egg 2"},{"floor":43,"key":"Blood Vial"},{"floor":43,"key":"Dodecahedron"},{"floor":45,"key":"Smiling Mask"},{"floor":45,"key":"War Paint"}],"event_choices":[{"cards_removed":["Defend_G"],"damage_healed":0.0,"max_hp_gain":0.0,"max_hp_loss":0.0,"gold_gain":0.0,"event_name":"Living Wall","player_choice":"Forget","floor":2.0,"gold_loss":0.0,"damage_taken":0.0},{"cards_removed":["Defend_G"],"damage_healed":0.0,"max_hp_gain":0.0,"max_hp_loss":0.0,"gold_gain":0.0,"event_name":"Golden Wing","player_choice":"Card Removal","floor":4.0,"gold_loss":0.0,"damage_taken":7.0},{"cards_removed":["Strike_G"],"damage_healed":0.0,"max_hp_gain":0.0,"max_hp_loss":0.0,"gold_gain":0.0,"event_name":"Purifier","player_choice":"Purged","floor":8.0,"gold_loss":0.0,"damage_taken":0.0},{"damage_healed":0.0,"max_hp_gain":0.0,"max_hp_loss":0.0,"gold_gain":0.0,"event_name":"Colosseum","player_choice":"Fight","floor":30.0,"gold_loss":0.0,"damage_taken":0.0},{"damage_healed":0.0,"max_hp_gain":0.0,"max_hp_loss":0.0,"gold_gain":0.0,"event_name":"Colosseum","player_choice":"Fought Nobs","floor":30.0,"gold_loss":0.0,"damage_taken":0.0},{"damage_healed":0,"gold_gain":999,"player_choice":"Gold","damage_taken":0,"max_hp_gain":0,"max_hp_loss":0,"event_name":"MindBloom","floor":36,"gold_loss":0,"cards_obtained":["Normality","Normality"]},{"cards_removed":["Heel Hook"],"damage_healed":0,"gold_gain":0,"player_choice":"Removed Attack","damage_taken":0,"max_hp_gain":0,"max_hp_loss":0,"event_name":"Falling","floor":38,"gold_loss":0},{"damage_healed":0,"gold_gain":0,"player_choice":"Max HP","damage_taken":0,"max_hp_gain":0,"max_hp_loss":3,"event_name":"Winding Halls","floor":39,"gold_loss":0},{"damage_healed":0,"gold_gain":0,"player_choice":"Paid","damage_taken":0,"relics_obtained":["Red Mask"],"max_hp_gain":0,"max_hp_loss":0,"event_name":"Tomb of Lord Red Mask","floor":48,"gold_loss":258}],"is_beta":false,"boss_relics":[{"not_picked":["Runic Pyramid","White Beast Statue"],"picked":"Astrolabe"},{"not_picked":["Orrery","WristBlade"],"picked":"Velvet Choker"}],"items_purged_floors":[3,24,37,42],"is_endless":false,"potions_floor_spawned":[1,7,16,20,21,29,30,30,40,46],"ascension_level":21}