{"gold_per_floor":[112,212,225,150,165,165,165,180,207,223,223,242,273,273,273,397,397,418,441,26,26,26],"floor_reached":22,"playtime":826,"items_purged":["Strike_B","Injury"],"score":205,"play_id":"f9f1d5ca-b085-495d-9578-b6a88f1381ce","local_time":"20190926064436","is_ascension_mode":true,"campfire_choices":[{"data":"Hologram","floor":6,"key":"SMITH"},{"floor":15,"key":"REST"}],"neow_cost":"NONE","seed_source_timestamp":1180180482122300,"circlet_count":0,"master_deck":["Strike_B","Strike_B","Defend_B","Defend_B","Defend_B","Defend_B","Zap","Dualcast","Ball Lightning","Hologram+1","Multi-Cast","Core Surge","Leap","FTL","Self Repair","Defragment","Tempest","Capacitor","Electrodynamics","Capacitor","Undo","Self Repair","Writhe"],"relics":["Cracked Core","NeowsBlessing","Potion Belt","Strawberry","Golden Idol","Philosopher\u0027s Stone","Symbiotic Virus","Question Card"],"potions_floor_usage":[13,22],"damage_taken":[{"damage":0,"enemies":"Small Slimes","floor":1,"turns":1},{"damage":0,"enemies":"Cultist","floor":3,"turns":1},{"damage":0,"enemies":"2 Louse","floor":5,"turns":1},{"damage":11,"enemies":"Exordium Thugs","floor":8,"turns":3},{"damage":7,"enemies":"2 Fungi Beasts","floor":10,"turns":2},{"damage":7,"enemies":"Large Slime","floor":12,"turns":3},{"damage":27,"enemies":"3 Sentries","floor":13,"turns":4},{"damage":32,"enemies":"Slime Boss","floor":16,"turns":11},{"damage":9,"enemies":"Chosen","floor":18,"turns":4},{"damage":39,"enemies":"Shell Parasite","floor":19,"turns":5},{"damage":49,"enemies":"Shelled Parasite and Fungi","floor":22,"turns":5}],"seed_played":"-9096798654914022863","potions_obtained":[{"floor":5,"key":"Weak Potion"},{"floor":8,"key":"Fire Potion"},{"floor":13,"key":"Ancient Potion"},{"floor":16,"key":"LiquidBronze"},{"floor":18,"key":"SteroidPotion"}],"is_trial":false,"path_per_floor":["M","?","M","$","M","R","?","M","T","M","?","M","E","?","R","B",null,"M","M","$","?","M"],"character_chosen":"DEFECT","items_purchased":["Symbiotic Virus","Self Repair"],"campfire_rested":1,"item_purchase_floors":[20,20],"current_hp_per_floor":[75,75,75,75,75,75,75,64,64,57,57,57,44,44,68,36,82,80,48,48,48,0],"gold":26,"neow_bonus":"THREE_ENEMY_KILL","is_prod":false,"is_daily":false,"chose_seed":false,"campfire_upgraded":1,"win_rate":0,"timestamp":1569494676,"path_taken":["M","?","M","$","?","R","?","?","T","M","?","M","E","?","R","BOSS","M","M","$","?","M"],"build_version":"2019-07-17","purchased_purges":2,"victory":false,"max_hp_per_floor":[75,75,75,75,75,75,75,75,75,75,75,75,82,82,82,82,82,82,82,82,82,82],"card_choices":[{"not_picked":["Chill","Recycle"],"picked":"Ball Lightning","floor":1},{"not_picked":["Coolheaded","Turbo"],"picked":"Hologram","floor":3},{"not_picked":["Stack","Gash"],"picked":"Multi-Cast","floor":5},{"not_picked":["Turbo","Stack"],"picked":"FTL","floor":8},{"not_picked":["Doom and Gloom","Aggregate"],"picked":"Self Repair","floor":10},{"not_picked":["Glacier","Doom and Gloom"],"picked":"Tempest","floor":12},{"not_picked":["Heatsinks","Redo"],"picked":"Capacitor","floor":13},{"not_picked":["Fission","Rainbow"],"picked":"Electrodynamics","floor":16},{"not_picked":["Rebound","Auto Shields"],"picked":"Capacitor","floor":18},{"not_picked":["Darkness","Turbo+1"],"picked":"Undo","floor":19}],"player_experience":97185,"relics_obtained":[{"floor":9,"key":"Potion Belt"},{"floor":13,"key":"Strawberry"}],"event_choices":[{"damage_healed":0,"gold_gain":100,"player_choice":"Gold","damage_taken":0,"max_hp_gain":0,"max_hp_loss":0,"event_name":"Wheel of Change","floor":2,"gold_loss":0},{"damage_healed":0,"gold_gain":0,"player_choice":"2 cards matched","damage_taken":0,"max_hp_gain":0,"max_hp_loss":0,"event_name":"Match and Keep!","floor":7,"gold_loss":0,"cards_obtained":["Core Surge","Leap"]},{"damage_healed":0,"gold_gain":0,"cards_transformed":["Strike_B"],"player_choice":"Change","damage_taken":0,"max_hp_gain":0,"max_hp_loss":0,"event_name":"Living Wall","floor":11,"gold_loss":0,"cards_obtained":["Defragment"]},{"damage_healed":0,"gold_gain":0,"player_choice":"Take Wound","damage_taken":0,"relics_obtained":["Golden Idol"],"max_hp_gain":0,"max_hp_loss":0,"event_name":"Golden Idol","floor":14,"gold_loss":0,"cards_obtained":["Injury"]},{"damage_healed":0,"gold_gain":0,"player_choice":"Opened","damage_taken":0,"relics_obtained":["Question Card"],"max_hp_gain":0,"max_hp_loss":0,"event_name":"The Mausoleum","floor":21,"gold_loss":0,"cards_obtained":["Writhe"]}],"is_beta":false,"boss_relics":[{"not_picked":["Fusion Hammer","FrozenCore"],"picked":"Philosopher\u0027s Stone"}],"items_purged_floors":[4,20],"is_endless":false,"potions_floor_spawned":[5,8,13,16,18],"killed_by":"Shelled Parasite and Fungi","ascension_level":2}