{"gold_per_floor":[368,418,436,85,85,85,104,104,186,198,209,226,261,261,261,340,340,340,351,351,351],"floor_reached":21,"playtime":730,"items_purged":["Strike_R"],"score":362,"play_id":"3c5cc2d6-4223-4f7f-bf83-0c23aa1d5dd2","local_time":"20190925131127","is_ascension_mode":true,"campfire_choices":[{"data":"Bash","floor":6,"key":"SMITH"},{"data":"True Grit","floor":8,"key":"SMITH"},{"data":"Demon Form","floor":15,"key":"SMITH"}],"neow_cost":"TEN_PERCENT_HP_LOSS","seed_source_timestamp":737555736252300,"circlet_count":0,"master_deck":["AscendersBane","Strike_R","Defend_R","Defend_R","Defend_R","Defend_R","Bash+1","Shrug It Off","Disarm","Finesse","True Grit+1","Headbutt","Demon Form+1","Battle Trance"],"relics":["Burning Blood","PreservedInsect","Singing Bowl","Kunai","Empty Cage"],"potions_floor_usage":[13,18,18,18],"damage_taken":[{"damage":4,"enemies":"Jaw Worm","floor":1,"turns":5},{"damage":7,"enemies":"Cultist","floor":3,"turns":4},{"damage":9,"enemies":"Small Slimes","floor":7,"turns":5},{"damage":3,"enemies":"Blue Slaver","floor":10,"turns":5},{"damage":8,"enemies":"3 Louse","floor":11,"turns":9},{"damage":0,"enemies":"2 Fungi Beasts","floor":12,"turns":5},{"damage":13,"enemies":"Lagavulin","floor":13,"turns":8},{"damage":26,"enemies":"Slime Boss","floor":16,"turns":7},{"damage":18,"enemies":"Spheric Guardian","floor":18,"turns":7},{"damage":25,"enemies":"Chosen","floor":19,"turns":6},{"damage":34,"enemies":"Snecko","floor":21,"turns":7}],"seed_played":"-4443999771990309131","potions_obtained":[{"floor":10,"key":"GamblersBrew"},{"floor":11,"key":"Swift Potion"},{"floor":13,"key":"SpeedPotion"},{"floor":16,"key":"EntropicBrew"}],"is_trial":false,"path_per_floor":["M","?","M","$","?","R","M","R","T","M","M","M","E","?","R","B",null,"M","M","?","M"],"character_chosen":"IRONCLAD","items_purchased":["Finesse","PreservedInsect"],"campfire_rested":0,"item_purchase_floors":[4,4],"current_hp_per_floor":[68,62,61,61,54,54,51,51,51,56,54,60,53,53,53,35,63,51,34,34,0],"gold":351,"neow_bonus":"TWO_FIFTY_GOLD","is_prod":false,"is_daily":false,"chose_seed":false,"campfire_upgraded":3,"win_rate":0,"timestamp":1569442287,"path_taken":["M","?","?","$","?","R","M","R","T","M","M","M","E","?","R","BOSS","M","M","?","M"],"build_version":"2019-09-24","purchased_purges":1,"victory":false,"max_hp_per_floor":[68,68,68,68,68,68,68,68,68,70,70,70,70,70,70,72,72,72,74,74,74],"card_choices":[{"not_picked":["Headbutt","Perfected Strike"],"picked":"Shrug It Off","floor":1},{"not_picked":["Sword Boomerang","Iron Wave"],"picked":"Disarm","floor":3},{"not_picked":["Pummel","Armaments"],"picked":"True Grit","floor":7},{"not_picked":["Rampage","Wild Strike","Clash"],"picked":"Singing Bowl","floor":10},{"not_picked":["Shrug It Off","Entrench"],"picked":"Headbutt","floor":11},{"not_picked":["Whirlwind","Sentinel"],"picked":"Demon Form","floor":12},{"not_picked":["Anger","Feel No Pain"],"picked":"Battle Trance","floor":13},{"not_picked":["Double Tap","Bludgeon","Exhume"],"picked":"Singing Bowl","floor":16},{"not_picked":["Thunderclap","Pummel","Anger"],"picked":"Singing Bowl","floor":19}],"player_experience":1032365,"relics_obtained":[{"floor":9,"key":"Singing Bowl"},{"floor":13,"key":"Kunai"}],"event_choices":[{"damage_healed":0,"gold_gain":50,"player_choice":"Touch","damage_taken":6,"max_hp_gain":0,"max_hp_loss":0,"event_name":"FaceTrader","floor":2,"gold_loss":0},{"cards_removed":["Strike_R"],"damage_healed":0,"gold_gain":0,"player_choice":"Card Removal","damage_taken":7,"max_hp_gain":0,"max_hp_loss":0,"event_name":"Golden Wing","floor":5,"gold_loss":0},{"damage_healed":0,"gold_gain":0,"player_choice":"Ignored","damage_taken":0,"max_hp_gain":0,"max_hp_loss":0,"event_name":"Liars Game","floor":14,"gold_loss":0},{"damage_healed":0,"gold_gain":0,"player_choice":"Ignored","damage_taken":0,"max_hp_gain":0,"max_hp_loss":0,"event_name":"Vampires","floor":20,"gold_loss":0}],"is_beta":true,"boss_relics":[{"not_picked":["Runic Pyramid","Mark of Pain"],"picked":"Empty Cage"}],"items_purged_floors":[4],"is_endless":false,"potions_floor_spawned":[10,11,13,16,18],"killed_by":"Snecko","ascension_level":20}