{"gold_per_floor":[115,135,85,85,98,98,127,142,142,142,168,186,186,215,215,314,314,333,349,349,349,349,384,384,419,474,474,486,486,501,21,21,117,117,127,175,75,91,104,136,11,11,58,58,58,83,83,12,12,12,12,12,12,47,47],"floor_reached":55,"playtime":4912,"items_purged":["Writhe","Pain","Doubt"],"score":864,"play_id":"dc44751b-bcb4-401f-bee8-0d2296f905d0","local_time":"20190529190158","is_ascension_mode":false,"campfire_choices":[{"floor":6,"key":"RECALL"},{"floor":15,"key":"REST"},{"data":"Loop","floor":24,"key":"SMITH"},{"floor":27,"key":"REST"},{"floor":29,"key":"REST"},{"data":"White Noise","floor":32,"key":"SMITH"},{"floor":44,"key":"DIG"},{"floor":47,"key":"DIG"},{"floor":49,"key":"DIG"},{"floor":52,"key":"DIG"}],"neow_cost":"PERCENT_DAMAGE","seed_source_timestamp":203084293097907,"circlet_count":0,"master_deck":["Strike_B+1","Defend_B","Defend_B","Defend_B","Zap","Conserve Battery+1","Undo","Redo+1","Gash","Gash","Gash","White Noise+1","Tempest","Loop+1","Buffer","Auto Shields","Cold Snap+1","Conserve Battery","Multi-Cast","Clumsy","Loop","Gash"],"relics":["Cracked Core","Bronze Scales","Odd Mushroom","Mercury Hourglass","Busted Crown","Nilry\u0027s Codex","Darkstone Periapt","Anchor","Symbiotic Virus","Tiny Chest","Bottled Flame","Dream Catcher","Calling Bell","Centennial Puzzle","Dodecahedron","Pocketwatch","Shovel","Bag of Marbles","Boot","Pear","Bag of Preparation","War Paint","Vajra","Bottled Tornado","Whetstone"],"potions_floor_usage":[14,14,14,25,25,25,31,35,39,40,50],"damage_taken":[{"damage":0,"enemies":"2 Louse","floor":1,"turns":4},{"damage":0,"enemies":"Jaw Worm","floor":2,"turns":3},{"damage":0,"enemies":"Small Slimes","floor":5,"turns":2},{"damage":13,"enemies":"Lagavulin","floor":7,"turns":6},{"damage":1,"enemies":"2 Fungi Beasts","floor":8,"turns":3},{"damage":12,"enemies":"The Mushroom Lair","floor":11,"turns":4},{"damage":1,"enemies":"3 Louse","floor":12,"turns":3},{"damage":2,"enemies":"Gremlin Nob","floor":14,"turns":3},{"damage":4,"enemies":"The Guardian","floor":16,"turns":8},{"damage":10,"enemies":"Spheric Guardian","floor":18,"turns":4},{"damage":0,"enemies":"Chosen","floor":19,"turns":4},{"damage":20,"enemies":"Book of Stabbing","floor":23,"turns":6},{"damage":25,"enemies":"Slavers","floor":25,"turns":3},{"damage":11,"enemies":"Shelled Parasite and Fungi","floor":28,"turns":5},{"damage":0,"enemies":"Snake Plant","floor":30,"turns":3},{"damage":26,"enemies":"Automaton","floor":33,"turns":10},{"damage":5,"enemies":"3 Shapes","floor":35,"turns":3},{"damage":25,"enemies":"2 Orb Walkers","floor":36,"turns":4},{"damage":0,"enemies":"Orb Walker","floor":38,"turns":4},{"damage":44,"enemies":"Transient","floor":39,"turns":5},{"damage":15,"enemies":"Giant Head","floor":40,"turns":8},{"damage":16,"enemies":"Time Eater","floor":50,"turns":6},{"damage":82,"enemies":"Shield and Spear","floor":54,"turns":6},{"damage":39,"enemies":"The Heart","floor":55,"turns":2}],"seed_played":"-6779584150936807307","potions_obtained":[{"floor":5,"key":"FocusPotion"},{"floor":8,"key":"SteroidPotion"},{"floor":11,"key":"SpeedPotion"},{"floor":16,"key":"FocusPotion"},{"floor":19,"key":"AttackPotion"},{"floor":23,"key":"PowerPotion"},{"floor":25,"key":"FocusPotion"},{"floor":30,"key":"Fruit Juice"},{"floor":35,"key":"GamblersBrew"},{"floor":38,"key":"Poison Potion"},{"floor":40,"key":"LiquidBronze"}],"is_trial":false,"path_per_floor":["M","M","?","?","M","R","E","M","T","?","?","M","?","E","R","B",null,"M","M","?","?","?","E","R","E","T","R","M","R","M","$","R","B",null,"M","?","$","M","M","E","$","?","T","R","?","T","R","$","R","B",null,"R","$","E","B"],"character_chosen":"DEFECT","items_purchased":["Bottled Flame","Dream Catcher","Loop"],"campfire_rested":3,"item_purchase_floors":[31,31,48],"current_hp_per_floor":[54,54,54,47,47,47,34,33,33,33,21,20,13,11,33,29,75,65,65,65,49,55,35,35,10,10,34,23,47,47,52,52,26,104,99,74,74,74,30,15,15,15,15,25,25,25,25,25,25,9,109,109,109,27,0],"gold":47,"neow_bonus":"TRANSFORM_TWO_CARDS","is_prod":false,"is_daily":false,"chose_seed":false,"campfire_upgraded":2,"win_rate":0,"timestamp":1559149318,"path_taken":["M","M","?","?","M","R","E","M","T","?","?","M","?","E","R","BOSS","M","M","?","?","?","E","R","E","T","R","?","R","M","?","R","BOSS","M","?","$","M","M","E","$","?","T","R","?","?","R","?","R","BOSS","R","$","E","BOSS"],"build_version":"2019-01-23","purchased_purges":3,"victory":false,"max_hp_per_floor":[75,75,75,75,75,75,75,75,75,75,75,75,75,75,75,75,75,75,75,75,75,81,81,81,81,81,81,81,81,81,86,86,86,104,104,104,104,104,104,104,104,99,99,109,109,109,109,109,109,109,109,109,109,109,109],"card_choices":[{"not_picked":["Barrage","Streamline"],"picked":"Redo","floor":1},{"not_picked":["Stack","Sweeping Beam"],"picked":"Gash","floor":2},{"not_picked":["Stack","Go for the Eyes"],"picked":"Gash","floor":5},{"not_picked":["Hyperbeam","Turbo"],"picked":"Gash","floor":7},{"not_picked":["Turbo","Stack","Sweeping Beam"],"picked":"SKIP","floor":8},{"not_picked":["Barrage","Coolheaded"],"picked":"White Noise","floor":11},{"not_picked":["Sweeping Beam","Rainbow"],"picked":"Tempest","floor":12},{"not_picked":["Beam Cell","Rebound"],"picked":"Loop","floor":14},{"not_picked":["Thunder Strike","Fission"],"picked":"Buffer","floor":16},{"not_picked":["Barrage+1"],"picked":"SKIP","floor":18},{"not_picked":["Scrape"],"picked":"SKIP","floor":19},{"not_picked":[],"picked":"Cold Snap","floor":23},{"not_picked":["Beam Cell"],"picked":"SKIP","floor":25},{"not_picked":["Steam"],"picked":"SKIP","floor":28},{"not_picked":[],"picked":"Conserve Battery","floor":30},{"not_picked":[],"picked":"Multi-Cast","floor":33},{"not_picked":["Ball Lightning+1"],"picked":"SKIP","floor":35},{"not_picked":["Turbo+1"],"picked":"SKIP","floor":38},{"not_picked":["Ball Lightning"],"picked":"SKIP","floor":39},{"not_picked":["Turbo"],"picked":"SKIP","floor":40},{"not_picked":[],"picked":"Gash","floor":54}],"player_experience":139979,"relics_obtained":[{"floor":7,"key":"Bronze Scales"},{"floor":11,"key":"Odd Mushroom"},{"floor":14,"key":"Mercury Hourglass"},{"floor":21,"key":"Nilry\u0027s Codex"},{"floor":23,"key":"Anchor"},{"floor":25,"key":"Symbiotic Virus"},{"floor":26,"key":"Tiny Chest"},{"floor":34,"key":"Centennial Puzzle"},{"floor":34,"key":"Dodecahedron"},{"floor":34,"key":"Pocketwatch"},{"floor":36,"key":"Shovel"},{"floor":40,"key":"Bag of Marbles"},{"floor":43,"key":"Boot"},{"floor":44,"key":"Pear"},{"floor":46,"key":"Bag of Preparation"},{"floor":47,"key":"War Paint"},{"floor":49,"key":"Vajra"},{"floor":52,"key":"Bottled Tornado"},{"floor":54,"key":"Whetstone"}],"event_choices":[{"cards_removed":["Defend_B"],"damage_healed":0,"gold_gain":0,"player_choice":"Card Removal","damage_taken":0,"max_hp_gain":0,"max_hp_loss":0,"event_name":"The Cleric","floor":3,"gold_loss":50},{"cards_removed":["Strike_B"],"damage_healed":0,"gold_gain":0,"player_choice":"Card Removal","damage_taken":7,"max_hp_gain":0,"max_hp_loss":0,"event_name":"Golden Wing","floor":4,"gold_loss":0},{"damage_healed":0,"gold_gain":0,"player_choice":"Ignored","damage_taken":0,"max_hp_gain":0,"max_hp_loss":0,"event_name":"Liars Game","floor":10,"gold_loss":0},{"damage_healed":0,"gold_gain":0,"player_choice":"Fought Mushrooms","damage_taken":0,"max_hp_gain":0,"max_hp_loss":0,"event_name":"Mushrooms","floor":11,"gold_loss":0},{"damage_healed":0,"gold_gain":0,"player_choice":"Fled","damage_taken":7,"max_hp_gain":0,"max_hp_loss":0,"event_name":"Scrap Ooze","floor":13,"gold_loss":0},{"damage_healed":0,"gold_gain":0,"player_choice":"Read","damage_taken":0,"max_hp_gain":0,"max_hp_loss":0,"event_name":"The Library","floor":20,"gold_loss":0,"cards_obtained":["Auto Shields"]},{"damage_healed":0,"gold_gain":0,"player_choice":"Obtained Book","damage_taken":16,"max_hp_gain":0,"max_hp_loss":0,"event_name":"Cursed Tome","floor":21,"gold_loss":0},{"damage_healed":0,"gold_gain":0,"player_choice":"Opened","damage_taken":0,"relics_obtained":["Darkstone Periapt"],"max_hp_gain":0,"max_hp_loss":0,"event_name":"The Mausoleum","floor":22,"gold_loss":0,"cards_obtained":["Writhe"]},{"damage_healed":0,"gold_gain":0,"player_choice":"Fight","damage_taken":0,"max_hp_gain":0,"max_hp_loss":0,"event_name":"Mysterious Sphere","floor":36,"gold_loss":0},{"damage_healed":0,"gold_gain":0,"player_choice":"Max HP","damage_taken":0,"max_hp_gain":0,"max_hp_loss":5,"event_name":"Winding Halls","floor":42,"gold_loss":0},{"cards_removed":["Dualcast"],"damage_healed":0,"gold_gain":0,"player_choice":"Removed Skill","damage_taken":0,"max_hp_gain":0,"max_hp_loss":0,"event_name":"Falling","floor":45,"gold_loss":0}],"is_beta":false,"boss_relics":[{"not_picked":["Runic Dome","Velvet Choker"],"picked":"Busted Crown"},{"not_picked":["Orrery","Empty Cage"],"picked":"Calling Bell"}],"items_purged_floors":[31,37,41],"is_endless":false,"potions_floor_spawned":[5,8,11,12,16,19,23,25,30,35,38,40],"killed_by":"The Heart","ascension_level":0}