{"gold_per_floor":[119,119,135,135,145,178,178,33,33,33,33,17,17,44,44,116,116,132,22,22,38,48,48,79,93,93,93,24,51,51],"floor_reached":30,"playtime":1784,"items_purged":[],"score":552,"play_id":"2944bce8-2fdb-4ed5-8926-d1dcdcd0b339","local_time":"20190421124534","is_ascension_mode":true,"campfire_choices":[{"data":"Dagger Spray","floor":7.0,"key":"SMITH"},{"floor":13.0,"key":"REST"},{"data":"Cloak And Dagger","floor":15.0,"key":"SMITH"},{"floor":23.0,"key":"REST"},{"floor":27,"key":"REST"}],"neow_cost":"NONE","seed_source_timestamp":324213786724631,"circlet_count":0,"master_deck":["AscendersBane","Defend_G","Defend_G","Defend_G","Defend_G","Defend_G","Strike_G","Strike_G","Strike_G+1","Survivor","Neutralize+1","Sucker Punch","Dagger Spray+1","Dagger Spray","Backflip","Footwork","Dodge and Roll","Heel Hook","Cloak And Dagger+1","Adrenaline","Finisher","Blur","Flechettes+1","Blade Dance"],"special_seed":0,"relics":["Ring of the Snake","Kunai","Omamori","The Courier","Bottled Lightning","Snecko Eye","Oddly Smooth Stone","Bronze Scales","Torii"],"potions_floor_usage":[24,25,25,29],"damage_taken":[{"damage":0.0,"enemies":"2 Louse","floor":1.0,"turns":2.0},{"damage":0.0,"enemies":"Jaw Worm","floor":3.0,"turns":4.0},{"damage":0.0,"enemies":"Small Slimes","floor":5.0,"turns":4.0},{"damage":24.0,"enemies":"Lagavulin","floor":6.0,"turns":7.0},{"damage":2.0,"enemies":"Exordium Thugs","floor":12.0,"turns":4.0},{"damage":7.0,"enemies":"3 Sentries","floor":14.0,"turns":4.0},{"damage":10.0,"enemies":"The Guardian","floor":16.0,"turns":19.0},{"damage":24.0,"enemies":"Spheric Guardian","floor":18.0,"turns":9.0},{"damage":0.0,"enemies":"3 Byrds","floor":21.0,"turns":5.0},{"damage":19.0,"enemies":"Centurion and Healer","floor":22.0,"turns":17.0},{"damage":11,"enemies":"Slavers","floor":24,"turns":8},{"damage":24,"enemies":"Cultist and Chosen","floor":25,"turns":10},{"damage":11,"enemies":"Gremlin Leader","floor":29,"turns":9},{"damage":18,"enemies":"Snake Plant","floor":30,"turns":5}],"seed_played":"-658748266081672099","potions_obtained":[{"floor":1.0,"key":"Poison Potion"},{"floor":12.0,"key":"Strength Potion"},{"floor":16.0,"key":"Dexterity Potion"},{"floor":22.0,"key":"SneckoOil"},{"floor":24,"key":"SpeedPotion"}],"is_trial":false,"path_per_floor":["M","?","M","?","M","E","R","$","T","$","?","M","R","E","R","B",null,"M","?","$","M","M","R","E","M","T","R","$","E","M"],"character_chosen":"THE_SILENT","items_purchased":["Footwork","Dodge and Roll","GhostInAJar"],"campfire_rested":3,"item_purchase_floors":[8,8,28],"current_hp_per_floor":[65,65,65,54,54,30,30,30,30,30,23,21,42,35,35,25,60,36,36,36,36,17,38,27,3,3,24,24,13,0],"gold":51,"neow_bonus":"TEN_PERCENT_HP_BONUS","is_prod":false,"is_daily":false,"chose_seed":false,"campfire_upgraded":2,"win_rate":0,"timestamp":1555865134,"path_taken":["M","?","M","?","M","E","R","$","T","?","?","M","R","E","R","BOSS","M","?","?","M","M","R","E","M","T","R","$","E","?"],"build_version":"2019-01-23","purchased_purges":0,"victory":false,"max_hp_per_floor":[72,72,72,72,72,72,72,72,72,72,72,72,72,72,72,72,72,72,72,72,72,72,72,72,72,72,72,72,72,72],"card_choices":[{"not_picked":["Accuracy","Underhanded Strike"],"picked":"Sucker Punch","floor":1.0},{"not_picked":["Outmaneuver","Skewer"],"picked":"Dagger Spray","floor":3.0},{"not_picked":["Acrobatics","Concentrate"],"picked":"Dagger Spray","floor":5.0},{"not_picked":["Blur","Sucker Punch"],"picked":"Backflip","floor":6.0},{"not_picked":["Riddle With Holes","Outmaneuver"],"picked":"Heel Hook","floor":12.0},{"not_picked":["Doppelganger","Dagger Throw"],"picked":"Cloak And Dagger","floor":14.0},{"not_picked":["Grand Finale","Storm of Steel"],"picked":"Adrenaline","floor":16.0},{"not_picked":["Concentrate","Reflex"],"picked":"Finisher","floor":18.0},{"not_picked":["All Out Attack","Sucker Punch","Dagger Spray"],"picked":"SKIP","floor":21.0},{"not_picked":["Bane","Flechettes+1"],"picked":"Blur","floor":22.0},{"not_picked":["Blur","Flying Knee"],"picked":"Flechettes+1","floor":24},{"not_picked":["Prepared","Quick Slash"],"picked":"Blade Dance","floor":25},{"not_picked":["Dagger Throw","Prepared","Catalyst"],"picked":"SKIP","floor":29}],"player_experience":748826,"relics_obtained":[{"floor":6.0,"key":"Omamori"},{"floor":9.0,"key":"The Courier"},{"floor":14.0,"key":"Bottled Lightning"},{"floor":24,"key":"Oddly Smooth Stone"},{"floor":26,"key":"Bronze Scales"},{"floor":29,"key":"Torii"}],"event_choices":[{"damage_healed":0.0,"max_hp_gain":0.0,"max_hp_loss":0.0,"gold_gain":0.0,"event_name":"Living Wall","player_choice":"Grow","floor":2.0,"gold_loss":0.0,"damage_taken":0.0,"cards_upgraded":["Neutralize"]},{"damage_healed":0.0,"max_hp_gain":0.0,"max_hp_loss":0.0,"gold_gain":0.0,"event_name":"Scrap Ooze","player_choice":"Success","floor":4.0,"gold_loss":0.0,"damage_taken":11.0,"relics_obtained":["Kunai"]},{"cards_removed":["Strike_G"],"damage_healed":0.0,"max_hp_gain":0.0,"max_hp_loss":0.0,"gold_gain":0.0,"event_name":"Golden Wing","player_choice":"Card Removal","floor":11.0,"gold_loss":0.0,"damage_taken":7.0},{"cards_removed":["Strike_G"],"damage_healed":0.0,"max_hp_gain":0.0,"max_hp_loss":0.0,"gold_gain":0.0,"event_name":"Designer","player_choice":"Upgrade and Remove","floor":19.0,"gold_loss":110.0,"damage_taken":0.0,"cards_upgraded":["Strike_G"]}],"is_beta":false,"boss_relics":[{"not_picked":["Velvet Choker","Runic Dome"],"picked":"Snecko Eye"}],"items_purged_floors":[],"is_endless":false,"potions_floor_spawned":[1,12,16,22,24],"killed_by":"Snake Plant","ascension_level":20}