{"gold_per_floor":[110,127,143,161,17,17,17,31,109,124,150,50,50,64,64,141,141,155,155,116,129,148,148],"floor_reached":23,"playtime":1994,"items_purged":["Strike_G","Defend_G"],"score":385,"play_id":"0ef42e92-5360-4c55-9ec2-4fc7960132e4","local_time":"20190609100759","is_ascension_mode":true,"campfire_choices":[{"floor":6,"key":"REST"},{"floor":13,"key":"REST"},{"floor":15,"key":"REST"}],"neow_cost":"NONE","seed_source_timestamp":2217334427716875,"circlet_count":0,"master_deck":["AscendersBane","Defend_G","Defend_G","Defend_G","Strike_G","Strike_G","Strike_G","Survivor","Neutralize","Dagger Spray","Cloak And Dagger","Blur","Corpse Explosion","Footwork","All Out Attack","Slice","Predator","Corpse Explosion","All Out Attack+1","Crippling Poison","Cloak And Dagger","Tools of the Trade"],"relics":["Ring of the Snake","CultistMask","Tiny Chest","Pantograph","Nloth\u0027s Gift"],"potions_floor_usage":[21,23],"damage_taken":[{"damage":0,"enemies":"Cultist","floor":1,"turns":4},{"damage":6,"enemies":"Jaw Worm","floor":2,"turns":6},{"damage":6,"enemies":"Small Slimes","floor":3,"turns":4},{"damage":35,"enemies":"Gremlin Gang","floor":4,"turns":6},{"damage":18,"enemies":"Exordium Thugs","floor":8,"turns":4},{"damage":16,"enemies":"Lots of Slimes","floor":10,"turns":3},{"damage":15,"enemies":"3 Sentries","floor":11,"turns":4},{"damage":0,"enemies":"3 Louse","floor":14,"turns":2},{"damage":43,"enemies":"The Guardian","floor":16,"turns":16},{"damage":36,"enemies":"Spheric Guardian","floor":18,"turns":6},{"damage":0,"enemies":"3 Byrds","floor":21,"turns":2},{"damage":19,"enemies":"Centurion and Healer","floor":22,"turns":5},{"damage":13,"enemies":"Slavers","floor":23,"turns":1}],"seed_played":"2071181703029420949","potions_obtained":[{"floor":2,"key":"Ancient Potion"},{"floor":10,"key":"FairyPotion"},{"floor":16,"key":"Energy Potion"},{"floor":22,"key":"Swift Potion"}],"is_trial":false,"path_per_floor":["M","M","M","M","$","R","?","M","T","M","E","$","R","M","R","B",null,"M","?","$","M","M","E"],"character_chosen":"THE_SILENT","items_purchased":["Footwork","Crippling Poison"],"campfire_rested":3,"item_purchase_floors":[5,20],"current_hp_per_floor":[65,59,53,18,18,39,39,21,21,5,2,2,23,23,44,26,61,25,25,25,25,6,0],"gold":148,"neow_bonus":"TEN_PERCENT_HP_BONUS","is_prod":false,"is_daily":false,"chose_seed":false,"campfire_upgraded":0,"win_rate":0,"timestamp":1560092879,"path_taken":["M","?","M","M","$","R","?","?","T","?","E","?","R","M","R","BOSS","M","?","$","M","?","E"],"build_version":"2019-01-23","purchased_purges":2,"victory":false,"max_hp_per_floor":[72,72,72,72,72,72,72,72,72,72,72,72,72,72,72,72,72,72,72,72,72,72,72],"card_choices":[{"not_picked":["Quick Slash","Deadly Poison"],"picked":"Dagger Spray","floor":1},{"not_picked":["Dagger Throw","Underhanded Strike"],"picked":"Cloak And Dagger","floor":2},{"not_picked":["Backflip","Dagger Throw"],"picked":"Blur","floor":3},{"not_picked":["Quick Slash","Skewer"],"picked":"Corpse Explosion","floor":4},{"not_picked":["Distraction","Flying Knee"],"picked":"All Out Attack","floor":8},{"not_picked":["Poisoned Stab","Dagger Throw"],"picked":"Slice","floor":10},{"not_picked":["Eviscerate","Underhanded Strike","Concentrate"],"picked":"SKIP","floor":11},{"not_picked":["Dodge and Roll","Finisher"],"picked":"Predator","floor":14},{"not_picked":["Grand Finale","Die Die Die"],"picked":"Corpse Explosion","floor":16},{"not_picked":["Catalyst","Caltrops"],"picked":"All Out Attack+1","floor":18},{"not_picked":["Dodge and Roll","Concentrate"],"picked":"Cloak And Dagger","floor":21},{"not_picked":["Infinite Blades","Doppelganger"],"picked":"Tools of the Trade","floor":22}],"player_experience":1275231,"relics_obtained":[{"floor":9,"key":"Tiny Chest"},{"floor":11,"key":"Pantograph"}],"event_choices":[{"damage_healed":0,"gold_gain":0,"player_choice":"Trade","damage_taken":0,"relics_obtained":["CultistMask"],"max_hp_gain":0,"max_hp_loss":0,"event_name":"FaceTrader","floor":7,"gold_loss":0},{"damage_healed":0,"gold_gain":0,"player_choice":"Traded Relic","damage_taken":0,"relics_obtained":["Nloth\u0027s Gift"],"max_hp_gain":0,"max_hp_loss":0,"event_name":"N\u0027loth","floor":19,"relics_lost":["Empty Cage"],"gold_loss":0}],"is_beta":false,"boss_relics":[{"not_picked":["WristBlade","HoveringKite"],"picked":"Empty Cage"}],"items_purged_floors":[5,12],"is_endless":false,"potions_floor_spawned":[2,10,16,22],"killed_by":"Slavers","ascension_level":15}