{"gold_per_floor":[19,33,108,125,142,142,155,54,54,82,144,169,169,188,188,188],"floor_reached":16,"playtime":1019,"items_purged":["Strike_R"],"score":122,"play_id":"2ecf72e1-638d-471a-99e2-da699f4a8144","local_time":"20190607120638","is_ascension_mode":true,"campfire_choices":[{"floor":6,"key":"REST"},{"floor":13,"key":"REST"},{"floor":15,"key":"REST"}],"neow_cost":"NO_GOLD","seed_source_timestamp":11681029460490,"circlet_count":0,"master_deck":["Strike_R","Strike_R","Strike_R","Strike_R","Defend_R","Defend_R","Defend_R","Defend_R","Bash","Pummel","Metallicize","Armaments","Body Slam","Body Slam","Shockwave","Shrug It Off"],"relics":["Burning Blood","Ginger","Blue Candle","Odd Mushroom","Bottled Lightning","Letter Opener"],"potions_floor_usage":[11,12,16,16],"damage_taken":[{"damage":5,"enemies":"Small Slimes","floor":1,"turns":4},{"damage":7,"enemies":"2 Louse","floor":2,"turns":3},{"damage":1,"enemies":"Cultist","floor":4,"turns":3},{"damage":54,"enemies":"Exordium Thugs","floor":5,"turns":7},{"damage":2,"enemies":"Large Slime","floor":7,"turns":9},{"damage":6,"enemies":"The Mushroom Lair","floor":10,"turns":6},{"damage":16,"enemies":"Gremlin Nob","floor":11,"turns":3},{"damage":37,"enemies":"3 Sentries","floor":12,"turns":15},{"damage":13,"enemies":"3 Louse","floor":14,"turns":5},{"damage":55,"enemies":"Hexaghost","floor":16,"turns":11}],"seed_played":"-6392945090521410585","potions_obtained":[{"floor":1,"key":"SteroidPotion"},{"floor":5,"key":"Ancient Potion"},{"floor":10,"key":"GamblersBrew"},{"floor":12,"key":"FearPotion"},{"floor":14,"key":"Energy Potion"}],"is_trial":false,"path_per_floor":["M","M","?","M","M","R","M","$","T","?","?","E","R","M","R","B"],"character_chosen":"IRONCLAD","items_purchased":["Body Slam"],"campfire_rested":3,"item_purchase_floors":[8],"current_hp_per_floor":[80,79,68,73,25,49,53,53,53,53,43,12,36,29,53,0],"gold":188,"neow_bonus":"ONE_RARE_RELIC","is_prod":false,"is_daily":false,"chose_seed":false,"campfire_upgraded":0,"win_rate":0,"timestamp":1559901998,"path_taken":["M","M","?","M","M","R","M","$","T","?","?","E","R","M","R","BOSS"],"build_version":"2019-01-23","purchased_purges":1,"victory":false,"max_hp_per_floor":[80,80,80,80,80,80,80,80,80,80,80,80,80,80,80,80],"card_choices":[{"not_picked":["Spot Weakness","Heavy Blade"],"picked":"Pummel","floor":1},{"not_picked":["Havoc","Wild Strike","Thunderclap"],"picked":"SKIP","floor":2},{"not_picked":["Brutality","Intimidate"],"picked":"Metallicize","floor":4},{"not_picked":["Wild Strike","Intimidate"],"picked":"Armaments","floor":5},{"not_picked":["True Grit","Twin Strike"],"picked":"Body Slam","floor":7},{"not_picked":["Searing Blow","Havoc"],"picked":"Shockwave","floor":12},{"not_picked":["Carnage","Rupture"],"picked":"Shrug It Off","floor":14}],"player_experience":198664,"relics_obtained":[{"floor":9,"key":"Blue Candle"},{"floor":10,"key":"Odd Mushroom"},{"floor":11,"key":"Bottled Lightning"},{"floor":12,"key":"Letter Opener"}],"event_choices":[{"damage_healed":0,"gold_gain":75,"player_choice":"Gather Gold","damage_taken":11,"max_hp_gain":0,"max_hp_loss":0,"event_name":"World of Goop","floor":3,"gold_loss":0},{"damage_healed":0,"gold_gain":0,"player_choice":"Fought Mushrooms","damage_taken":0,"max_hp_gain":0,"max_hp_loss":0,"event_name":"Mushrooms","floor":10,"gold_loss":0},{"damage_healed":0,"gold_gain":0,"player_choice":"Searched \u00272\u0027 times","damage_taken":0,"max_hp_gain":0,"max_hp_loss":0,"event_name":"Dead Adventurer","floor":11,"gold_loss":0}],"is_beta":false,"boss_relics":[],"items_purged_floors":[8],"is_endless":false,"potions_floor_spawned":[1,5,10,12,14],"killed_by":"Hexaghost","ascension_level":4}