{"gold_per_floor":[117,129,129,204,204,233,233,246,246,246,275,293,293,293,293,397,397,414,7,19,19,19,48,63,73,126,126,140,140,140,159,159,257,257,276,276,289,302,302,302,302,3,3,3,20,20,40,140,140,140],"floor_reached":51,"playtime":3134,"items_purged":[],"score":915,"play_id":"958bb05d-8666-4521-934a-6997b819f869","local_time":"20190717203630","is_ascension_mode":true,"campfire_choices":[{"data":"Zap","floor":7,"key":"SMITH"},{"floor":15,"key":"REST"},{"floor":27,"key":"REST"},{"floor":30,"key":"REST"},{"floor":32,"key":"REST"},{"floor":41,"key":"REST"},{"data":"Echo Form","floor":44,"key":"SMITH"},{"floor":46,"key":"REST"},{"floor":49,"key":"REST"}],"neow_cost":"NONE","seed_source_timestamp":18788031747599,"circlet_count":0,"master_deck":["Defend_B","Defend_B","Defend_B","Defend_B","Zap+1","Dualcast","Capacitor","Ball Lightning","Amplify","FTL","Streamline","Cold Snap","Electrodynamics","Conserve Battery","Cold Snap","White Noise","Lockon","RitualDagger","Conserve Battery","Conserve Battery+1","Capacitor","Hologram+1","Bite","Bite","Bite","Bite","Bite","Echo Form+1","Redo","Madness","Madness","Cold Snap+1","Ball Lightning+1","Static Discharge+1"],"relics":["Cracked Core","NeowsBlessing","Gremlin Horn","Vajra","Shuriken","Pocketwatch","Symbiotic Virus","Black Star","DataDisk","Bag of Marbles","Ancient Tea Set","Centennial Puzzle","Lantern","Busted Crown","Ice Cream","Molten Egg 2","Calipers"],"potions_floor_usage":[11,20,20,37,40,47,50,50],"damage_taken":[{"damage":0,"enemies":"Small Slimes","floor":1,"turns":1},{"damage":0,"enemies":"Jaw Worm","floor":2,"turns":1},{"damage":0,"enemies":"Lagavulin","floor":6,"turns":1},{"damage":5,"enemies":"2 Louse","floor":8,"turns":2},{"damage":18,"enemies":"Gremlin Nob","floor":11,"turns":4},{"damage":7,"enemies":"Looter","floor":12,"turns":3},{"damage":0,"enemies":"Slime Boss","floor":16,"turns":4},{"damage":0,"enemies":"3 Byrds","floor":18,"turns":2},{"damage":23,"enemies":"2 Thieves","floor":20,"turns":3},{"damage":39,"enemies":"Gremlin Leader","floor":23,"turns":4},{"damage":3,"enemies":"Snecko","floor":24,"turns":3},{"damage":0,"enemies":"Chosen and Byrds","floor":25,"turns":4},{"damage":15,"enemies":"Shelled Parasite and Fungi","floor":28,"turns":4},{"damage":12,"enemies":"Snake Plant","floor":31,"turns":3},{"damage":16,"enemies":"Champ","floor":33,"turns":9},{"damage":37,"enemies":"3 Darklings","floor":35,"turns":4},{"damage":6,"enemies":"Orb Walker","floor":37,"turns":3},{"damage":8,"enemies":"3 Darklings","floor":38,"turns":3},{"damage":0,"enemies":"Reptomancer","floor":40,"turns":1},{"damage":17,"enemies":"Sphere and 2 Shapes","floor":45,"turns":4},{"damage":31,"enemies":"Maw","floor":47,"turns":7},{"damage":0,"enemies":"Mind Bloom Boss Battle","floor":48,"turns":7},{"damage":38,"enemies":"Donu and Deca","floor":50,"turns":5}],"seed_played":"-1876694325388510911","potions_obtained":[{"floor":2,"key":"Explosive Potion"},{"floor":6,"key":"PowerPotion"},{"floor":12,"key":"SmokeBomb"},{"floor":16,"key":"Poison Potion"},{"floor":18,"key":"Regen Potion"},{"floor":24,"key":"LiquidBronze"},{"floor":31,"key":"SteroidPotion"},{"floor":33,"key":"Fire Potion"},{"floor":36,"key":"Regen Potion"},{"floor":38,"key":"Dexterity Potion"},{"floor":48,"key":"FocusPotion"}],"is_trial":false,"path_per_floor":["M","M","?","?","?","E","R","M","T","T","E","M","?","?","R","B",null,"M","$","M","$","?","E","M","M","T","R","M","?","R","M","R","B",null,"M","?","M","M","?","E","R","$","T","R","M","R","M","?","R","B",null],"character_chosen":"DEFECT","items_purchased":["DataDisk","Bag of Marbles","Cold Snap","White Noise","Ice Cream"],"campfire_rested":7,"item_purchase_floors":[19,19,19,19,42],"current_hp_per_floor":[75,75,75,64,57,57,57,52,52,52,34,27,27,27,49,49,75,75,75,57,57,51,12,9,9,9,31,16,16,31,27,42,42,52,19,19,28,22,15,15,30,30,30,30,23,38,21,35,50,18],"gold":140,"neow_bonus":"THREE_ENEMY_KILL","is_prod":false,"is_daily":false,"chose_seed":false,"campfire_upgraded":2,"win_rate":0,"timestamp":1563388590,"path_taken":["M","M","?","?","?","E","R","M","T","?","E","?","?","?","R","BOSS","M","$","M","?","?","E","M","M","T","R","M","?","R","?","R","BOSS","M","?","?","M","?","E","R","$","T","R","M","R","M","?","R","BOSS"],"build_version":"2019-07-05","purchased_purges":0,"victory":true,"max_hp_per_floor":[75,75,75,75,75,75,75,75,75,75,75,75,75,75,75,75,75,75,75,75,75,75,75,75,75,75,75,75,52,52,52,52,52,52,52,52,52,52,52,52,52,52,52,52,52,52,52,52,52,52],"card_choices":[{"not_picked":["Leap","Self Repair"],"picked":"Capacitor","floor":1},{"not_picked":["Beam Cell","Rebound"],"picked":"Ball Lightning","floor":2},{"not_picked":["Stack","Turbo"],"picked":"Amplify","floor":6},{"not_picked":["Stack","Static Discharge"],"picked":"FTL","floor":8},{"not_picked":["Barrage","Sweeping Beam"],"picked":"Streamline","floor":11},{"not_picked":["Melter","Turbo"],"picked":"Cold Snap","floor":12},{"not_picked":["Fission","Core Surge"],"picked":"Electrodynamics","floor":16},{"not_picked":["Barrage","Go for the Eyes"],"picked":"Conserve Battery","floor":18},{"not_picked":["Skim","Barrage"],"picked":"Lockon","floor":20},{"not_picked":["Hello World","Compile Driver"],"picked":"Conserve Battery","floor":23},{"not_picked":["Skim+1","Consume"],"picked":"Conserve Battery+1","floor":24},{"not_picked":["Compile Driver","Rebound"],"picked":"Capacitor","floor":25},{"not_picked":["Chaos","Gash+1"],"picked":"Hologram+1","floor":28},{"not_picked":["Hologram","Coolheaded","Sweeping Beam"],"picked":"SKIP","floor":31},{"not_picked":["Thunder Strike","Electrodynamics"],"picked":"Echo Form","floor":33},{"not_picked":["Coolheaded"],"picked":"SKIP","floor":35},{"not_picked":["Rebound"],"picked":"SKIP","floor":37},{"not_picked":[],"picked":"Redo","floor":38},{"not_picked":[],"picked":"Cold Snap+1","floor":45},{"not_picked":[],"picked":"Ball Lightning+1","floor":47},{"not_picked":[],"picked":"Static Discharge+1","floor":48}],"player_experience":272485,"relics_obtained":[{"floor":6,"key":"Gremlin Horn"},{"floor":9,"key":"Vajra"},{"floor":10,"key":"Shuriken"},{"floor":11,"key":"Pocketwatch"},{"floor":23,"key":"Ancient Tea Set"},{"floor":23,"key":"Centennial Puzzle"},{"floor":26,"key":"Lantern"},{"floor":43,"key":"Molten Egg 2"},{"floor":48,"key":"Calipers"}],"event_choices":[{"cards_removed":["Strike_B"],"damage_healed":0,"gold_gain":0,"player_choice":"Forget","damage_taken":0,"max_hp_gain":0,"max_hp_loss":0,"event_name":"Living Wall","floor":3,"gold_loss":0},{"damage_healed":0,"gold_gain":75,"player_choice":"Gather Gold","damage_taken":11,"max_hp_gain":0,"max_hp_loss":0,"event_name":"World of Goop","floor":4,"gold_loss":0},{"cards_removed":["Strike_B"],"damage_healed":0,"gold_gain":0,"player_choice":"Card Removal","damage_taken":7,"max_hp_gain":0,"max_hp_loss":0,"event_name":"Golden Wing","floor":5,"gold_loss":0},{"damage_healed":0,"gold_gain":0,"player_choice":"Ignored","damage_taken":0,"max_hp_gain":0,"max_hp_loss":0,"event_name":"Shining Light","floor":13,"gold_loss":0},{"damage_healed":0,"gold_gain":0,"player_choice":"Gave Potion","damage_taken":0,"relics_obtained":["Symbiotic Virus"],"max_hp_gain":0,"max_hp_loss":0,"event_name":"WeMeetAgain","floor":14,"gold_loss":0},{"damage_healed":0,"gold_gain":0,"player_choice":"Joined the Cult","damage_taken":6,"max_hp_gain":0,"max_hp_loss":0,"event_name":"Nest","floor":22,"gold_loss":0,"cards_obtained":["RitualDagger"]},{"damage_healed":0,"gold_gain":0,"player_choice":"Became a vampire","damage_taken":0,"max_hp_gain":0,"max_hp_loss":23,"event_name":"Vampires","floor":29,"gold_loss":0,"cards_obtained":["Bite","Bite","Bite","Bite","Bite"]},{"damage_healed":0,"gold_gain":0,"player_choice":"Got Potions","damage_taken":0,"max_hp_gain":0,"max_hp_loss":0,"event_name":"Lab","floor":36,"gold_loss":0},{"damage_healed":0,"gold_gain":0,"player_choice":"Embrace Madness","damage_taken":7,"max_hp_gain":0,"max_hp_loss":0,"event_name":"Winding Halls","floor":39,"gold_loss":0,"cards_obtained":["Madness","Madness"]},{"damage_healed":0,"gold_gain":0,"player_choice":"Fight","damage_taken":0,"max_hp_gain":0,"max_hp_loss":0,"event_name":"MindBloom","floor":48,"gold_loss":0}],"is_beta":false,"boss_relics":[{"not_picked":["White Beast Statue","Orrery"],"picked":"Black Star"},{"not_picked":["Lizard Tail","Tiny House"],"picked":"Busted Crown"}],"items_purged_floors":[],"is_endless":false,"potions_floor_spawned":[2,6,12,16,18,24,31,33,35,38,48],"ascension_level":3}