{"gold_per_floor":[114,114,114,125,135,135,168,168,168,196,196,211,228,260,260,333,333],"floor_reached":17,"playtime":587,"items_purged":[],"score":350,"play_id":"fdf56fb8-3447-499e-a1ef-fd67ff1847bc","local_time":"20190929101115","is_ascension_mode":true,"campfire_choices":[{"data":"Uppercut","floor":6.0,"key":"SMITH"},{"data":"Evolve","floor":8.0,"key":"SMITH"},{"data":"Battle Trance","floor":11.0,"key":"SMITH"},{"floor":15.0,"key":"REST"}],"neow_cost":"NONE","seed_source_timestamp":0,"circlet_count":0,"master_deck":["AscendersBane","Strike_R","Strike_R","Strike_R","Strike_R","Defend_R","Defend_R","Defend_R","Defend_R","Bash+1","Uppercut+1","Sword Boomerang","Evolve+1","Battle Trance+1","Ghostly Armor","Headbutt","Offering"],"special_seed":0,"relics":["Burning Blood","Shuriken","Oddly Smooth Stone","Juzu Bracelet","Pen Nib","Snecko Eye"],"potions_floor_usage":[],"damage_taken":[{"damage":4.0,"enemies":"Small Slimes","floor":1.0,"turns":5.0},{"damage":9.0,"enemies":"Jaw Worm","floor":4.0,"turns":4.0},{"damage":1.0,"enemies":"Cultist","floor":5.0,"turns":3.0},{"damage":25.0,"enemies":"Lagavulin","floor":7.0,"turns":6.0},{"damage":31.0,"enemies":"3 Sentries","floor":10.0,"turns":11.0},{"damage":11.0,"enemies":"Exordium Wildlife","floor":12.0,"turns":7.0},{"damage":1.0,"enemies":"Blue Slaver","floor":13.0,"turns":4.0},{"damage":12.0,"enemies":"Gremlin Nob","floor":14.0,"turns":4.0},{"damage":51.0,"enemies":"Slime Boss","floor":16.0,"turns":8.0}],"seed_played":"4576455285139306607","potions_obtained":[{"floor":4.0,"key":"BloodPotion"},{"floor":5.0,"key":"Strength Potion"},{"floor":13.0,"key":"Block Potion"},{"floor":14.0,"key":"Weak Potion"},{"floor":16.0,"key":"PowerPotion"}],"is_trial":false,"path_per_floor":["M","?","?","M","M","R","E","R","T","E","R","M","M","E","R","B",null],"character_chosen":"IRONCLAD","items_purchased":[],"campfire_rested":1,"item_purchase_floors":[],"current_hp_per_floor":[70,63,63,60,65,65,46,46,46,36,36,31,36,30,52,7,58],"gold":333,"neow_bonus":"UPGRADE_CARD","is_prod":false,"is_daily":false,"chose_seed":false,"campfire_upgraded":3,"win_rate":0,"timestamp":1569777075,"path_taken":["M","?","?","M","M","R","E","R","T","E","R","M","M","E","R","BOSS"],"build_version":"2019-09-27","purchased_purges":0,"victory":false,"max_hp_per_floor":[75,75,75,75,75,75,75,75,75,75,75,75,75,75,75,75,75],"card_choices":[{"not_picked":["Flex","Infernal Blade"],"picked":"Uppercut","floor":1.0},{"not_picked":["Body Slam","Sever Soul"],"picked":"Sword Boomerang","floor":4.0},{"not_picked":["Wild Strike","Havoc"],"picked":"Evolve","floor":5.0},{"not_picked":["Brutality","Cleave"],"picked":"Battle Trance","floor":7.0},{"not_picked":["Pommel Strike","Havoc"],"picked":"Ghostly Armor","floor":10.0},{"not_picked":["Cleave","Heavy Blade","Blood for Blood"],"picked":"SKIP","floor":12.0},{"not_picked":["Twin Strike","Armaments"],"picked":"Headbutt","floor":13.0},{"not_picked":["Clash","Evolve","Havoc"],"picked":"SKIP","floor":14.0},{"not_picked":["Feed","Juggernaut"],"picked":"Offering","floor":16.0}],"player_experience":1111269,"relics_obtained":[{"floor":7.0,"key":"Shuriken"},{"floor":9.0,"key":"Oddly Smooth Stone"},{"floor":10.0,"key":"Juzu Bracelet"},{"floor":14.0,"key":"Pen Nib"}],"event_choices":[{"cards_removed":["Strike_R"],"damage_healed":0.0,"max_hp_gain":0.0,"max_hp_loss":0.0,"gold_gain":0.0,"event_name":"Golden Wing","player_choice":"Card Removal","floor":2.0,"gold_loss":0.0,"damage_taken":7.0},{"damage_healed":0.0,"max_hp_gain":0.0,"max_hp_loss":0.0,"gold_gain":0.0,"event_name":"Liars Game","player_choice":"Ignored","floor":3.0,"gold_loss":0.0,"damage_taken":0.0}],"is_beta":true,"boss_relics":[{"not_picked":["SlaversCollar","Fusion Hammer"],"picked":"Snecko Eye"}],"items_purged_floors":[],"is_endless":false,"potions_floor_spawned":[4,5,13,14,16],"ascension_level":20}