{"gold_per_floor":[114,64,64,64,81,100,375,400,400,411,101,128,2,21,21,125,125,140,175,175,195,207,207,223,223,223,237,96,96,107,107],"floor_reached":31,"playtime":2894,"items_purged":["Regret","Strike_R"],"score":259,"play_id":"64fa6b86-e895-4c06-950c-72e8b8088e63","local_time":"20190529111900","is_ascension_mode":true,"campfire_choices":[{"floor":15,"key":"RECALL"},{"data":"Armaments","floor":23,"key":"SMITH"},{"floor":25,"key":"REST"},{"data":"Body Slam","floor":29,"key":"SMITH"}],"neow_cost":"PERCENT_DAMAGE","seed_source_timestamp":177336210472921,"circlet_count":0,"master_deck":["Strike_R","Strike_R","Defend_R","Defend_R","Defend_R","Bash","Whirlwind","Shrug It Off","Spot Weakness","Armaments+1","Inflame","Barricade","Body Slam+1","Body Slam+1","Sword Boomerang+1","Feed"],"relics":["Burning Blood","Vajra","Lee\u0027s Waffle","Blood Vial","Philosopher\u0027s Stone","Red Mask","Nloth\u0027s Gift","Dodecahedron"],"potions_floor_usage":[16,16,31],"damage_taken":[{"damage":0,"enemies":"2 Louse","floor":1,"turns":3},{"damage":2,"enemies":"Small Slimes","floor":5,"turns":3},{"damage":8,"enemies":"Cultist","floor":6,"turns":5},{"damage":47,"enemies":"3 Sentries","floor":8,"turns":8},{"damage":7,"enemies":"Looter","floor":10,"turns":4},{"damage":45,"enemies":"Lagavulin","floor":12,"turns":8},{"damage":2,"enemies":"3 Louse","floor":14,"turns":3},{"damage":52,"enemies":"Hexaghost","floor":16,"turns":13},{"damage":17,"enemies":"Shell Parasite","floor":18,"turns":6},{"damage":66,"enemies":"Masked Bandits","floor":19,"turns":4},{"damage":17,"enemies":"2 Thieves","floor":21,"turns":3},{"damage":19,"enemies":"Snecko","floor":22,"turns":4},{"damage":10,"enemies":"Centurion and Healer","floor":24,"turns":4},{"damage":8,"enemies":"Cultist and Chosen","floor":27,"turns":4},{"damage":25,"enemies":"3 Cultists","floor":30,"turns":4},{"damage":35,"enemies":"Gremlin Leader","floor":31,"turns":4}],"seed_played":"-7660059249147949261","potions_obtained":[{"floor":1,"key":"EssenceOfSteel"},{"floor":6,"key":"FairyPotion"},{"floor":12,"key":"PowerPotion"},{"floor":19,"key":"Ancient Potion"},{"floor":21,"key":"AttackPotion"},{"floor":27,"key":"Ancient Potion"}],"is_trial":false,"path_per_floor":["M","?","?","?","M","M","?","E","T","M","$","E","$","M","R","B",null,"M","?","?","M","M","R","M","R","T","M","$","R","M","E"],"character_chosen":"IRONCLAD","items_purchased":["Lee\u0027s Waffle","Shrug It Off","Armaments","Feed"],"campfire_rested":1,"item_purchase_floors":[11,11,13,28],"current_hp_per_floor":[62,62,62,55,59,57,57,16,16,15,87,48,48,54,54,10,87,76,18,18,9,14,14,12,38,38,38,38,38,24,0],"gold":107,"neow_bonus":"ONE_RARE_RELIC","is_prod":false,"is_daily":false,"chose_seed":false,"campfire_upgraded":2,"win_rate":0,"timestamp":1559121540,"path_taken":["M","?","?","?","M","M","?","E","T","M","$","E","$","?","R","BOSS","M","?","?","?","M","R","M","R","T","?","$","R","M","E"],"build_version":"2019-01-23","purchased_purges":2,"victory":false,"max_hp_per_floor":[80,80,80,80,80,80,80,80,80,80,87,87,87,87,87,87,87,87,87,87,87,87,87,87,87,87,87,87,87,90,90],"card_choices":[{"not_picked":["Combust","Thunderclap"],"picked":"Whirlwind","floor":1},{"not_picked":["Ghostly Armor","Twin Strike","Bloodletting"],"picked":"SKIP","floor":5},{"not_picked":["Uppercut","Headbutt","Wild Strike"],"picked":"SKIP","floor":6},{"not_picked":["Second Wind","Seeing Red","Carnage"],"picked":"SKIP","floor":8},{"not_picked":["Wild Strike","True Grit","Anger"],"picked":"SKIP","floor":10},{"not_picked":["True Grit","Rage"],"picked":"Spot Weakness","floor":12},{"not_picked":["Twin Strike","Bloodletting"],"picked":"Inflame","floor":14},{"not_picked":["Berserk","Limit Break"],"picked":"Barricade","floor":16},{"not_picked":["Pommel Strike+1","Clash+1","Headbutt"],"picked":"SKIP","floor":18},{"not_picked":["Heavy Blade","Perfected Strike+1"],"picked":"Body Slam","floor":19},{"not_picked":["Evolve","Havoc"],"picked":"Body Slam+1","floor":21},{"not_picked":["Bloodletting","Clash","Searing Blow"],"picked":"SKIP","floor":22},{"not_picked":["Body Slam","Carnage","True Grit"],"picked":"SKIP","floor":24},{"not_picked":["Exhume","Shockwave+1"],"picked":"Sword Boomerang+1","floor":27},{"not_picked":["Dual Wield","Perfected Strike","Headbutt"],"picked":"SKIP","floor":30}],"player_experience":132958,"relics_obtained":[{"floor":8,"key":"Vajra"},{"floor":12,"key":"Blood Vial"},{"floor":19,"key":"Red Mask"},{"floor":26,"key":"Dodecahedron"}],"event_choices":[{"cards_removed":["Strike_R"],"damage_healed":0,"gold_gain":0,"player_choice":"Card Removal","damage_taken":0,"max_hp_gain":0,"max_hp_loss":0,"event_name":"The Cleric","floor":2,"gold_loss":50},{"cards_removed":["Strike_R"],"damage_healed":0,"gold_gain":0,"player_choice":"Forget","damage_taken":0,"max_hp_gain":0,"max_hp_loss":0,"event_name":"Living Wall","floor":3,"gold_loss":0},{"cards_removed":["Defend_R"],"damage_healed":0,"gold_gain":0,"player_choice":"Card Removal","damage_taken":7,"max_hp_gain":0,"max_hp_loss":0,"event_name":"Golden Wing","floor":4,"gold_loss":0},{"damage_healed":0,"gold_gain":275,"player_choice":"Desecrate","damage_taken":0,"max_hp_gain":0,"max_hp_loss":0,"event_name":"Golden Shrine","floor":7,"gold_loss":0,"cards_obtained":["Regret"]},{"damage_healed":0,"gold_gain":0,"player_choice":"Fought Bandits","damage_taken":0,"max_hp_gain":0,"max_hp_loss":0,"event_name":"Masked Bandits","floor":19,"gold_loss":0},{"damage_healed":0,"gold_gain":0,"player_choice":"Traded Relic","damage_taken":0,"relics_obtained":["Nloth\u0027s Gift"],"max_hp_gain":0,"max_hp_loss":0,"event_name":"N\u0027loth","floor":20,"relics_lost":["Nunchaku"],"gold_loss":0}],"is_beta":false,"boss_relics":[{"not_picked":["Coffee Dripper","Fusion Hammer"],"picked":"Philosopher\u0027s Stone"}],"items_purged_floors":[11,13],"is_endless":false,"potions_floor_spawned":[1,6,12,19,21,27],"killed_by":"Gremlin Leader","ascension_level":1}