{"gold_per_floor":[115,115,40,115,15,15,33,33,33,33,33,67,77,77,77,156,156,174,189,239,114,39,39,51,70,127,127,127,127,147,147,147,222,222,237,87,100,200,180,180,192,192,192,218,243,267,279,116,116,116,116],"floor_reached":52,"playtime":2491,"items_purged":["Strike_P","CurseOfTheBell","Strike_P","Defend_P+1"],"score":1965,"play_id":"54644915-4f5a-4ffe-a17f-c8c11974d93f","local_time":"20190924191643","is_ascension_mode":true,"campfire_choices":[{"data":"Eruption","floor":6,"key":"SMITH"},{"data":"Evaluate","floor":8,"key":"SMITH"},{"data":"Vigilance","floor":11,"key":"SMITH"},{"data":"DeusExMachina","floor":15,"key":"SMITH"},{"data":"Sanctity","floor":23,"key":"SMITH"},{"data":"ReachHeaven","floor":29,"key":"SMITH"},{"data":"Defend_P","floor":32,"key":"SMITH"},{"data":"Defend_P","floor":40,"key":"SMITH"},{"floor":42,"key":"RECALL"},{"floor":49,"key":"REST"}],"neow_cost":"NONE","seed_source_timestamp":139536497121700,"circlet_count":0,"master_deck":["AscendersBane","Eruption+1","Vigilance+1","Evaluate+1","DeusExMachina+1","ReachHeaven+1","Sanctity+1"],"relics":["PureWater","NeowsBlessing","StrikeDummy","Mercury Hourglass","TungstenRod","Calling Bell","Vajra","Darkstone Periapt","CaptainsWheel","Tiny Chest","Busted Crown","Prayer Wheel","MawBank"],"potions_floor_usage":[19,24,33,50,51],"damage_taken":[{"damage":0,"enemies":"Small Slimes","floor":1,"turns":1},{"damage":0,"enemies":"2 Louse","floor":7,"turns":1},{"damage":0,"enemies":"Gremlin Nob","floor":12,"turns":1},{"damage":0,"enemies":"Cultist","floor":13,"turns":3},{"damage":0,"enemies":"The Guardian","floor":16,"turns":15},{"damage":0,"enemies":"Chosen","floor":18,"turns":4},{"damage":11,"enemies":"2 Thieves","floor":19,"turns":3},{"damage":6,"enemies":"Shelled Parasite and Fungi","floor":24,"turns":4},{"damage":0,"enemies":"Sentry and Sphere","floor":25,"turns":5},{"damage":3,"enemies":"Snake Plant","floor":30,"turns":2},{"damage":19,"enemies":"Champ","floor":33,"turns":13},{"damage":0,"enemies":"Orb Walker","floor":35,"turns":4},{"damage":0,"enemies":"3 Shapes","floor":37,"turns":3},{"damage":0,"enemies":"Mind Bloom Boss Battle","floor":38,"turns":6},{"damage":1,"enemies":"Writhing Mass","floor":41,"turns":5},{"damage":0,"enemies":"Transient","floor":44,"turns":6},{"damage":1,"enemies":"Jaw Worm Horde","floor":45,"turns":4},{"damage":0,"enemies":"Maw","floor":46,"turns":6},{"damage":37,"enemies":"Time Eater","floor":50,"turns":8},{"damage":26,"enemies":"Awakened One","floor":51,"turns":20}],"seed_played":"8212501330547361635","potions_obtained":[{"floor":7,"key":"Explosive Potion"},{"floor":13,"key":"EssenceOfSteel"},{"floor":18,"key":"Dexterity Potion"},{"floor":25,"key":"Regen Potion"},{"floor":30,"key":"Swift Potion"},{"floor":35,"key":"DuplicationPotion"},{"floor":37,"key":"FearPotion"}],"is_trial":false,"path_per_floor":["M","?","?","?","$","R","M","R","T","T","R","E","M","?","R","B",null,"M","M","?","$","?","R","M","M","T","?","?","R","M","$","R","B",null,"M","$","M","?","?","R","M","R","T","M","M","M","?","$","R","B","B",null],"character_chosen":"WATCHER","items_purchased":[],"campfire_rested":1,"item_purchase_floors":[],"current_hp_per_floor":[55,60,60,49,49,49,49,49,49,49,49,49,49,49,49,49,62,62,51,51,51,51,51,45,45,45,45,28,28,25,25,25,21,59,59,59,59,59,59,59,58,58,58,58,57,57,57,57,71,34,8],"gold":116,"neow_bonus":"THREE_ENEMY_KILL","is_prod":false,"is_daily":false,"chose_seed":false,"campfire_upgraded":8,"win_rate":0,"timestamp":1569327403,"path_taken":["M","?","?","?","$","R","M","R","T","?","R","E","M","?","R","BOSS","M","?","?","?","?","R","M","?","T","?","?","R","M","?","R","BOSS","M","$","M","?","?","R","M","R","T","?","M","M","?","$","R","BOSS","BOSS"],"build_version":"2019-09-23","purchased_purges":4,"victory":true,"max_hp_per_floor":[61,66,66,66,66,66,66,66,66,66,66,66,66,66,66,66,66,66,66,66,66,66,66,66,66,66,66,71,71,71,71,71,71,71,71,71,71,71,71,71,71,71,71,71,71,71,71,71,71,71,71],"card_choices":[{"not_picked":["Sanctity","CrushJoints","Scrawl"],"picked":"SKIP","floor":1},{"not_picked":["WaveOfTheHand","Weave"],"picked":"Evaluate","floor":7},{"not_picked":["Halt","EmptyMind","FearNoEvil"],"picked":"SKIP","floor":12},{"not_picked":["JustLucky","Pray","BowlingBash"],"picked":"SKIP","floor":13},{"not_picked":["Omniscience","Wish"],"picked":"ReachHeaven","floor":16},{"not_picked":["ThirdEye","FearNoEvil","Prostrate"],"picked":"SKIP","floor":18},{"not_picked":["Consecrate","SandsOfTime"],"picked":"Sanctity","floor":19},{"not_picked":["JustLucky","Meditate","BattleHymn"],"picked":"SKIP","floor":24},{"not_picked":["FlyingSleeves","Consecrate+1","FlowState"],"picked":"SKIP","floor":25},{"not_picked":["Nirvana","CrushJoints","WaveOfTheHand"],"picked":"SKIP","floor":30},{"not_picked":["FlyingSleeves"],"picked":"SKIP","floor":35},{"not_picked":["ThirdEye"],"picked":"SKIP","floor":37},{"not_picked":["Prostrate+1"],"picked":"SKIP","floor":41},{"not_picked":["WindmillStrike"],"picked":"SKIP","floor":41},{"not_picked":["FollowUp"],"picked":"SKIP","floor":44},{"not_picked":["EmptyFist"],"picked":"SKIP","floor":44},{"not_picked":["Weave"],"picked":"SKIP","floor":45},{"not_picked":["CutThroughFate+1"],"picked":"SKIP","floor":45},{"not_picked":["Devotion"],"picked":"SKIP","floor":46},{"not_picked":["ClearTheMind+1"],"picked":"SKIP","floor":46}],"player_experience":1147428,"relics_obtained":[{"floor":9,"key":"StrikeDummy"},{"floor":10,"key":"Mercury Hourglass"},{"floor":12,"key":"TungstenRod"},{"floor":17,"key":"Vajra"},{"floor":17,"key":"Darkstone Periapt"},{"floor":17,"key":"CaptainsWheel"},{"floor":26,"key":"Tiny Chest"},{"floor":38,"key":"Prayer Wheel"},{"floor":43,"key":"MawBank"}],"event_choices":[{"damage_healed":0,"gold_gain":0,"player_choice":"Donut","damage_taken":0,"max_hp_gain":5,"max_hp_loss":0,"event_name":"Big Fish","floor":2,"gold_loss":0},{"cards_removed":["Defend_P"],"damage_healed":0,"gold_gain":0,"player_choice":"Card Removal","damage_taken":0,"max_hp_gain":0,"max_hp_loss":0,"event_name":"The Cleric","floor":3,"gold_loss":75},{"damage_healed":0,"gold_gain":75,"player_choice":"Gather Gold","damage_taken":11,"max_hp_gain":0,"max_hp_loss":0,"event_name":"World of Goop","floor":4,"gold_loss":0},{"damage_healed":0,"gold_gain":0,"cards_transformed":["Defend_P"],"player_choice":"Transformed","damage_taken":0,"max_hp_gain":0,"max_hp_loss":0,"event_name":"Transmorgrifier","floor":14,"gold_loss":0,"cards_obtained":["DeusExMachina"]},{"damage_healed":0,"gold_gain":50,"player_choice":"Stole From Cult","damage_taken":0,"max_hp_gain":0,"max_hp_loss":0,"event_name":"Nest","floor":20,"gold_loss":0},{"cards_removed":["Strike_P"],"damage_healed":0,"gold_gain":0,"player_choice":"Gave Gold","damage_taken":0,"max_hp_gain":0,"max_hp_loss":0,"event_name":"Beggar","floor":22,"gold_loss":75},{"cards_removed":["Strike_P"],"damage_healed":0,"gold_gain":0,"player_choice":"Elegance","damage_taken":0,"max_hp_gain":0,"max_hp_loss":0,"event_name":"Back to Basics","floor":27,"gold_loss":0},{"damage_healed":0,"gold_gain":0,"player_choice":"Shed Blood","damage_taken":23,"max_hp_gain":5,"max_hp_loss":0,"event_name":"Forgotten Altar","floor":28,"gold_loss":0},{"damage_healed":0,"gold_gain":0,"player_choice":"Fight","damage_taken":0,"max_hp_gain":0,"max_hp_loss":0,"event_name":"MindBloom","floor":38,"gold_loss":0},{"damage_healed":0,"gold_gain":0,"player_choice":"Bought 1 Potion","damage_taken":0,"max_hp_gain":0,"max_hp_loss":0,"event_name":"The Woman in Blue","floor":39,"gold_loss":0},{"cards_removed":["Defend_P"],"damage_healed":0,"gold_gain":0,"player_choice":"Removed Skill","damage_taken":0,"max_hp_gain":0,"max_hp_loss":0,"event_name":"Falling","floor":47,"gold_loss":0}],"is_beta":true,"boss_relics":[{"not_picked":["Cursed Key","Ectoplasm"],"picked":"Calling Bell"},{"not_picked":["SacredBark","Empty Cage"],"picked":"Busted Crown"}],"items_purged_floors":[5,21,36,48],"is_endless":false,"potions_floor_spawned":[7,13,18,25,30,35,37,41,45],"ascension_level":21}