{"gold_per_floor":[111,111,61,79,79,115,134,134,159,209,245,257,269,295,307,444,456,492,390,390,221,92,92,106,106],"floor_reached":25,"playtime":5896,"items_purged":["Regret","Pain"],"score":293,"play_id":"580cea4c-5e82-467e-95e7-d6fa9761c832","local_time":"20190821202905","is_ascension_mode":true,"campfire_choices":[{"floor":13,"key":"REST"},{"floor":15,"key":"REST"},{"floor":23,"key":"REST"}],"neow_cost":"NONE","seed_source_timestamp":118259524818002,"circlet_count":0,"master_deck":["Strike_G","Strike_G","Strike_G","Strike_G","Strike_G","Defend_G","Defend_G","Defend_G","Defend_G","Defend_G","Survivor","Neutralize","Deflect","Terror","Dagger Spray","Footwork","Slice","Bouncing Flask","Impatience","Neutralize","Deadly Poison","Catalyst","A Thousand Cuts","Bane","Leg Sweep","Neutralize","Footwork","Footwork","Bandage Up"],"relics":["Ring of the Snake","NeowsBlessing","Golden Idol","Pen Nib","Art of War","MawBank","Bag of Preparation","Cursed Key"],"potions_floor_usage":[10,10,18,25],"damage_taken":[{"damage":0,"enemies":"Cultist","floor":1,"turns":1},{"damage":0,"enemies":"Small Slimes","floor":4,"turns":1},{"damage":0,"enemies":"Gremlin Nob","floor":6,"turns":1},{"damage":5,"enemies":"2 Louse","floor":7,"turns":3},{"damage":38,"enemies":"Lagavulin","floor":10,"turns":7},{"damage":13,"enemies":"Exordium Thugs","floor":11,"turns":4},{"damage":5,"enemies":"Large Slime","floor":14,"turns":5},{"damage":22,"enemies":"The Guardian","floor":16,"turns":9},{"damage":22,"enemies":"2 Thieves","floor":18,"turns":2},{"damage":0,"enemies":"3 Byrds","floor":24,"turns":4},{"damage":69,"enemies":"Cultist and Chosen","floor":25,"turns":6}],"seed_played":"-7916976986256223607","potions_obtained":[{"floor":1,"key":"Weak Potion"},{"floor":4,"key":"AttackPotion"},{"floor":10,"key":"AttackPotion"},{"floor":18,"key":"SpeedPotion"}],"is_trial":false,"path_per_floor":["M","?","?","M","?","E","M","?","T","E","M","?","R","M","R","B",null,"M","$","?","$","$","R","M","M"],"character_chosen":"THE_SILENT","items_purchased":["Leg Sweep","Footwork","Footwork","Bandage Up"],"campfire_rested":3,"item_purchase_floors":[19,21,22,22],"current_hp_per_floor":[70,70,70,70,70,70,65,65,65,27,14,14,35,30,51,29,60,38,38,38,38,38,59,59,0],"gold":106,"neow_bonus":"THREE_ENEMY_KILL","is_prod":false,"is_daily":false,"chose_seed":false,"campfire_upgraded":0,"win_rate":0,"timestamp":1566412145,"path_taken":["M","?","?","M","?","E","M","?","T","E","?","?","R","M","R","BOSS","M","$","?","?","$","R","M","M"],"build_version":"2019-07-17","purchased_purges":2,"victory":false,"max_hp_per_floor":[70,70,70,70,70,70,70,70,70,70,70,70,70,70,70,70,70,70,70,70,70,70,70,70,70],"card_choices":[{"not_picked":["Masterful Stab","Endless Agony"],"picked":"Deflect","floor":1},{"not_picked":["Underhanded Strike","Distraction"],"picked":"Terror","floor":4},{"not_picked":["Slice","Sucker Punch"],"picked":"Dagger Spray","floor":6},{"not_picked":["Prepared","Deflect"],"picked":"Footwork","floor":7},{"not_picked":["Escape Plan","Dagger Throw"],"picked":"Deadly Poison","floor":10},{"not_picked":["Adrenaline","Sucker Punch"],"picked":"Catalyst","floor":11},{"not_picked":["All Out Attack","Quick Slash","Underhanded Strike"],"picked":"SKIP","floor":14},{"not_picked":["Phantasmal Killer","Tools of the Trade"],"picked":"A Thousand Cuts","floor":16},{"not_picked":["Acrobatics","Concentrate"],"picked":"Bane","floor":18},{"not_picked":["Underhanded Strike+1","Endless Agony","Slice"],"picked":"SKIP","floor":24}],"player_experience":318248,"relics_obtained":[{"floor":6,"key":"Art of War"},{"floor":9,"key":"MawBank"},{"floor":10,"key":"Bag of Preparation"}],"event_choices":[{"damage_healed":0,"gold_gain":0,"player_choice":"Take Wound","damage_taken":0,"relics_obtained":["Golden Idol"],"max_hp_gain":0,"max_hp_loss":0,"event_name":"Golden Idol","floor":2,"gold_loss":0,"cards_obtained":["Injury"]},{"cards_removed":["Injury"],"damage_healed":0,"gold_gain":0,"player_choice":"Card Removal","damage_taken":0,"max_hp_gain":0,"max_hp_loss":0,"event_name":"The Cleric","floor":3,"gold_loss":50},{"damage_healed":0,"gold_gain":0,"player_choice":"Box","damage_taken":0,"relics_obtained":["Pen Nib"],"max_hp_gain":0,"max_hp_loss":0,"event_name":"Big Fish","floor":5,"gold_loss":0,"cards_obtained":["Regret"]},{"damage_healed":0,"gold_gain":0,"player_choice":"4 cards matched","damage_taken":0,"max_hp_gain":0,"max_hp_loss":0,"event_name":"Match and Keep!","floor":8,"gold_loss":0,"cards_obtained":["Slice","Bouncing Flask","Impatience","Neutralize"]},{"damage_healed":0,"gold_gain":0,"player_choice":"Searched \u00270\u0027 times","damage_taken":0,"max_hp_gain":0,"max_hp_loss":0,"event_name":"Dead Adventurer","floor":12,"gold_loss":0},{"damage_healed":0,"gold_gain":0,"player_choice":"2 cards matched","damage_taken":0,"max_hp_gain":0,"max_hp_loss":0,"event_name":"Match and Keep!","floor":20,"gold_loss":0,"cards_obtained":["Neutralize","Pain"]}],"is_beta":false,"boss_relics":[{"not_picked":["Runic Dome","Philosopher\u0027s Stone"],"picked":"Cursed Key"}],"items_purged_floors":[19,21],"is_endless":false,"potions_floor_spawned":[1,4,10,18],"killed_by":"Cultist and Chosen","ascension_level":5}