{"gold_per_floor":[111,123,123,186,204,204,239,239,293,355,405,417,417,427,427,523,523,543,562,582,424,424],"floor_reached":22,"playtime":682,"items_purged":["Barricade"],"score":190,"play_id":"8269bd27-c3dd-46c8-8724-6a9519028ff5","local_time":"20190929150825","is_ascension_mode":false,"campfire_choices":[{"data":"Inflame","floor":6,"key":"SMITH"},{"data":"Twin Strike","floor":8,"key":"SMITH"},{"data":"Twin Strike","floor":13,"key":"SMITH"},{"data":"Bash","floor":15,"key":"SMITH"}],"neow_cost":"NONE","seed_source_timestamp":1025289584386500,"circlet_count":0,"master_deck":["Strike_R","Strike_R","Strike_R","Strike_R","Strike_R","Defend_R","Defend_R","Defend_R","Defend_R","Bash+1","Inflame+1","Twin Strike+1","Twin Strike+1","Whirlwind+1","Cleave+1","Second Wind","Dual Wield","Whirlwind+1","Metallicize"],"relics":["Burning Blood","NeowsBlessing","SsserpentHead","Molten Egg 2","Smiling Mask","Potion Belt","Eternal Feather"],"potions_floor_usage":[16,16,19,20,22],"damage_taken":[{"damage":0,"enemies":"Jaw Worm","floor":1,"turns":1},{"damage":0,"enemies":"Cultist","floor":2,"turns":1},{"damage":0,"enemies":"Small Slimes","floor":4,"turns":1},{"damage":16,"enemies":"Red Slaver","floor":5,"turns":3},{"damage":20,"enemies":"Gremlin Nob","floor":7,"turns":4},{"damage":14,"enemies":"Blue Slaver","floor":10,"turns":3},{"damage":0,"enemies":"2 Fungi Beasts","floor":12,"turns":2},{"damage":0,"enemies":"3 Louse","floor":14,"turns":1},{"damage":50,"enemies":"Hexaghost","floor":16,"turns":6},{"damage":34,"enemies":"Spheric Guardian","floor":18,"turns":5},{"damage":30,"enemies":"2 Thieves","floor":19,"turns":3},{"damage":27,"enemies":"Centurion and Healer","floor":20,"turns":5},{"damage":26,"enemies":"Shelled Parasite and Fungi","floor":22,"turns":2}],"seed_played":"4597806319522392318","potions_obtained":[{"floor":1,"key":"GamblersBrew"},{"floor":5,"key":"Strength Potion"},{"floor":14,"key":"Strength Potion"},{"floor":18,"key":"Swift Potion"},{"floor":20,"key":"Swift Potion"}],"is_trial":false,"path_per_floor":["M","M","?","M","M","R","E","R","T","M","T","M","R","M","R","B",null,"M","M","M","$","M"],"character_chosen":"IRONCLAD","items_purchased":["Whirlwind+1","Metallicize"],"campfire_rested":0,"item_purchase_floors":[21,21],"current_hp_per_floor":[80,80,80,80,70,70,56,56,56,48,48,54,54,60,60,16,80,52,28,7,7,0],"gold":424,"neow_bonus":"THREE_ENEMY_KILL","is_prod":false,"is_daily":false,"chose_seed":false,"campfire_upgraded":4,"win_rate":0.0,"timestamp":1569762505,"path_taken":["M","M","?","?","M","R","E","R","T","?","?","M","R","M","R","BOSS","M","M","M","$","M"],"build_version":"2019-07-17","purchased_purges":1,"victory":false,"max_hp_per_floor":[80,80,80,80,80,80,80,80,80,80,80,80,80,80,80,80,80,80,80,80,80,80],"card_choices":[{"not_picked":["Ghostly Armor","Rampage"],"picked":"Inflame","floor":1},{"not_picked":["Corruption","Armaments","Second Wind"],"picked":"SKIP","floor":2},{"not_picked":["Sword Boomerang","Body Slam"],"picked":"Twin Strike","floor":4},{"not_picked":["Perfected Strike","Burning Pact"],"picked":"Twin Strike","floor":5},{"not_picked":["Seeing Red","Iron Wave"],"picked":"Whirlwind","floor":7},{"not_picked":["True Grit","Wild Strike+1"],"picked":"Cleave+1","floor":10},{"not_picked":["Pommel Strike+1","Burning Pact","Perfected Strike+1"],"picked":"SKIP","floor":12},{"not_picked":["Sever Soul+1","Dropkick+1"],"picked":"Second Wind","floor":14},{"not_picked":["Feed+1","Juggernaut"],"picked":"Barricade","floor":16},{"not_picked":["Cleave+1","Power Through+1","Shrug It Off"],"picked":"SKIP","floor":18},{"not_picked":["Warcry","Hemokinesis+1"],"picked":"Dual Wield","floor":19},{"not_picked":["Cleave+1","Sever Soul+1","Sword Boomerang+1"],"picked":"SKIP","floor":20}],"player_experience":70295,"relics_obtained":[{"floor":7,"key":"Molten Egg 2"},{"floor":9,"key":"Smiling Mask"},{"floor":11,"key":"Potion Belt"}],"event_choices":[{"damage_healed":0,"gold_gain":0,"player_choice":"Trade","damage_taken":0,"relics_obtained":["SsserpentHead"],"max_hp_gain":0,"max_hp_loss":0,"event_name":"FaceTrader","floor":3,"gold_loss":0}],"is_beta":false,"boss_relics":[{"not_picked":["Runic Dome","Snecko Eye"],"picked":"Eternal Feather"}],"items_purged_floors":[21],"is_endless":false,"potions_floor_spawned":[1,5,14,18,20],"killed_by":"Shelled Parasite and Fungi","ascension_level":0}