{"gold_per_floor":[115,8,20,20,36,36,56,56,138,138,150,170,170,170,170,170],"floor_reached":16,"playtime":422,"items_purged":[],"score":120,"play_id":"c5f89ee4-db73-4695-b0ac-bf82e485bfc1","local_time":"20190821204055","is_ascension_mode":true,"campfire_choices":[{"data":"Shrug It Off","floor":6,"key":"SMITH"},{"data":"Shrug It Off","floor":8,"key":"SMITH"},{"data":"Heavy Blade","floor":10,"key":"SMITH"},{"data":"Body Slam","floor":13,"key":"SMITH"},{"data":"Heavy Blade","floor":15,"key":"SMITH"}],"neow_cost":"NONE","seed_source_timestamp":124444810054176,"circlet_count":0,"master_deck":["Strike_R","Strike_R","Strike_R","Strike_R","Strike_R","Defend_R","Defend_R","Defend_R","Defend_R","Bash","Heavy Blade+1","Shrug It Off+1","Heavy Blade+1","Dropkick","Pain","Shrug It Off+1","Headbutt","Body Slam+1"],"relics":["Burning Blood","NeowsBlessing","WarpedTongs","Bottled Lightning","Blood Vial"],"potions_floor_usage":[16,16],"damage_taken":[{"damage":0,"enemies":"Small Slimes","floor":1,"turns":1},{"damage":0,"enemies":"Cultist","floor":3,"turns":1},{"damage":0,"enemies":"Jaw Worm","floor":5,"turns":1},{"damage":4,"enemies":"3 Louse","floor":7,"turns":5},{"damage":22,"enemies":"Exordium Thugs","floor":11,"turns":7},{"damage":8,"enemies":"2 Fungi Beasts","floor":12,"turns":4},{"damage":57,"enemies":"Hexaghost","floor":16,"turns":10}],"seed_played":"-1744437195151345480","potions_obtained":[{"floor":1,"key":"Weak Potion"},{"floor":3,"key":"Dexterity Potion"}],"is_trial":false,"path_per_floor":["M","$","M","?","M","R","M","R","T","R","M","M","R","?","R","B"],"character_chosen":"IRONCLAD","items_purchased":["Shrug It Off","Heavy Blade"],"campfire_rested":0,"item_purchase_floors":[2,2],"current_hp_per_floor":[78,78,80,80,80,80,80,80,80,80,64,62,62,55,55,0],"gold":170,"neow_bonus":"THREE_ENEMY_KILL","is_prod":false,"is_daily":false,"chose_seed":false,"campfire_upgraded":5,"win_rate":0,"timestamp":1566412855,"path_taken":["M","$","M","?","M","R","?","R","T","R","M","M","R","?","R","BOSS"],"build_version":"2019-07-17","purchased_purges":0,"victory":false,"max_hp_per_floor":[80,80,80,80,80,80,80,80,80,80,80,80,80,80,80,80],"card_choices":[{"not_picked":["Disarm","Headbutt"],"picked":"Heavy Blade","floor":1},{"not_picked":["Havoc","Rage"],"picked":"Dropkick","floor":3},{"not_picked":["Ghostly Armor","Metallicize"],"picked":"Shrug It Off","floor":5},{"not_picked":["Combust","Rampage"],"picked":"Headbutt","floor":7},{"not_picked":["Dark Embrace","Cleave","Second Wind"],"picked":"SKIP","floor":11},{"not_picked":["Havoc","Rage"],"picked":"Body Slam","floor":12}],"player_experience":324412,"relics_obtained":[{"floor":9,"key":"Bottled Lightning"}],"event_choices":[{"damage_healed":0,"gold_gain":0,"player_choice":"Rummage","damage_taken":0,"relics_obtained":["WarpedTongs"],"max_hp_gain":0,"max_hp_loss":0,"event_name":"Accursed Blacksmith","floor":4,"gold_loss":0,"cards_obtained":["Pain"]},{"damage_healed":0,"gold_gain":0,"player_choice":"Success","damage_taken":7,"relics_obtained":["Blood Vial"],"max_hp_gain":0,"max_hp_loss":0,"event_name":"Scrap Ooze","floor":14,"gold_loss":0}],"is_beta":false,"boss_relics":[],"items_purged_floors":[],"is_endless":false,"potions_floor_spawned":[1,3],"killed_by":"Hexaghost","ascension_level":6}