{"gold_per_floor":[116,116,129,152,152,180,180,180,180,180,105,136,153,163,163,234,234,253,268,297,1,15,15,25,36,36,36,65,65,114,144,144,218,218,233,233,287,303,303,332,332,345,345,104,104,124,136,147,147,147],"floor_reached":51,"playtime":6449,"items_purged":["Strike_B","Writhe"],"score":1206,"play_id":"62449750-111a-49bc-9ac5-a57a9f8e0a95","local_time":"20190519234253","is_ascension_mode":true,"campfire_choices":[{"data":"Zap","floor":8,"key":"SMITH"},{"data":"Dualcast","floor":10,"key":"SMITH"},{"data":"Tempest","floor":15,"key":"SMITH"},{"floor":23,"key":"REST"},{"floor":27,"key":"REST"},{"floor":29,"key":"REST"},{"floor":32,"key":"RECALL"},{"floor":41,"key":"REST"},{"data":"1","floor":45,"key":"LIFT"},{"floor":49,"key":"REST"}],"neow_cost":"NONE","seed_source_timestamp":447167012206666,"circlet_count":0,"master_deck":["AscendersBane","Strike_B+1","Strike_B+1","Strike_B","Defend_B","Defend_B","Defend_B","Defend_B","Zap+1","Dualcast+1","Chill","Self Repair+1","Static Discharge+1","Tempest+1","Thunder Strike","Loop+1","Loop+1","Storm+1","Amplify","Force Field","BootSequence","Defragment+1","Electrodynamics+1","Conserve Battery","Dark Shackles","Dark Shackles","Secret Weapon","Heatsinks+1","Self Repair+1","Injury","Storm+1","Leap+1","Parasite","Capacitor+1","Force Field","Hologram+1"],"relics":["Cracked Core","NeowsBlessing","Bronze Scales","Frozen Egg 2","Bottled Flame","FaceOfCleric","Bottled Tornado","Whetstone","Fusion Hammer","Red Mask","Oddly Smooth Stone","Ornamental Fan","Mummified Hand","Ancient Tea Set","Tiny Chest","Cursed Key","Girya","Vajra","Bag of Preparation","Shuriken"],"potions_floor_usage":[12,16,18,20,20,25,37,37,40,50,50],"damage_taken":[{"damage":0,"enemies":"Small Slimes","floor":1,"turns":1},{"damage":0,"enemies":"Jaw Worm","floor":3,"turns":1},{"damage":0,"enemies":"Gremlin Nob","floor":6,"turns":1},{"damage":15,"enemies":"Lagavulin","floor":12,"turns":8},{"damage":7,"enemies":"2 Louse","floor":13,"turns":2},{"damage":5,"enemies":"Large Slime","floor":14,"turns":5},{"damage":43,"enemies":"The Guardian","floor":16,"turns":9},{"damage":18,"enemies":"Shell Parasite","floor":18,"turns":3},{"damage":1,"enemies":"Spheric Guardian","floor":19,"turns":3},{"damage":39,"enemies":"Masked Bandits","floor":20,"turns":4},{"damage":4,"enemies":"Centurion and Healer","floor":22,"turns":4},{"damage":9,"enemies":"Shelled Parasite and Fungi","floor":24,"turns":3},{"damage":12,"enemies":"Sentry and Sphere","floor":25,"turns":3},{"damage":26,"enemies":"Book of Stabbing","floor":28,"turns":4},{"damage":44,"enemies":"Champ","floor":33,"turns":6},{"damage":10,"enemies":"3 Shapes","floor":35,"turns":3},{"damage":37,"enemies":"2 Orb Walkers","floor":37,"turns":4},{"damage":5,"enemies":"3 Darklings","floor":38,"turns":4},{"damage":43,"enemies":"Reptomancer","floor":40,"turns":5},{"damage":2,"enemies":"Spire Growth","floor":42,"turns":3},{"damage":20,"enemies":"Sphere and 2 Shapes","floor":46,"turns":3},{"damage":29,"enemies":"3 Darklings","floor":47,"turns":3},{"damage":1,"enemies":"Writhing Mass","floor":48,"turns":3},{"damage":24,"enemies":"Time Eater","floor":50,"turns":5}],"seed_played":"3187903267127598810","potions_obtained":[{"floor":1,"key":"Poison Potion"},{"floor":3,"key":"LiquidBronze"},{"floor":16,"key":"AttackPotion"},{"floor":18,"key":"Energy Potion"},{"floor":19,"key":"SteroidPotion"},{"floor":20,"key":"Swift Potion"},{"floor":33,"key":"FocusPotion"},{"floor":35,"key":"Swift Potion"},{"floor":37,"key":"Ancient Potion"},{"floor":38,"key":"Fire Potion"},{"floor":48,"key":"Dexterity Potion"}],"is_trial":false,"path_per_floor":["M","?","M","T","?","E","?","R","T","R","$","E","M","M","R","B",null,"M","M","?","$","M","R","M","M","T","R","E","R","T","?","R","B",null,"M","?","?","M","T","E","R","M","T","$","R","M","M","M","R","B",null],"character_chosen":"DEFECT","items_purchased":["Storm+1","Amplify","Oddly Smooth Stone","Capacitor+1","Force Field"],"campfire_rested":5,"item_purchase_floors":[21,21,21,44,44],"current_hp_per_floor":[64,69,69,69,51,51,51,51,51,51,51,47,51,57,57,25,66,49,59,31,31,38,63,65,64,64,86,71,87,87,87,87,54,80,81,71,45,51,51,29,56,55,55,55,55,46,28,38,66,43],"gold":147,"neow_bonus":"THREE_ENEMY_KILL","is_prod":false,"is_daily":false,"chose_seed":false,"campfire_upgraded":3,"win_rate":0,"timestamp":1558327373,"path_taken":["M","?","M","?","?","E","?","R","T","R","$","E","M","M","R","BOSS","M","M","?","$","M","R","M","M","T","R","E","R","?","?","R","BOSS","M","?","?","M","?","E","R","?","T","$","R","M","M","M","R","BOSS"],"build_version":"2019-01-23","purchased_purges":2,"victory":true,"max_hp_per_floor":[71,76,76,76,76,76,76,76,76,76,76,77,78,79,79,80,80,81,82,83,83,84,84,85,86,86,86,87,87,87,87,87,88,88,89,89,90,91,91,92,92,93,93,93,93,94,95,96,96,97],"card_choices":[{"not_picked":["Chaos","Streamline"],"picked":"Chill","floor":1},{"not_picked":["Rip and Tear","Stack","Steam Power"],"picked":"SKIP","floor":3},{"not_picked":["Conserve Battery","Doom and Gloom"],"picked":"Self Repair+1","floor":6},{"not_picked":["Compile Driver","Beam Cell"],"picked":"Static Discharge+1","floor":12},{"not_picked":["Hello World+1","Conserve Battery"],"picked":"Tempest","floor":13},{"not_picked":["Double Energy","Hello World+1","Steam"],"picked":"SKIP","floor":14},{"not_picked":["Multi-Cast","Amplify"],"picked":"Thunder Strike","floor":16},{"not_picked":["Redo","Coolheaded"],"picked":"Loop+1","floor":18},{"not_picked":["Sunder","Streamline","Rebound"],"picked":"SKIP","floor":19},{"not_picked":["Conserve Battery+1","Gash"],"picked":"Loop+1","floor":20},{"not_picked":["Ball Lightning","Sweeping Beam"],"picked":"Force Field","floor":22},{"not_picked":["Core Surge","Gash"],"picked":"BootSequence","floor":24},{"not_picked":["Barrage","Rebound"],"picked":"Defragment+1","floor":25},{"not_picked":["Beam Cell","Gash","Hello World+1"],"picked":"SKIP","floor":28},{"not_picked":["Multi-Cast","Amplify"],"picked":"Electrodynamics+1","floor":33},{"not_picked":["Barrage","Leap"],"picked":"Conserve Battery","floor":35},{"not_picked":["Swift Strike","Discovery"],"picked":"Dark Shackles","floor":36},{"not_picked":["Bandage Up","Madness"],"picked":"Dark Shackles","floor":36},{"not_picked":["Trip","Good Instincts"],"picked":"Secret Weapon","floor":36},{"not_picked":["Stack","Undo"],"picked":"Heatsinks+1","floor":37},{"not_picked":["Hologram","Consume"],"picked":"Self Repair+1","floor":38},{"not_picked":["Glacier","FTL"],"picked":"Storm+1","floor":40},{"not_picked":["Chill","Skim"],"picked":"Leap+1","floor":42},{"not_picked":["White Noise","Go for the Eyes","Rip and Tear"],"picked":"SKIP","floor":46},{"not_picked":["Steam Power+1","Ball Lightning","Recycle"],"picked":"SKIP","floor":47},{"not_picked":["Doom and Gloom+1","Conserve Battery"],"picked":"Hologram+1","floor":48}],"player_experience":1226090,"relics_obtained":[{"floor":4,"key":"Bronze Scales"},{"floor":6,"key":"Bottled Flame"},{"floor":9,"key":"Bottled Tornado"},{"floor":12,"key":"Whetstone"},{"floor":20,"key":"Red Mask"},{"floor":26,"key":"Ornamental Fan"},{"floor":28,"key":"Mummified Hand"},{"floor":30,"key":"Ancient Tea Set"},{"floor":37,"key":"Girya"},{"floor":39,"key":"Vajra"},{"floor":40,"key":"Bag of Preparation"},{"floor":43,"key":"Shuriken"}],"event_choices":[{"damage_healed":0,"gold_gain":0,"player_choice":"Donut","damage_taken":0,"max_hp_gain":5,"max_hp_loss":0,"event_name":"Big Fish","floor":2,"gold_loss":0},{"damage_healed":0,"gold_gain":0,"player_choice":"Success","damage_taken":18,"relics_obtained":["Frozen Egg 2"],"max_hp_gain":0,"max_hp_loss":0,"event_name":"Scrap Ooze","floor":5,"gold_loss":0},{"damage_healed":0,"gold_gain":0,"player_choice":"Trade","damage_taken":0,"relics_obtained":["FaceOfCleric"],"max_hp_gain":0,"max_hp_loss":0,"event_name":"FaceTrader","floor":7,"gold_loss":0},{"damage_healed":0,"gold_gain":0,"player_choice":"Fought Bandits","damage_taken":0,"max_hp_gain":0,"max_hp_loss":0,"event_name":"Masked Bandits","floor":20,"gold_loss":0},{"damage_healed":0,"gold_gain":0,"player_choice":"Opened","damage_taken":0,"relics_obtained":["Tiny Chest"],"max_hp_gain":0,"max_hp_loss":0,"event_name":"The Mausoleum","floor":31,"gold_loss":0,"cards_obtained":["Writhe"]},{"damage_healed":0,"gold_gain":0,"player_choice":"Memory 3","damage_taken":10,"max_hp_gain":0,"max_hp_loss":0,"event_name":"SensoryStone","floor":36,"gold_loss":0},{"damage_healed":0,"gold_gain":0,"player_choice":"Fight","damage_taken":0,"max_hp_gain":0,"max_hp_loss":0,"event_name":"Mysterious Sphere","floor":37,"gold_loss":0}],"is_beta":false,"boss_relics":[{"not_picked":["Astrolabe","Eternal Feather"],"picked":"Fusion Hammer"},{"not_picked":["Calling Bell","Coffee Dripper"],"picked":"Cursed Key"}],"items_purged_floors":[11,44],"is_endless":false,"potions_floor_spawned":[1,3,16,18,19,20,33,35,37,38,48],"ascension_level":14}