{"gold_per_floor":[119,119,35,47,64,92,92,126,126,156,178,200,224,246,258,369,381,404,429,474,486,512,553,575,587,599,645,249,267,182,197,197,294,294,307,324,324,324],"floor_reached":38,"playtime":4468,"items_purged":[],"score":482,"play_id":"8696cccf-491a-4bd0-ae5e-0d77c1a6c3bf","local_time":"20190425173008","is_ascension_mode":false,"campfire_choices":[{"data":"Dualcast","floor":7.0,"key":"SMITH"},{"floor":15.0,"key":"REST"},{"floor":25,"key":"REST"},{"floor":32,"key":"REST"}],"neow_cost":"NONE","seed_source_timestamp":0,"circlet_count":0,"master_deck":["Strike_B","Strike_B","Defend_B","Defend_B","Zap","Dualcast+1","Capacitor","Streamline","Defragment","Cold Snap","Conserve Battery","Double Energy","Echo Form","Self Repair","Chaos","Hologram","White Noise","Self Repair","Streamline","Biased Cognition","FTL+1","Go for the Eyes+1","Force Field+1","Ball Lightning","Sunder","Loop","Conserve Battery+1","Cold Snap+1","Fusion","Leap","Beam Cell","Aggregate","Static Discharge+1","Rainbow","Sweeping Beam+1","Discovery"],"special_seed":0,"relics":["Cracked Core","Regal Pillow","Pear","MawBank","Astrolabe","Red Mask","Ornamental Fan","Mango","Orichalcum","Ice Cream","Question Card","Inserter"],"potions_floor_usage":[23,27,29,33,38,38],"damage_taken":[{"damage":5.0,"enemies":"Jaw Worm","floor":1.0,"turns":5.0},{"damage":3.0,"enemies":"Cultist","floor":4.0,"turns":3.0},{"damage":0.0,"enemies":"2 Louse","floor":5.0,"turns":2.0},{"damage":23.0,"enemies":"Gremlin Nob","floor":6.0,"turns":4.0},{"damage":8.0,"enemies":"3 Sentries","floor":8.0,"turns":7.0},{"damage":9.0,"enemies":"Looter","floor":10.0,"turns":3.0},{"damage":11.0,"enemies":"Exordium Wildlife","floor":11.0,"turns":4.0},{"damage":0.0,"enemies":"Large Slime","floor":12.0,"turns":6.0},{"damage":13.0,"enemies":"Looter","floor":13.0,"turns":3.0},{"damage":15.0,"enemies":"Exordium Thugs","floor":14.0,"turns":4.0},{"damage":14.0,"enemies":"The Guardian","floor":16.0,"turns":9.0},{"damage":25.0,"enemies":"Spheric Guardian","floor":18.0,"turns":5.0},{"damage":25.0,"enemies":"2 Thieves","floor":19.0,"turns":4.0},{"damage":25.0,"enemies":"Masked Bandits","floor":20.0,"turns":6.0},{"damage":14.0,"enemies":"Centurion and Healer","floor":22.0,"turns":9.0},{"damage":15,"enemies":"Book of Stabbing","floor":23,"turns":8},{"damage":17,"enemies":"Chosen and Byrds","floor":24,"turns":6},{"damage":55,"enemies":"Slavers","floor":27,"turns":8},{"damage":0,"enemies":"Cultist and Chosen","floor":29,"turns":5},{"damage":11,"enemies":"Centurion and Healer","floor":31,"turns":8},{"damage":52,"enemies":"Automaton","floor":33,"turns":12},{"damage":15,"enemies":"3 Shapes","floor":35,"turns":5},{"damage":37,"enemies":"3 Darklings","floor":36,"turns":5},{"damage":63,"enemies":"Transient","floor":38,"turns":5}],"seed_played":"-7215465869258833605","potions_obtained":[{"floor":1.0,"key":"PowerPotion"},{"floor":5.0,"key":"SpeedPotion"},{"floor":8.0,"key":"SkillPotion"},{"floor":16.0,"key":"Weak Potion"},{"floor":19.0,"key":"Block Potion"},{"floor":20.0,"key":"AttackPotion"},{"floor":22.0,"key":"Swift Potion"},{"floor":27,"key":"AttackPotion"},{"floor":31,"key":"Block Potion"},{"floor":36,"key":"Dexterity Potion"}],"is_trial":false,"path_per_floor":["M","?","$","M","M","E","R","E","T","M","M","M","M","M","R","B",null,"M","M","?","?","M","E","M","R","T","E","$","M","?","M","R","B",null,"M","M","?","M"],"character_chosen":"DEFECT","items_purchased":["Defragment","Cold Snap","Ice Cream","Leap","Beam Cell"],"campfire_rested":3,"item_purchase_floors":[3,3,28,28,28],"current_hp_per_floor":[70,70,70,67,67,44,44,46,46,44,33,47,34,33,73,66,85,74,56,38,38,38,37,27,67,81,47,47,54,54,57,99,61,99,91,61,61,0],"gold":324,"neow_bonus":"TRANSFORM_CARD","is_prod":false,"is_daily":false,"chose_seed":false,"campfire_upgraded":1,"win_rate":0.0,"timestamp":1556231408,"path_taken":["M","?","?","M","M","E","R","E","T","M","M","?","M","M","R","BOSS","M","M","?","?","M","E","M","R","T","E","?","M","?","M","R","BOSS","M","M","?","M"],"build_version":"2019-01-23","purchased_purges":0,"victory":false,"max_hp_per_floor":[75,75,75,75,75,75,75,85,85,85,85,85,85,85,85,85,85,85,85,85,85,85,85,85,85,99,99,99,99,99,99,99,99,99,99,99,99,99],"card_choices":[{"not_picked":["Heatsinks","Ball Lightning"],"picked":"Streamline","floor":1.0},{"not_picked":["Gash","Go for the Eyes"],"picked":"Conserve Battery","floor":4.0},{"not_picked":["Conserve Battery","Coolheaded"],"picked":"Double Energy","floor":5.0},{"not_picked":["Rainbow","Beam Cell"],"picked":"Echo Form","floor":6.0},{"not_picked":["Undo","Rebound"],"picked":"Self Repair","floor":8.0},{"not_picked":["Darkness","Ball Lightning"],"picked":"Chaos","floor":10.0},{"not_picked":["Barrage","Turbo"],"picked":"Hologram","floor":11.0},{"not_picked":["Defragment","Melter"],"picked":"White Noise","floor":12.0},{"not_picked":["Barrage","Turbo"],"picked":"Self Repair","floor":13.0},{"not_picked":["Rebound","Double Energy"],"picked":"Streamline","floor":14.0},{"not_picked":["All For One","Echo Form"],"picked":"Biased Cognition","floor":16.0},{"not_picked":["Chill","Compile Driver"],"picked":"Ball Lightning","floor":18.0},{"not_picked":["Rip and Tear+1","Rebound","Go for the Eyes"],"picked":"SKIP","floor":19.0},{"not_picked":["BootSequence","Glacier"],"picked":"Sunder","floor":20.0},{"not_picked":["Static Discharge","Ball Lightning"],"picked":"Loop","floor":22.0},{"not_picked":["Coolheaded","Rebound+1"],"picked":"Conserve Battery+1","floor":23},{"not_picked":["Heatsinks","Leap"],"picked":"Cold Snap+1","floor":24},{"not_picked":["Turbo+1","Amplify"],"picked":"Fusion","floor":27},{"not_picked":["Cold Snap","Sweeping Beam"],"picked":"Aggregate","floor":29},{"not_picked":["Rebound+1","Beam Cell","Sweeping Beam"],"picked":"Static Discharge+1","floor":31},{"not_picked":["Multi-Cast","Echo Form","Thunder Strike"],"picked":"Rainbow","floor":33},{"not_picked":["Hello World+1","Aggregate+1","Gash+1","Capacitor+1"],"picked":"SKIP","floor":35},{"not_picked":["Compile Driver","Streamline+1","Redo+1"],"picked":"Sweeping Beam+1","floor":36},{"not_picked":["Trip","Bandage Up","Master of Strategy"],"picked":"Discovery","floor":37}],"player_experience":55775,"relics_obtained":[{"floor":6.0,"key":"Regal Pillow"},{"floor":8.0,"key":"Pear"},{"floor":9.0,"key":"MawBank"},{"floor":20.0,"key":"Red Mask"},{"floor":23,"key":"Ornamental Fan"},{"floor":26,"key":"Mango"},{"floor":27,"key":"Orichalcum"}],"event_choices":[{"damage_healed":0.0,"max_hp_gain":0.0,"max_hp_loss":0.0,"gold_gain":0.0,"event_name":"Match and Keep!","player_choice":"0 cards matched","floor":2.0,"gold_loss":0.0,"damage_taken":0.0,"cards_obtained":[]},{"damage_healed":0.0,"max_hp_gain":0.0,"max_hp_loss":0.0,"gold_gain":0.0,"event_name":"Masked Bandits","player_choice":"Fought Bandits","floor":20.0,"gold_loss":0.0,"damage_taken":0.0},{"damage_healed":0.0,"max_hp_gain":0.0,"max_hp_loss":0.0,"gold_gain":0.0,"event_name":"Ghosts","player_choice":"Ignored","floor":21.0,"gold_loss":0.0,"damage_taken":0.0},{"damage_healed":0,"gold_gain":0,"player_choice":"Obtained Relic","damage_taken":0,"relics_obtained":["Question Card"],"max_hp_gain":0,"max_hp_loss":0,"event_name":"Addict","floor":30,"gold_loss":85},{"damage_healed":0,"gold_gain":0,"player_choice":"Memory 1","damage_taken":0,"max_hp_gain":0,"max_hp_loss":0,"event_name":"SensoryStone","floor":37,"gold_loss":0}],"is_beta":false,"boss_relics":[{"not_picked":["Velvet Choker","Cursed Key"],"picked":"Astrolabe"},{"not_picked":["Sozu","Philosopher\u0027s Stone"],"picked":"Inserter"}],"items_purged_floors":[],"is_endless":false,"potions_floor_spawned":[1,5,8,12,16,19,20,22,27,31,36],"killed_by":"Transient","ascension_level":0}