{"gold_per_floor":[114,127,127,139,64,64,99,99,148,148,168,168,168,195,195,297,297,315,230,241,116,136,136,170,45,71,89,121,141,172,172,172,172],"floor_reached":33,"playtime":2847,"items_purged":["Strike_B","Defend_B","Defend_B"],"score":416,"play_id":"43d28bb1-9ef1-4c14-83cb-bad6f8ff9673","local_time":"20180909160200","is_ascension_mode":true,"campfire_choices":[{"data":"Dualcast","floor":6,"key":"SMITH"},{"floor":10,"key":"REST"},{"floor":13,"key":"REST"},{"data":"Reinforced Body","floor":15,"key":"SMITH"},{"data":"Echo Form","floor":23,"key":"SMITH"},{"data":"Sunder","floor":32,"key":"SMITH"}],"neow_cost":"NONE","seed_source_timestamp":101329913932,"circlet_count":0,"master_deck":["Strike_B","Defend_B","Defend_B","Zap+1","Dualcast+1","Tempest+1","Genetic Algorithm","BootSequence","Self Repair","Reinforced Body+1","Echo Form+1","Conserve Battery","Reinforced Body","Fusion+1","Sunder+1","Tempest+1","Loop"],"relics":["Cracked Core","Strawberry","Cables","PreservedInsect","Singing Bowl","Ginger","Busted Crown","Dream Catcher","Prayer Wheel","Anchor","Toxic Egg 2","Centennial Puzzle"],"potions_floor_usage":[14,16,24,29,30,33,33,33],"damage_taken":[{"damage":0,"enemies":"Small Slimes","floor":1,"turns":2},{"damage":4,"enemies":"Jaw Worm","floor":2,"turns":3},{"damage":1,"enemies":"2 Louse","floor":4,"turns":2},{"damage":42,"enemies":"3 Sentries","floor":7,"turns":8},{"damage":1,"enemies":"Looter","floor":11,"turns":2},{"damage":5,"enemies":"Lagavulin","floor":14,"turns":4},{"damage":36,"enemies":"Slime Boss","floor":16,"turns":12},{"damage":21,"enemies":"3 Byrds","floor":18,"turns":4},{"damage":0,"enemies":"Spheric Guardian","floor":20,"turns":3},{"damage":5,"enemies":"Centurion and Healer","floor":22,"turns":10},{"damage":11,"enemies":"Book of Stabbing","floor":24,"turns":5},{"damage":2,"enemies":"Shelled Parasite and Fungi","floor":27,"turns":6},{"damage":5,"enemies":"Gremlin Leader","floor":28,"turns":9},{"damage":20,"enemies":"3 Cultists","floor":29,"turns":7},{"damage":14,"enemies":"Slavers","floor":30,"turns":6},{"damage":58,"enemies":"Automaton","floor":33,"turns":6}],"seed_played":"7034073686381306168","potions_obtained":[{"floor":11,"key":"Block Potion"},{"floor":14,"key":"Poison Potion"},{"floor":16,"key":"Strength Potion"},{"floor":18,"key":"Weak Potion"},{"floor":27,"key":"Strength Potion"},{"floor":28,"key":"SkillPotion"},{"floor":29,"key":"Explosive Potion"},{"floor":30,"key":"GamblersBrew"}],"is_trial":false,"path_per_floor":["M","M","?","M","$","R","E","?","T","R","M","T","R","E","R","B",null,"M","?","M","$","M","R","E","$","T","M","E","M","E","?","R"],"character_chosen":"DEFECT","items_purchased":["Conserve Battery"],"campfire_rested":2,"item_purchase_floors":[21],"current_hp_per_floor":[75,71,56,55,55,55,20,13,13,37,36,36,60,62,62,33,70,58,58,67,67,71,71,67,67,67,74,78,65,58,58,58,0],"gold":172,"neow_bonus":"REMOVE_CARD","is_prod":false,"is_daily":false,"chose_seed":false,"campfire_upgraded":4,"win_rate":0,"timestamp":1536526920,"path_taken":["M","M","?","M","$","R","E","?","T","R","M","?","R","E","R","BOSS","M","?","M","$","M","R","E","$","T","M","E","M","E","?","R","BOSS"],"build_version":"2018-09-06","purchased_purges":3,"victory":false,"max_hp_per_floor":[75,75,75,75,75,75,82,82,82,82,82,82,82,82,82,82,82,84,84,86,86,88,88,88,88,88,90,92,92,92,92,92,92],"card_choices":[{"not_picked":["Stack","Gash"],"picked":"Tempest","floor":1},{"not_picked":["Redo","Go for the Eyes"],"picked":"Genetic Algorithm","floor":2},{"not_picked":["Rebound","Compile Driver"],"picked":"BootSequence","floor":4},{"not_picked":["Steam","Stack","Recycle"],"picked":"SKIP","floor":7},{"not_picked":["Beam Cell","Blizzard"],"picked":"Self Repair","floor":11},{"not_picked":["Darkness","Hologram"],"picked":"Reinforced Body","floor":14},{"not_picked":["Creative AI","Multi-Cast"],"picked":"Echo Form","floor":16},{"not_picked":["Self Repair"],"picked":"Singing Bowl","floor":18},{"not_picked":["Barrage+1"],"picked":"Singing Bowl","floor":20},{"not_picked":["Hello World+1"],"picked":"Singing Bowl","floor":22},{"not_picked":[],"picked":"Reinforced Body","floor":24},{"not_picked":["Redo"],"picked":"Singing Bowl","floor":27},{"not_picked":[],"picked":"Fusion+1","floor":27},{"not_picked":["Hologram"],"picked":"Singing Bowl","floor":28},{"not_picked":[],"picked":"Sunder","floor":29},{"not_picked":[],"picked":"Tempest+1","floor":29},{"not_picked":[],"picked":"Loop","floor":30}],"player_experience":463893,"relics_obtained":[{"floor":7,"key":"Strawberry"},{"floor":9,"key":"PreservedInsect"},{"floor":12,"key":"Singing Bowl"},{"floor":14,"key":"Ginger"},{"floor":24,"key":"Prayer Wheel"},{"floor":26,"key":"Anchor"},{"floor":28,"key":"Toxic Egg 2"},{"floor":30,"key":"Centennial Puzzle"}],"event_choices":[{"event_name":"Shining Light","player_choice":"Entered Light","floor":3,"damage_taken":0},{"event_name":"Scrap Ooze","player_choice":"success","floor":8,"damage_taken":7},{"event_name":"Addict","player_choice":"Obtained Relic","floor":19,"damage_taken":0},{"event_name":"Purifier","player_choice":"One Purge","floor":31,"damage_taken":0}],"is_beta":false,"boss_relics":[{"not_picked":["Philosopher\u0027s Stone","Snecko Eye"],"picked":"Busted Crown"}],"items_purged_floors":[5,21,25],"is_endless":false,"potions_floor_spawned":[11,14,16,18,27,28,29,30],"killed_by":"Automaton","ascension_level":5}