{"gold_per_floor":[366,366,57,68,143,177,177,190,190,222,232,26,26,45,45,124,124,136,136,136,146,146],"floor_reached":22,"playtime":2864,"items_purged":["Strike_G","Strike_G"],"score":349,"play_id":"b6dc7ecf-d8ea-4c41-a713-c33182e07f39","local_time":"20190702232742","is_ascension_mode":true,"campfire_choices":[{"floor":7.0,"key":"REST"},{"floor":13.0,"key":"REST"},{"data":"Bandage Up","floor":15.0,"key":"SMITH"}],"neow_cost":"PERCENT_DAMAGE","seed_source_timestamp":0,"circlet_count":0,"master_deck":["AscendersBane","Strike_G","Strike_G","Defend_G","Defend_G","Defend_G","Defend_G","Defend_G","Survivor","Neutralize","Backflip","Infinite Blades","Noxious Fumes","Bandage Up+1","Blur","Blur","Deadly Poison","PiercingWail","Noxious Fumes","Deadly Poison","Noxious Fumes","Deadly Poison","Leg Sweep","Tools of the Trade","Catalyst"],"special_seed":0,"relics":["Ring of the Snake","Girya","The Specimen","Blue Candle","Black Star","Molten Egg 2"],"potions_floor_usage":[22],"damage_taken":[{"damage":5.0,"enemies":"Jaw Worm","floor":1.0,"turns":6.0},{"damage":1.0,"enemies":"2 Louse","floor":4.0,"turns":5.0},{"damage":15.0,"enemies":"Lagavulin","floor":6.0,"turns":8.0},{"damage":1.0,"enemies":"Small Slimes","floor":8.0,"turns":5.0},{"damage":9.0,"enemies":"3 Sentries","floor":10.0,"turns":9.0},{"damage":7.0,"enemies":"2 Fungi Beasts","floor":11.0,"turns":5.0},{"damage":5.0,"enemies":"Exordium Thugs","floor":14.0,"turns":5.0},{"damage":20.0,"enemies":"Slime Boss","floor":16.0,"turns":8.0},{"damage":23.0,"enemies":"3 Byrds","floor":18.0,"turns":6.0},{"damage":17,"enemies":"Shell Parasite","floor":21,"turns":6},{"damage":33,"enemies":"Snecko","floor":22,"turns":4}],"seed_played":"8014880227446513433","potions_obtained":[{"floor":4.0,"key":"FearPotion"},{"floor":6.0,"key":"Block Potion"},{"floor":10.0,"key":"SteroidPotion"},{"floor":14.0,"key":"Fire Potion"},{"floor":21,"key":"SkillPotion"}],"is_trial":false,"path_per_floor":["M","?","$","M","?","E","R","M","T","E","M","$","R","M","R","B",null,"M","?","T","M","M"],"character_chosen":"THE_SILENT","items_purchased":["Noxious Fumes","Bandage Up","Blur","Noxious Fumes","Deadly Poison"],"campfire_rested":2,"item_purchase_floors":[3,3,3,12,12],"current_hp_per_floor":[39,39,39,42,31,20,39,42,42,37,34,34,53,52,52,38,59,42,24,24,13,0],"gold":146,"neow_bonus":"TWO_FIFTY_GOLD","is_prod":false,"is_daily":false,"chose_seed":false,"campfire_upgraded":1,"win_rate":0,"timestamp":1562128062,"path_taken":["M","?","$","M","?","E","R","M","T","E","M","$","R","M","R","BOSS","M","?","?","M","M"],"build_version":"2019-07-01","purchased_purges":2,"victory":false,"max_hp_per_floor":[66,66,66,66,66,66,66,66,66,66,66,66,66,66,66,66,66,66,71,71,71,71],"card_choices":[{"not_picked":["Underhanded Strike","Dagger Throw"],"picked":"Backflip","floor":1.0},{"not_picked":["Dash","Expertise"],"picked":"Blur","floor":4.0},{"not_picked":["Bane","Dodge and Roll"],"picked":"Deadly Poison","floor":6.0},{"not_picked":["Eviscerate","Wraith Form v2"],"picked":"PiercingWail","floor":8.0},{"not_picked":["Tactician","Adrenaline"],"picked":"Noxious Fumes","floor":10.0},{"not_picked":["Cloak And Dagger","Underhanded Strike"],"picked":"Deadly Poison","floor":11.0},{"not_picked":["Prepared","Caltrops"],"picked":"Leg Sweep","floor":14.0},{"not_picked":["A Thousand Cuts","Storm of Steel"],"picked":"Tools of the Trade","floor":16.0},{"not_picked":["Bane","Predator"],"picked":"Catalyst","floor":18.0},{"not_picked":["Finisher+1","Setup","Sucker Punch+1"],"picked":"SKIP","floor":21}],"player_experience":1466234,"relics_obtained":[{"floor":6.0,"key":"Girya"},{"floor":9.0,"key":"The Specimen"},{"floor":10.0,"key":"Blue Candle"},{"floor":20,"key":"Molten Egg 2"}],"event_choices":[{"damage_healed":0.0,"max_hp_gain":0.0,"max_hp_loss":0.0,"gold_gain":0.0,"cards_transformed":["Strike_G"],"event_name":"Living Wall","player_choice":"Change","floor":2.0,"gold_loss":0.0,"damage_taken":0.0,"cards_obtained":["Infinite Blades"]},{"damage_healed":0.0,"max_hp_gain":0.0,"max_hp_loss":0.0,"gold_gain":75.0,"event_name":"World of Goop","player_choice":"Gather Gold","floor":5.0,"gold_loss":0.0,"damage_taken":11.0},{"damage_healed":0,"gold_gain":0,"player_choice":"Shed Blood","damage_taken":23,"max_hp_gain":5,"max_hp_loss":0,"event_name":"Forgotten Altar","floor":19,"gold_loss":0}],"is_beta":false,"boss_relics":[{"not_picked":["Tiny House","Philosopher\u0027s Stone"],"picked":"Black Star"}],"items_purged_floors":[3,12],"is_endless":false,"potions_floor_spawned":[4,6,10,14,21],"killed_by":"Snecko","ascension_level":16}