{"gold_per_floor":[110,110,122,138,138,138,138,138,164,164,64,64,132,208,208,284,284,304,354,404,454,116,146,164,89,89,89,164,226,248,280,292,375,387,410,472,534,596,623,635],"floor_reached":40,"playtime":954,"items_purged":["Defend_P","Strike_P"],"score":875,"play_id":"799b670c-7ac7-479a-becc-1db35d3f6351","local_time":"20190924183240","is_ascension_mode":true,"campfire_choices":[{"data":"SandsOfTime","floor":6.0,"key":"SMITH"},{"data":"Protect","floor":8.0,"key":"SMITH"},{"data":"Vigilance","floor":10.0,"key":"SMITH"},{"data":"Strike_P","floor":15.0,"key":"SMITH"},{"data":"Devotion","floor":32.0,"key":"SMITH"}],"neow_cost":"NONE","seed_source_timestamp":138332206527500,"circlet_count":0,"master_deck":["AscendersBane","Strike_P","Strike_P","Defend_P","Defend_P","Defend_P","Eruption+1","Vigilance+1","Protect+1","SandsOfTime+1","Ghostly","Ghostly","Ghostly","Ghostly","Devotion+1","Vault","Devotion"],"special_seed":0,"relics":["Velvet Choker","Ancient Tea Set","Happy Flower","MealTicket","SsserpentHead","Odd Mushroom","Coffee Dripper","DollysMirror","Oddly Smooth Stone","Bronze Scales","Toxic Egg 2","MawBank","MutagenicStrength","Busted Crown"],"potions_floor_usage":[40],"damage_taken":[{"damage":0.0,"enemies":"Cultist","floor":1.0,"turns":2.0},{"damage":9.0,"enemies":"2 Louse","floor":3.0,"turns":2.0},{"damage":0.0,"enemies":"Small Slimes","floor":4.0,"turns":3.0},{"damage":1.0,"enemies":"2 Fungi Beasts","floor":13.0,"turns":2.0},{"damage":0.0,"enemies":"The Mushroom Lair","floor":14.0,"turns":3.0},{"damage":10.0,"enemies":"The Guardian","floor":16.0,"turns":11.0},{"damage":0.0,"enemies":"Chosen","floor":18.0,"turns":3.0},{"damage":4.0,"enemies":"Slavers","floor":23.0,"turns":7.0},{"damage":0.0,"enemies":"Spheric Guardian","floor":24.0,"turns":3.0},{"damage":0.0,"enemies":"Snake Plant","floor":30.0,"turns":3.0},{"damage":5.0,"enemies":"Centurion and Healer","floor":31.0,"turns":7.0},{"damage":24.0,"enemies":"Automaton","floor":33.0,"turns":10.0},{"damage":5.0,"enemies":"3 Darklings","floor":35.0,"turns":8.0},{"damage":3.0,"enemies":"3 Shapes","floor":39.0,"turns":3.0},{"damage":30,"enemies":"Reptomancer","floor":40,"turns":7}],"seed_played":"4050163538667042311","potions_obtained":[{"floor":4.0,"key":"Energy Potion"},{"floor":13.0,"key":"Energy Potion"},{"floor":16.0,"key":"Fire Potion"},{"floor":18.0,"key":"Regen Potion"},{"floor":23.0,"key":"Strength Potion"},{"floor":35.0,"key":"PowerPotion"}],"is_trial":false,"path_per_floor":["M","?","M","M","T","R","?","R","T","R","$","?","M","?","R","B",null,"M","?","?","?","$","E","M","$","T","$","T","?","M","M","R","B",null,"M","?","?","?","M","E"],"character_chosen":"WATCHER","items_purchased":["DollysMirror","Oddly Smooth Stone"],"campfire_rested":0,"item_purchase_floors":[22,22],"current_hp_per_floor":[55,55,46,46,46,46,1,1,1,1,16,16,15,15,15,5,47,47,47,31,31,33,29,29,33,33,33,33,33,33,28,28,4,26,33,33,33,33,30,0],"gold":635,"neow_bonus":"BOSS_RELIC","is_prod":false,"is_daily":false,"chose_seed":false,"campfire_upgraded":5,"win_rate":0,"timestamp":1569324760,"path_taken":["M","?","?","M","?","R","?","R","T","R","$","?","?","?","R","BOSS","M","?","?","?","$","E","M","?","T","$","?","?","M","M","R","BOSS","M","?","?","?","M","E"],"build_version":"2019-09-23","purchased_purges":2,"victory":false,"max_hp_per_floor":[61,61,61,61,61,61,61,61,61,61,61,61,61,61,61,61,61,61,61,66,33,33,33,33,33,33,33,33,33,33,33,33,33,33,33,33,33,33,33,33],"card_choices":[{"not_picked":["Crescendo","Tantrum","JustLucky"],"picked":"SKIP","floor":1.0},{"not_picked":["TalkToTheHand","FollowUp"],"picked":"Protect","floor":3.0},{"not_picked":["Worship","Crescendo"],"picked":"SandsOfTime","floor":4.0},{"not_picked":["Worship","JustLucky","Crescendo"],"picked":"SKIP","floor":13.0},{"not_picked":["FlowState","ThirdEye","CrushJoints+1"],"picked":"SKIP","floor":18.0},{"not_picked":["ClearTheMind+1","CrushJoints+1","BowlingBash"],"picked":"SKIP","floor":23.0},{"not_picked":["Protect","ForeignInfluence","EmptyFist"],"picked":"SKIP","floor":24.0},{"not_picked":["CrushJoints","CutThroughFate"],"picked":"Devotion","floor":30.0},{"not_picked":["EmptyBody+1","JustLucky","EmptyFist"],"picked":"SKIP","floor":31.0},{"not_picked":["Unraveling+1","DeusExMachina+1"],"picked":"Vault","floor":33.0},{"not_picked":["Meditate+1"],"picked":"SKIP","floor":35.0},{"not_picked":[],"picked":"Devotion","floor":39.0}],"player_experience":1146378,"relics_obtained":[{"floor":5.0,"key":"Ancient Tea Set"},{"floor":9.0,"key":"MealTicket"},{"floor":14.0,"key":"Odd Mushroom"},{"floor":23.0,"key":"Bronze Scales"},{"floor":26.0,"key":"Toxic Egg 2"},{"floor":28.0,"key":"MawBank"}],"event_choices":[{"damage_healed":0.0,"max_hp_gain":0.0,"max_hp_loss":0.0,"gold_gain":0.0,"event_name":"Accursed Blacksmith","player_choice":"Forge","floor":2.0,"gold_loss":0.0,"damage_taken":0.0,"cards_upgraded":["Eruption"]},{"damage_healed":0.0,"max_hp_gain":0.0,"max_hp_loss":0.0,"gold_gain":0.0,"event_name":"Scrap Ooze","player_choice":"Success","floor":7.0,"gold_loss":0.0,"damage_taken":45.0,"relics_obtained":["Happy Flower"]},{"damage_healed":0.0,"max_hp_gain":0.0,"max_hp_loss":0.0,"gold_gain":0.0,"event_name":"FaceTrader","player_choice":"Trade","floor":12.0,"gold_loss":0.0,"damage_taken":0.0,"relics_obtained":["SsserpentHead"]},{"damage_healed":0.0,"max_hp_gain":0.0,"max_hp_loss":0.0,"gold_gain":0.0,"event_name":"Mushrooms","player_choice":"Fought Mushrooms","floor":14.0,"gold_loss":0.0,"damage_taken":0.0},{"damage_healed":0.0,"max_hp_gain":0.0,"max_hp_loss":0.0,"gold_gain":0.0,"event_name":"The Mausoleum","player_choice":"Ignored","floor":19.0,"gold_loss":0.0,"damage_taken":0.0},{"damage_healed":0.0,"max_hp_gain":5.0,"max_hp_loss":0.0,"gold_gain":0.0,"event_name":"Forgotten Altar","player_choice":"Shed Blood","floor":20.0,"gold_loss":0.0,"damage_taken":21.0},{"damage_healed":0.0,"max_hp_gain":0.0,"max_hp_loss":33.0,"gold_gain":0.0,"event_name":"Ghosts","player_choice":"Became a Ghost","floor":21.0,"gold_loss":0.0,"damage_taken":0.0,"cards_obtained":["Ghostly","Ghostly","Ghostly"]},{"damage_healed":0.0,"max_hp_gain":0.0,"max_hp_loss":0.0,"gold_gain":0.0,"event_name":"Drug Dealer","player_choice":"Inject Mutagens","floor":29.0,"gold_loss":0.0,"damage_taken":0.0,"relics_obtained":["MutagenicStrength"]},{"damage_healed":0.0,"max_hp_gain":0.0,"max_hp_loss":0.0,"gold_gain":0.0,"event_name":"Mysterious Sphere","player_choice":"Ignored","floor":36.0,"gold_loss":0.0,"damage_taken":0.0},{"cards_removed":["Strike_P"],"damage_healed":0.0,"max_hp_gain":0.0,"max_hp_loss":0.0,"gold_gain":0.0,"event_name":"Falling","player_choice":"Removed Attack","floor":37.0,"gold_loss":0.0,"damage_taken":0.0},{"damage_healed":0.0,"max_hp_gain":0.0,"max_hp_loss":0.0,"gold_gain":0.0,"event_name":"SensoryStone","player_choice":"Memory 1","floor":38.0,"gold_loss":0.0,"damage_taken":0.0}],"is_beta":true,"boss_relics":[{"not_picked":["Fusion Hammer","Tiny House"],"picked":"Coffee Dripper"},{"not_picked":["Philosopher\u0027s Stone","VioletLotus"],"picked":"Busted Crown"}],"items_purged_floors":[11,25],"is_endless":false,"potions_floor_spawned":[4,13,14,16,18,23,30,35],"killed_by":"Reptomancer","ascension_level":21}