{"gold_per_floor":[114,128,168,68,89,89,111,111,111,125,125,140,15,15,15,15],"floor_reached":16,"playtime":166,"items_purged":["Defend_P","Defend_P"],"score":277,"play_id":"578dbca1-968d-400f-9dc7-879d3fbeef5d","local_time":"20190927022309","is_ascension_mode":true,"campfire_choices":[{"data":"Eruption","floor":6.0,"key":"SMITH"},{"data":"Vigilance","floor":8.0,"key":"SMITH"},{"data":"Strike_P","floor":15.0,"key":"SMITH"}],"neow_cost":"NONE","seed_source_timestamp":340189269045500,"circlet_count":0,"master_deck":["Strike_P","Strike_P","Strike_P","Strike_P+1","Defend_P","Eruption+1","Vigilance+1","AscMod:ascendersbane","DeusExMachina","Protect"],"special_seed":0,"relics":["PureWater","NeowsBlessing","Omamori","Dream Catcher","TungstenRod"],"potions_floor_usage":[16],"damage_taken":[{"damage":0.0,"enemies":"Small Slimes","floor":1.0,"turns":1.0},{"damage":0.0,"enemies":"Cultist","floor":2.0,"turns":1.0},{"damage":0.0,"enemies":"3 Sentries","floor":7.0,"turns":1.0},{"damage":3.0,"enemies":"2 Louse","floor":10.0,"turns":3.0},{"damage":7.0,"enemies":"Blue Slaver","floor":12.0,"turns":3.0},{"damage":12,"enemies":"Slime Boss","floor":16,"turns":5}],"seed_played":"-1090964525873552206","potions_obtained":[{"floor":10.0,"key":"SpeedPotion"},{"floor":12.0,"key":"FearPotion"}],"is_trial":false,"path_per_floor":["M","M","?","$","T","R","E","R","T","M","?","M","$","?","R","B"],"character_chosen":"WATCHER","items_purchased":[],"campfire_rested":0,"item_purchase_floors":[],"current_hp_per_floor":[55,55,55,55,55,55,55,55,55,52,52,45,45,45,45,33],"gold":15,"neow_bonus":"THREE_ENEMY_KILL","is_prod":false,"is_daily":false,"chose_seed":false,"campfire_upgraded":3,"win_rate":0,"timestamp":1569525789,"path_taken":["M","M","?","$","?","R","E","R","T","M","?","M","?","?","R","BOSS"],"build_version":"2019-09-25","purchased_purges":2,"victory":false,"max_hp_per_floor":[61,61,61,61,61,61,61,61,61,61,61,61,61,61,61,61],"card_choices":[{"not_picked":["ClearTheMind","DeceiveReality","Weave"],"picked":"SKIP","floor":1.0},{"not_picked":["Sanctity","CutThroughFate","ForeignInfluence"],"picked":"SKIP","floor":2.0},{"not_picked":["EmptyFist","InnerPeace"],"picked":"DeusExMachina","floor":7.0},{"not_picked":["SpiritShield","FollowUp","ClearTheMind"],"picked":"SKIP","floor":10.0},{"not_picked":["Consecrate","Prostrate"],"picked":"Protect","floor":12.0}],"player_experience":1165213,"relics_obtained":[{"floor":5.0,"key":"Omamori"},{"floor":7.0,"key":"Dream Catcher"},{"floor":9.0,"key":"TungstenRod"}],"event_choices":[{"damage_healed":0.0,"max_hp_gain":0.0,"max_hp_loss":0.0,"gold_gain":50.0,"event_name":"Golden Shrine","player_choice":"Pray","floor":3.0,"gold_loss":0.0,"damage_taken":0.0},{"cards_removed":["Defend_P"],"damage_healed":0.0,"max_hp_gain":0.0,"max_hp_loss":0.0,"gold_gain":0.0,"event_name":"Living Wall","player_choice":"Forget","floor":11.0,"gold_loss":0.0,"damage_taken":0.0},{"damage_healed":0.0,"max_hp_gain":0.0,"max_hp_loss":0.0,"gold_gain":0.0,"event_name":"Liars Game","player_choice":"Ignored","floor":14.0,"gold_loss":0.0,"damage_taken":0.0}],"is_beta":true,"boss_relics":[],"items_purged_floors":[4,13],"is_endless":false,"potions_floor_spawned":[10,12],"killed_by":"Slime Boss","ascension_level":25}