{"path_per_floor":["M","M","M","M","$","R","E","?","T","M","M","M","R","?","R","B",null,"M","M","M","?","$","R","?","R","T","E","M","M","M","M","R","B",null,"M","M","?","M","M","R","$","M","T","?","M","M","E","M","R","B"],"character_chosen":"DEFECT","items_purchased":["Vajra","Bag of Preparation","Swift Strike"],"gold_per_floor":[114,129,144,159,9,9,39,114,139,154,169,184,184,184,184,284,284,299,314,329,252,27,27,27,27,27,57,72,87,102,117,117,217,217,232,247,247,262,277,277,82,97,97,97,112,127,157,172,172,172],"floor_reached":51,"campfire_rested":0,"playtime":2549,"item_purchase_floors":[5,22,41],"current_hp_per_floor":[75,72,71,71,71,71,71,60,60,60,60,60,60,60,60,45,75,75,75,67,67,67,67,67,67,67,64,64,64,61,58,58,50,75,75,75,75,72,72,72,72,71,71,61,58,58,58,58,58,37],"items_purged":["Strike_B","Strike_B"],"gold":172,"score":834,"play_id":"84e77c8a-931e-440d-bf1c-9905b482bce2","local_time":"20180610173443","daily_mods":["Specialized","Uncertain Future","Night Terrors"],"is_prod":false,"is_daily":true,"chose_seed":false,"is_ascension_mode":false,"campfire_upgraded":8,"win_rate":0,"timestamp":1528626883,"campfire_choices":[{"data":"Zap","floor":6,"key":"SMITH"},{"data":"Dualcast","floor":13,"key":"SMITH"},{"data":"Scrape","floor":15,"key":"SMITH"},{"data":"J.A.X.","floor":23,"key":"SMITH"},{"data":"FTL","floor":25,"key":"SMITH"},{"data":"Beam Cell","floor":32,"key":"SMITH"},{"data":"Hologram","floor":40,"key":"SMITH"},{"data":"Seek","floor":49,"key":"SMITH"}],"path_taken":["M","?","M","M","$","R","E","?","T","M","M","M","R","?","R","BOSS","M","M","M","?","$","R","?","R","T","E","M","M","?","M","R","BOSS","M","M","?","M","M","R","$","M","T","?","?","M","E","M","R","BOSS"],"build_version":"2018-06-08","seed_source_timestamp":0,"purchased_purges":2,"victory":true,"master_deck":["Strike_B","Defend_B","Defend_B","Defend_B","Defend_B","Zap+1","Dualcast+1","Seek","Seek+1","Seek","Seek","Seek","Conserve Battery","Scrape+1","Go for the Eyes","Go for the Eyes","FTL","Sweeping Beam","FTL+1","Hologram+1","Hyperbeam","Beam Cell+1","Beam Cell","J.A.X.+1","All For One","Reprogram","All For One","Reinforced Body+1","White Noise+1","Swift Strike","Gash","Apotheosis","Dark Shackles","Dark Shackles","Gash","Hologram"],"max_hp_per_floor":[75,75,75,75,75,75,75,75,75,75,75,75,75,75,75,75,75,75,75,75,75,75,75,75,75,75,75,75,75,75,75,75,75,75,75,75,75,75,75,75,75,75,75,75,75,75,75,75,75,75],"relics":["Cracked Core","Vajra","Mercury Hourglass","Art of War","Black Star","Bag of Preparation","Happy Flower","Orichalcum","Omamori","Cursed Key","Boot","Bird Faced Urn","Du-Vu Doll"],"card_choices":[{"not_picked":["Capacitor","Compile Driver"],"picked":"Conserve Battery","floor":1},{"not_picked":["Barrage","Coolheaded"],"picked":"Scrape","floor":2},{"not_picked":["Redo","Compile Driver"],"picked":"Go for the Eyes","floor":3},{"not_picked":["Coolheaded","Storm"],"picked":"Go for the Eyes","floor":4},{"not_picked":["Barrage","Ball Lightning"],"picked":"FTL","floor":7},{"not_picked":["Lockon","Conserve Battery","Chill"],"picked":"SKIP","floor":10},{"not_picked":["Leap","Conserve Battery"],"picked":"Sweeping Beam","floor":11},{"not_picked":["Ball Lightning","Blizzard"],"picked":"FTL","floor":12},{"not_picked":["Seek","Machine Learning"],"picked":"Hyperbeam","floor":16},{"not_picked":["Skim+1","Turbo"],"picked":"Beam Cell","floor":18},{"not_picked":["Turbo","Capacitor","Cold Snap+1"],"picked":"SKIP","floor":19},{"not_picked":["Sweeping Beam+1","Rebound"],"picked":"Beam Cell","floor":20},{"not_picked":["Barrage","Auto Shields"],"picked":"All For One","floor":27},{"not_picked":["White Noise","Hello World+1","Beam Cell"],"picked":"SKIP","floor":28},{"not_picked":["Turbo","Compile Driver","Streamline"],"picked":"SKIP","floor":29},{"not_picked":["Beam Cell","Leap+1","Sunder"],"picked":"SKIP","floor":30},{"not_picked":["Compile Driver+1","Rebound"],"picked":"Reprogram","floor":31},{"not_picked":["Creative AI","Electrodynamics"],"picked":"All For One","floor":33},{"not_picked":["Genetic Algorithm","Reprogram+1","Steam Power+1"],"picked":"SKIP","floor":35},{"not_picked":["Turbo+1","Blizzard+1"],"picked":"Reinforced Body","floor":36},{"not_picked":["Storm","Beam Cell"],"picked":"White Noise+1","floor":38},{"not_picked":["Go for the Eyes","Stack","Compile Driver+1"],"picked":"SKIP","floor":39},{"not_picked":["Chaos","Chill"],"picked":"Gash","floor":42},{"not_picked":["Madness","Sadistic Nature"],"picked":"Apotheosis","floor":44},{"not_picked":["Bandage Up","Madness"],"picked":"Dark Shackles","floor":44},{"not_picked":["Panacea","Magnetism"],"picked":"Dark Shackles","floor":44},{"not_picked":["Stack+1","FTL+1"],"picked":"Gash","floor":45},{"not_picked":["Conserve Battery","Go for the Eyes"],"picked":"Hologram","floor":46},{"not_picked":["Undo+1","Steam","Sweeping Beam"],"picked":"SKIP","floor":47},{"not_picked":["Turbo","Hologram","Glacier+1"],"picked":"SKIP","floor":48}],"player_experience":53905,"potions_floor_usage":[7,16,27,27,28,31,46,50,50,50,50,50],"damage_taken":[{"damage":0,"enemies":"Cultist","floor":1,"turns":3},{"damage":3,"enemies":"2 Louse","floor":2,"turns":3},{"damage":1,"enemies":"Jaw Worm","floor":3,"turns":3},{"damage":0,"enemies":"2 Fungi Beasts","floor":4,"turns":3},{"damage":0,"enemies":"3 Sentries","floor":7,"turns":7},{"damage":0,"enemies":"Exordium Thugs","floor":10,"turns":3},{"damage":0,"enemies":"Looter","floor":11,"turns":2},{"damage":0,"enemies":"3 Louse","floor":12,"turns":2},{"damage":15,"enemies":"The Guardian","floor":16,"turns":10},{"damage":0,"enemies":"Spheric Guardian","floor":18,"turns":3},{"damage":0,"enemies":"Chosen","floor":19,"turns":2},{"damage":8,"enemies":"Snake Plant","floor":20,"turns":2},{"damage":3,"enemies":"Slavers","floor":27,"turns":2},{"damage":0,"enemies":"Chosen and Byrds","floor":28,"turns":2},{"damage":0,"enemies":"Snecko","floor":29,"turns":2},{"damage":3,"enemies":"Cultist and Chosen","floor":30,"turns":2},{"damage":3,"enemies":"Slaver and Parasite","floor":31,"turns":2},{"damage":8,"enemies":"Champ","floor":33,"turns":4},{"damage":0,"enemies":"Flame Bruiser 1 Orb","floor":35,"turns":2},{"damage":0,"enemies":"3 Darklings","floor":36,"turns":2},{"damage":3,"enemies":"Maw","floor":38,"turns":4},{"damage":0,"enemies":"4 Shapes","floor":39,"turns":4},{"damage":1,"enemies":"3 Darklings","floor":42,"turns":3},{"damage":3,"enemies":"Sphere and 2 Shapes","floor":45,"turns":5},{"damage":0,"enemies":"Transient","floor":46,"turns":5},{"damage":0,"enemies":"Giant Head","floor":47,"turns":4},{"damage":0,"enemies":"4 Shapes","floor":48,"turns":3},{"damage":23,"enemies":"Donu and Deca","floor":50,"turns":5}],"relics_obtained":[{"floor":7,"key":"Mercury Hourglass"},{"floor":9,"key":"Art of War"},{"floor":26,"key":"Happy Flower"},{"floor":27,"key":"Orichalcum"},{"floor":27,"key":"Omamori"},{"floor":43,"key":"Boot"},{"floor":47,"key":"Bird Faced Urn"},{"floor":47,"key":"Du-Vu Doll"}],"event_choices":[{"event_name":"World of Goop","player_choice":"Gather Gold","floor":8,"damage_taken":0},{"event_name":"Living Wall","player_choice":"Change","floor":14,"damage_taken":0},{"event_name":"Drug Dealer","player_choice":"Got JAXXED","floor":21,"damage_taken":0},{"event_name":"Beggar","player_choice":"Ignored","floor":24,"damage_taken":0},{"event_name":"Accursed Blacksmith","player_choice":"Forge","floor":37,"damage_taken":0},{"event_name":"SensoryStone","player_choice":"Memory 3","floor":44,"damage_taken":0}],"boss_relics":[{"not_picked":["Busted Crown","Runic Pyramid"],"picked":"Black Star"},{"not_picked":["White Beast Statue","Runic Dome"],"picked":"Cursed Key"}],"items_purged_floors":[22,41],"potions_floor_spawned":[2,3,11,18,19,30,35,36,42],"seed_played":"3483754520663097572","ascension_level":0,"potions_obtained":[{"floor":2,"key":"PowerPotion"},{"floor":3,"key":"Ancient Potion"},{"floor":11,"key":"SpeedPotion"},{"floor":18,"key":"Explosive Potion"},{"floor":19,"key":"PowerPotion"},{"floor":30,"key":"Block Potion"},{"floor":35,"key":"Ancient Potion"},{"floor":36,"key":"EntropicBrew"},{"floor":42,"key":"Fire Potion"}],"is_trial":false}