{"gold_per_floor":[117,117,117,143,163,163,192,192,247,260,260],"floor_reached":11,"playtime":157,"items_purged":[],"score":142,"play_id":"b16801e1-7514-4dbf-b061-4306807ca2e6","local_time":"20190819203942","is_ascension_mode":true,"campfire_choices":[{"data":"Bash","floor":6,"key":"SMITH"},{"data":"Clothesline","floor":8,"key":"SMITH"}],"neow_cost":"NONE","seed_source_timestamp":141842417877498,"circlet_count":0,"master_deck":["AscendersBane","Strike_R","Strike_R","Strike_R","Strike_R","Strike_R","Defend_R","Defend_R","Defend_R","Defend_R","Bash+1","Clothesline+1"],"special_seed":0,"relics":["Sozu","Regal Pillow","Boot","Tiny Chest"],"potions_floor_usage":[],"damage_taken":[{"damage":1.0,"enemies":"2 Louse","floor":1.0,"turns":3.0},{"damage":7,"enemies":"Jaw Worm","floor":5,"turns":3},{"damage":62,"enemies":"3 Sentries","floor":7,"turns":12},{"damage":0,"enemies":"Small Slimes","floor":10,"turns":3},{"damage":0,"enemies":"Exordium Thugs","floor":11,"turns":1}],"seed_played":"-775957128649957898","potions_obtained":[],"is_trial":false,"path_per_floor":["M","?","?","T","M","R","E","R","T","M","M"],"character_chosen":"IRONCLAD","items_purchased":[],"campfire_rested":0,"item_purchase_floors":[],"current_hp_per_floor":[67,67,72,72,65,65,3,3,3,3,3],"gold":260,"neow_bonus":"BOSS_RELIC","is_prod":false,"is_daily":false,"chose_seed":false,"campfire_upgraded":2,"win_rate":0,"timestamp":1566221982,"path_taken":["M","?","?","?","M","R","E","R","T","M","M"],"build_version":"2019-08-15","purchased_purges":0,"victory":false,"max_hp_per_floor":[75,75,80,80,80,80,80,80,80,80,80],"card_choices":[{"not_picked":["Thunderclap","Wild Strike","Seeing Red"],"picked":"SKIP","floor":1.0},{"not_picked":["Sword Boomerang","Infernal Blade"],"picked":"Clothesline","floor":5},{"not_picked":["Headbutt","Anger","Clash"],"picked":"SKIP","floor":7},{"not_picked":["Heavy Blade","Intimidate","Ghostly Armor"],"picked":"SKIP","floor":10}],"player_experience":1070516,"relics_obtained":[{"floor":4,"key":"Regal Pillow"},{"floor":7,"key":"Boot"},{"floor":9,"key":"Tiny Chest"}],"event_choices":[{"damage_healed":0,"gold_gain":0,"player_choice":"Ignored","damage_taken":0,"max_hp_gain":0,"max_hp_loss":0,"event_name":"Liars Game","floor":2,"gold_loss":0},{"damage_healed":0,"gold_gain":0,"player_choice":"Donut","damage_taken":0,"max_hp_gain":5,"max_hp_loss":0,"event_name":"Big Fish","floor":3,"gold_loss":0}],"is_beta":true,"boss_relics":[],"items_purged_floors":[],"is_endless":false,"potions_floor_spawned":[5,7,10],"killed_by":"Exordium Thugs","ascension_level":20}