{"gold_per_floor":[111,128,128,53,70,98,98,123,123,123,154,166,166,182,182,253,253,267,267,267,267,282,300,300],"floor_reached":24,"playtime":2243,"items_purged":["Strike_B"],"score":360,"play_id":"a2e4f6ed-a519-489e-9c0f-a891556626f8","local_time":"20181227003853","is_ascension_mode":true,"campfire_choices":[{"floor":7,"key":"REST"},{"floor":10,"key":"REST"},{"floor":13,"key":"REST"},{"data":"Zap","floor":15,"key":"SMITH"}],"neow_cost":"NONE","seed_source_timestamp":612419682342413,"circlet_count":0,"master_deck":["AscendersBane","Strike_B","Defend_B","Defend_B","Defend_B","Defend_B","Zap+1","Dualcast","Redo","Steam","Core Surge","Coolheaded","Sunder","FTL","Electrodynamics","Stack"],"relics":["Cracked Core","NeowsBlessing","Anchor","Dead Branch","Bottled Lightning","Pocketwatch","Fusion Hammer"],"potions_floor_usage":[8,21],"damage_taken":[{"damage":0,"enemies":"Cultist","floor":1,"turns":1},{"damage":0,"enemies":"Jaw Worm","floor":2,"turns":1},{"damage":0,"enemies":"Small Slimes","floor":5,"turns":1},{"damage":39,"enemies":"3 Sentries","floor":6,"turns":9},{"damage":19,"enemies":"Lagavulin","floor":8,"turns":7},{"damage":27,"enemies":"3 Sentries","floor":11,"turns":12},{"damage":0,"enemies":"Exordium Wildlife","floor":12,"turns":1},{"damage":0,"enemies":"Exordium Thugs","floor":14,"turns":3},{"damage":29,"enemies":"The Guardian","floor":16,"turns":12},{"damage":12,"enemies":"Shell Parasite","floor":18,"turns":7},{"damage":0,"enemies":"2 Thieves","floor":21,"turns":1},{"damage":0,"enemies":"Chosen and Byrds","floor":22,"turns":4},{"damage":6,"enemies":"Centurion and Healer","floor":23,"turns":7},{"damage":44,"enemies":"Book of Stabbing","floor":24,"turns":6}],"seed_played":"-5641541579560217711","potions_obtained":[{"floor":6,"key":"Poison Potion"},{"floor":8,"key":"SmokeBomb"},{"floor":11,"key":"SteroidPotion"}],"is_trial":false,"path_per_floor":["M","M","?","$","M","E","R","E","T","R","E","M","R","M","R","B",null,"M","?","?","M","M","M","E"],"character_chosen":"DEFECT","items_purchased":[],"campfire_rested":3,"item_purchase_floors":[],"current_hp_per_floor":[68,68,68,68,68,29,51,32,32,54,27,27,49,49,49,20,61,49,49,49,49,49,43,0],"gold":300,"neow_bonus":"THREE_ENEMY_KILL","is_prod":false,"is_daily":false,"chose_seed":false,"campfire_upgraded":1,"win_rate":0,"timestamp":1545892733,"path_taken":["M","?","?","$","?","E","R","E","T","R","E","M","R","M","R","BOSS","M","?","?","M","?","M","E"],"build_version":"2018-12-20","purchased_purges":1,"victory":false,"max_hp_per_floor":[75,75,75,75,75,75,75,75,75,75,75,75,75,75,75,75,75,75,75,75,75,75,75,75],"card_choices":[{"not_picked":["Beam Cell","Barrage"],"picked":"Redo","floor":1},{"not_picked":["Stack","Gash"],"picked":"Steam","floor":2},{"not_picked":["Barrage","Beam Cell","Gash"],"picked":"SKIP","floor":5},{"not_picked":["Fusion","BootSequence"],"picked":"Core Surge","floor":6},{"not_picked":["Compile Driver","Conserve Battery"],"picked":"Coolheaded","floor":8},{"not_picked":["Compile Driver","Barrage"],"picked":"Sunder","floor":11},{"not_picked":["Rebound","Gash","Beam Cell"],"picked":"SKIP","floor":12},{"not_picked":["Go for the Eyes","Turbo"],"picked":"FTL","floor":14},{"not_picked":["All For One","Fission"],"picked":"Electrodynamics","floor":16},{"not_picked":["Rebound","Go for the Eyes"],"picked":"Stack","floor":18},{"not_picked":["Gash","Scrape","Barrage"],"picked":"SKIP","floor":22},{"not_picked":["Hologram","Static Discharge","Barrage"],"picked":"SKIP","floor":23}],"player_experience":983363,"relics_obtained":[{"floor":6,"key":"Anchor"},{"floor":8,"key":"Dead Branch"},{"floor":9,"key":"Bottled Lightning"},{"floor":11,"key":"Pocketwatch"}],"event_choices":[{"cards_removed":["Strike_B"],"damage_healed":0,"gold_gain":0,"player_choice":"Card Removal","damage_taken":0,"max_hp_gain":0,"max_hp_loss":0,"event_name":"Wheel of Change","floor":3,"gold_loss":0},{"cards_removed":["Strike_B"],"damage_healed":0,"gold_gain":0,"player_choice":"Elegance","damage_taken":0,"max_hp_gain":0,"max_hp_loss":0,"event_name":"Back to Basics","floor":19,"gold_loss":0},{"damage_healed":0,"gold_gain":0,"player_choice":"Ignored","damage_taken":0,"max_hp_gain":0,"max_hp_loss":0,"event_name":"Ghosts","floor":20,"gold_loss":0}],"is_beta":false,"boss_relics":[{"not_picked":["Runic Dome","Snecko Eye"],"picked":"Fusion Hammer"}],"items_purged_floors":[4],"is_endless":false,"potions_floor_spawned":[6,8,11,21],"killed_by":"Book of Stabbing","ascension_level":13}