{"gold_per_floor":[117,42,42,42,58,90,90,165,165,165,179,209,41,73,73,73],"floor_reached":16,"playtime":414,"items_purged":["Strike_G"],"score":282,"play_id":"d76c9554-0cc6-4615-a6e6-0d393af8b95e","local_time":"20190707192742","is_ascension_mode":true,"campfire_choices":[{"data":"Crippling Poison","floor":7,"key":"SMITH"},{"data":"Dagger Spray","floor":10,"key":"SMITH"},{"data":"Crippling Poison","floor":15,"key":"SMITH"}],"neow_cost":"NONE","seed_source_timestamp":1549949016964740,"circlet_count":0,"master_deck":["AscendersBane","Strike_G","Strike_G","Strike_G","Defend_G","Defend_G","Defend_G","Defend_G","Defend_G","Survivor","Neutralize","Quick Slash","Dagger Spray+1","Crippling Poison+1","Quick Slash","Well Laid Plans","Crippling Poison+1","Leg Sweep"],"relics":["Ring of the Snake","NeowsBlessing","Strawberry","Ornamental Fan","Molten Egg 2","Boot"],"potions_floor_usage":[12,14,16],"damage_taken":[{"damage":0,"enemies":"Jaw Worm","floor":1,"turns":1},{"damage":0,"enemies":"Small Slimes","floor":5,"turns":1},{"damage":0,"enemies":"3 Sentries","floor":6,"turns":2},{"damage":0,"enemies":"2 Louse","floor":11,"turns":2},{"damage":21,"enemies":"Lagavulin","floor":12,"turns":7},{"damage":25,"enemies":"Gremlin Nob","floor":14,"turns":4},{"damage":18,"enemies":"Slime Boss","floor":16,"turns":8}],"seed_played":"3404548755453054560","potions_obtained":[{"floor":5,"key":"EssenceOfSteel"},{"floor":11,"key":"Regen Potion"},{"floor":12,"key":"EssenceOfSteel"}],"is_trial":false,"path_per_floor":["M","$","?","?","M","E","R","?","T","R","M","E","$","E","R","B"],"character_chosen":"THE_SILENT","items_purchased":["Well Laid Plans","Crippling Poison"],"campfire_rested":0,"item_purchase_floors":[13,13],"current_hp_per_floor":[59,59,59,52,52,59,59,48,48,48,48,27,27,14,14,0],"gold":73,"neow_bonus":"THREE_ENEMY_KILL","is_prod":false,"is_daily":false,"chose_seed":false,"campfire_upgraded":3,"win_rate":0,"timestamp":1562542062,"path_taken":["M","$","?","?","M","E","R","?","T","R","M","E","$","E","R","BOSS"],"build_version":"2019-07-05","purchased_purges":1,"victory":false,"max_hp_per_floor":[66,66,66,66,66,73,73,73,73,73,73,73,73,73,73,73],"card_choices":[{"not_picked":["PiercingWail","Cloak And Dagger"],"picked":"Quick Slash","floor":1},{"not_picked":["PiercingWail","Reflex"],"picked":"Dagger Spray","floor":5},{"not_picked":["Poisoned Stab","Blur"],"picked":"Crippling Poison","floor":6},{"not_picked":["Riddle With Holes","Finisher"],"picked":"Quick Slash","floor":11},{"not_picked":["Blade Dance","Bullet Time","Deflect"],"picked":"SKIP","floor":12},{"not_picked":["Concentrate","Quick Slash+1"],"picked":"Leg Sweep","floor":14}],"player_experience":958475,"relics_obtained":[{"floor":6,"key":"Strawberry"},{"floor":9,"key":"Ornamental Fan"},{"floor":12,"key":"Molten Egg 2"},{"floor":14,"key":"Boot"}],"event_choices":[{"damage_healed":0,"gold_gain":0,"player_choice":"Leave","damage_taken":0,"max_hp_gain":0,"max_hp_loss":0,"event_name":"The Cleric","floor":3,"gold_loss":0},{"cards_removed":["Strike_G"],"damage_healed":0,"gold_gain":0,"player_choice":"Card Removal","damage_taken":7,"max_hp_gain":0,"max_hp_loss":0,"event_name":"Golden Wing","floor":4,"gold_loss":0},{"damage_healed":0,"gold_gain":75,"player_choice":"Gather Gold","damage_taken":11,"max_hp_gain":0,"max_hp_loss":0,"event_name":"World of Goop","floor":8,"gold_loss":0}],"is_beta":false,"boss_relics":[],"items_purged_floors":[2],"is_endless":false,"potions_floor_spawned":[5,11,12],"killed_by":"Slime Boss","ascension_level":20}