{"gold_per_floor":[110,110,120,37,37,71,84,99,99,127,127,25,42,54,54,128,128,109,109],"floor_reached":19,"playtime":1641,"items_purged":[],"score":367,"play_id":"73f5d9a9-4dcf-460f-8dcd-1667ec1d9859","local_time":"20190623230923","is_ascension_mode":true,"campfire_choices":[{"data":"Armaments","floor":11,"key":"SMITH"},{"data":"Armaments","floor":15,"key":"SMITH"}],"neow_cost":"NONE","seed_source_timestamp":5235207390425,"circlet_count":0,"master_deck":["AscendersBane","Strike_R+1","Strike_R+1","Strike_R","Strike_R","Defend_R","Defend_R","Defend_R","Defend_R","Bash","Armaments+1","True Grit","Uppercut","Armaments+1","Feel No Pain","Shockwave","Pummel","Spot Weakness","Inflame","Ghostly Armor","Battle Trance","Limit Break"],"relics":["Burning Blood","NeowsBlessing","Omamori","Darkstone Periapt","The Courier","Coffee Dripper"],"potions_floor_usage":[7,8,10,16],"damage_taken":[{"damage":0,"enemies":"2 Louse","floor":1,"turns":1},{"damage":0,"enemies":"Cultist","floor":3,"turns":1},{"damage":0,"enemies":"3 Sentries","floor":6,"turns":2},{"damage":7,"enemies":"Jaw Worm","floor":7,"turns":3},{"damage":1,"enemies":"Blue Slaver","floor":8,"turns":5},{"damage":8,"enemies":"Lagavulin","floor":10,"turns":10},{"damage":0,"enemies":"Large Slime","floor":13,"turns":6},{"damage":2,"enemies":"2 Fungi Beasts","floor":14,"turns":5},{"damage":36,"enemies":"Hexaghost","floor":16,"turns":13},{"damage":12,"enemies":"2 Thieves","floor":18,"turns":4},{"damage":62,"enemies":"Masked Bandits","floor":19,"turns":5}],"seed_played":"9048008623284411655","potions_obtained":[{"floor":3,"key":"BloodPotion"},{"floor":6,"key":"Swift Potion"},{"floor":8,"key":"Dexterity Potion"},{"floor":13,"key":"SkillPotion"}],"is_trial":false,"path_per_floor":["M","?","M","$","?","E","M","M","T","E","R","$","M","M","R","B",null,"M","?"],"character_chosen":"IRONCLAD","items_purchased":["Uppercut","Spot Weakness","Inflame"],"campfire_rested":0,"item_purchase_floors":[4,12,12],"current_hp_per_floor":[74,51,57,57,57,63,69,74,74,72,72,72,75,75,75,45,68,62,0],"gold":109,"neow_bonus":"THREE_ENEMY_KILL","is_prod":false,"is_daily":false,"chose_seed":false,"campfire_upgraded":2,"win_rate":0,"timestamp":1561349363,"path_taken":["M","?","M","$","?","E","?","M","T","E","R","$","M","M","R","BOSS","M","?"],"build_version":"2019-01-23","purchased_purges":0,"victory":false,"max_hp_per_floor":[75,75,75,75,75,75,75,75,75,75,75,75,75,75,75,75,75,75,75],"card_choices":[{"not_picked":["Wild Strike","True Grit"],"picked":"Armaments","floor":1},{"not_picked":["Thunderclap","Armaments"],"picked":"True Grit","floor":3},{"not_picked":["Rupture","Heavy Blade"],"picked":"Armaments","floor":6},{"not_picked":["Iron Wave","Heavy Blade"],"picked":"Feel No Pain","floor":7},{"not_picked":["Reckless Charge","Armaments"],"picked":"Shockwave","floor":8},{"not_picked":["Metallicize","Reckless Charge"],"picked":"Pummel","floor":10},{"not_picked":["True Grit","Armaments"],"picked":"Ghostly Armor","floor":13},{"not_picked":["Clothesline","Pummel"],"picked":"Battle Trance","floor":14},{"not_picked":["Brutality","Bludgeon"],"picked":"Limit Break","floor":16},{"not_picked":["Bloodletting+1","Thunderclap","Body Slam"],"picked":"SKIP","floor":18}],"player_experience":1386088,"relics_obtained":[{"floor":6,"key":"Omamori"},{"floor":9,"key":"Darkstone Periapt"},{"floor":10,"key":"The Courier"}],"event_choices":[{"damage_healed":0,"gold_gain":0,"player_choice":"Entered Light","damage_taken":23,"max_hp_gain":0,"max_hp_loss":0,"event_name":"Shining Light","floor":2,"gold_loss":0,"cards_upgraded":["Strike_R","Strike_R"]},{"cards_removed":["Strike_R"],"damage_healed":0,"gold_gain":0,"player_choice":"Purged","damage_taken":0,"max_hp_gain":0,"max_hp_loss":0,"event_name":"Purifier","floor":5,"gold_loss":0},{"damage_healed":0,"gold_gain":0,"player_choice":"Fought Bandits","damage_taken":0,"max_hp_gain":0,"max_hp_loss":0,"event_name":"Masked Bandits","floor":19,"gold_loss":0}],"is_beta":false,"boss_relics":[{"not_picked":["Velvet Choker","Runic Cube"],"picked":"Coffee Dripper"}],"items_purged_floors":[],"is_endless":false,"potions_floor_spawned":[3,6,8,13],"killed_by":"Masked Bandits","ascension_level":16}