{"gold_per_floor":[114,289,289,60,60,92,114,154,191,203,246,275,311,147,147,147],"floor_reached":16,"playtime":1082,"items_purged":["Doubt","Defend_G"],"score":176,"play_id":"79d1a47a-e965-449e-a6ff-9b87b3726969","local_time":"20190828220728","is_ascension_mode":true,"campfire_choices":[{"data":"Dodge and Roll","floor":10,"key":"SMITH"},{"data":"Catalyst","floor":15,"key":"SMITH"}],"neow_cost":"NONE","seed_source_timestamp":46536357472600,"circlet_count":0,"master_deck":["Strike_G","Strike_G","Strike_G+1","Strike_G","Strike_G","Defend_G+1","Defend_G","Defend_G+1","Defend_G","Survivor+1","Neutralize","Deflect+1","Dodge and Roll+1","Bouncing Flask","Catalyst+1","Adrenaline","Backflip","Dodge and Roll"],"relics":["Ring of the Snake","NeowsBlessing","PreservedInsect","MawBank","Frozen Egg 2","War Paint","Ninja Scroll","Odd Mushroom"],"potions_floor_usage":[8,13,16],"damage_taken":[{"damage":0,"enemies":"2 Louse","floor":1,"turns":1},{"damage":0,"enemies":"Lagavulin","floor":6,"turns":1},{"damage":0,"enemies":"Small Slimes","floor":7,"turns":1},{"damage":16,"enemies":"Gremlin Nob","floor":8,"turns":3},{"damage":16,"enemies":"Lagavulin","floor":11,"turns":6},{"damage":0,"enemies":"Jaw Worm","floor":12,"turns":2},{"damage":5,"enemies":"The Mushroom Lair","floor":13,"turns":7},{"damage":27,"enemies":"Slime Boss","floor":16,"turns":8}],"seed_played":"8052619689625980463","potions_obtained":[{"floor":6,"key":"Fire Potion"},{"floor":8,"key":"EssenceOfSteel"},{"floor":12,"key":"SpeedPotion"},{"floor":13,"key":"SkillPotion"}],"is_trial":false,"path_per_floor":["M","?","?","$","?","E","M","E","T","R","E","M","?","$","R","B"],"character_chosen":"THE_SILENT","items_purchased":["PreservedInsect","Backflip","Dodge and Roll"],"campfire_rested":0,"item_purchase_floors":[4,14,14],"current_hp_per_floor":[70,70,56,56,56,56,56,40,40,40,24,24,19,19,19,0],"gold":147,"neow_bonus":"THREE_ENEMY_KILL","is_prod":false,"is_daily":false,"chose_seed":false,"campfire_upgraded":2,"win_rate":0,"timestamp":1567022848,"path_taken":["M","?","?","$","?","E","M","E","T","R","E","M","?","$","R","BOSS"],"build_version":"2019-07-17","purchased_purges":2,"victory":false,"max_hp_per_floor":[70,70,70,70,70,70,70,70,70,70,70,70,70,70,70,70],"card_choices":[{"not_picked":["Bane","Choke"],"picked":"Deflect","floor":1},{"not_picked":["Masterful Stab","Distraction","Reflex"],"picked":"SKIP","floor":6},{"not_picked":["Quick Slash","Poisoned Stab"],"picked":"Dodge and Roll","floor":7},{"not_picked":["Bane","Endless Agony"],"picked":"Bouncing Flask","floor":8},{"not_picked":["Quick Slash","Blade Dance","Outmaneuver"],"picked":"SKIP","floor":11},{"not_picked":["Backflip","Bane"],"picked":"Catalyst","floor":12},{"not_picked":["Finisher","Deadly Poison"],"picked":"Adrenaline","floor":13}],"player_experience":351588,"relics_obtained":[{"floor":6,"key":"MawBank"},{"floor":8,"key":"Frozen Egg 2"},{"floor":9,"key":"War Paint"},{"floor":11,"key":"Ninja Scroll"},{"floor":13,"key":"Odd Mushroom"}],"event_choices":[{"damage_healed":0,"gold_gain":175,"player_choice":"AGREE","damage_taken":0,"max_hp_gain":0,"max_hp_loss":0,"event_name":"Liars Game","floor":2,"gold_loss":0,"cards_obtained":["Doubt"]},{"damage_healed":0,"gold_gain":0,"player_choice":"Entered Light","damage_taken":14,"max_hp_gain":0,"max_hp_loss":0,"event_name":"Shining Light","floor":3,"gold_loss":0,"cards_upgraded":["Strike_G","Defend_G"]},{"damage_healed":0,"gold_gain":0,"player_choice":"Grow","damage_taken":0,"max_hp_gain":0,"max_hp_loss":0,"event_name":"Living Wall","floor":5,"gold_loss":0,"cards_upgraded":["Deflect"]},{"damage_healed":0,"gold_gain":0,"player_choice":"Fought Mushrooms","damage_taken":0,"max_hp_gain":0,"max_hp_loss":0,"event_name":"Mushrooms","floor":13,"gold_loss":0}],"is_beta":false,"boss_relics":[],"items_purged_floors":[4,14],"is_endless":false,"potions_floor_spawned":[6,8,12,13],"killed_by":"Slime Boss","ascension_level":5}