{"gold_per_floor":[114,129,143,157,176,202,253,253,277,162,212,229,256,256,256,327,327,347,364,414,98,98],"floor_reached":22,"playtime":5117,"items_purged":["Strike_G","Strike_G"],"score":363,"play_id":"17d24bf9-ef93-42a8-843e-e6e57257e3f1","local_time":"20190720172910","is_ascension_mode":true,"campfire_choices":[{"floor":8,"key":"REST"},{"floor":15,"key":"REST"}],"neow_cost":"NONE","seed_source_timestamp":576832459255028,"circlet_count":0,"master_deck":["AscendersBane","Defend_G","Defend_G","Defend_G","Defend_G","Defend_G","Survivor","Neutralize","Envenom+1","Outmaneuver+1","A Thousand Cuts+1","Dodge and Roll","Catalyst","Well Laid Plans","Calculated Gamble","Burst","All Out Attack","Infinite Blades","PiercingWail","Endless Agony","Adrenaline","Well Laid Plans","Deadly Poison","Footwork","Crippling Poison","Catalyst"],"relics":["Astrolabe","Matryoshka","Bag of Preparation","PreservedInsect","Omamori","White Beast Statue"],"potions_floor_usage":[5,6,12,16,18,19,22],"damage_taken":[{"damage":0,"enemies":"Small Slimes","floor":1,"turns":4},{"damage":7,"enemies":"Jaw Worm","floor":2,"turns":6},{"damage":3,"enemies":"Cultist","floor":3,"turns":5},{"damage":6,"enemies":"Blue Slaver","floor":4,"turns":5},{"damage":5,"enemies":"Exordium Wildlife","floor":5,"turns":5},{"damage":17,"enemies":"Lagavulin","floor":6,"turns":11},{"damage":14,"enemies":"Gremlin Gang","floor":12,"turns":4},{"damage":8,"enemies":"3 Sentries","floor":13,"turns":6},{"damage":16,"enemies":"Hexaghost","floor":16,"turns":10},{"damage":29,"enemies":"3 Byrds","floor":18,"turns":5},{"damage":16,"enemies":"Shell Parasite","floor":19,"turns":8},{"damage":11,"enemies":"Cultist and Chosen","floor":22,"turns":2}],"seed_played":"7381988103706824885","potions_obtained":[{"floor":1,"key":"GamblersBrew"},{"floor":4,"key":"SpeedPotion"},{"floor":6,"key":"GhostInAJar"},{"floor":13,"key":"SteroidPotion"},{"floor":16,"key":"Energy Potion"},{"floor":18,"key":"GamblersBrew"},{"floor":19,"key":"AttackPotion"}],"is_trial":false,"path_per_floor":["M","M","M","M","M","E","?","R","T","$","?","M","E","?","R","B",null,"M","M","?","$","M"],"character_chosen":"THE_SILENT","items_purchased":["Infinite Blades","Footwork","Crippling Poison","Catalyst"],"campfire_rested":2,"item_purchase_floors":[10,21,21,21],"current_hp_per_floor":[59,52,49,43,38,21,21,40,40,40,40,26,18,18,37,21,55,26,10,10,10,0],"gold":98,"neow_bonus":"BOSS_RELIC","is_prod":false,"is_daily":false,"chose_seed":false,"campfire_upgraded":0,"win_rate":0,"timestamp":1563661750,"path_taken":["M","M","M","M","M","E","?","R","T","$","?","?","E","?","R","BOSS","M","M","?","$","M"],"build_version":"2019-07-17","purchased_purges":2,"victory":false,"max_hp_per_floor":[66,66,66,66,66,66,66,66,66,66,66,66,66,66,66,66,66,66,66,66,66,66],"card_choices":[{"not_picked":["Masterful Stab","Expertise"],"picked":"Dodge and Roll","floor":1},{"not_picked":["Blur","Deadly Poison"],"picked":"Catalyst","floor":2},{"not_picked":["PiercingWail","Endless Agony"],"picked":"Well Laid Plans","floor":3},{"not_picked":["Terror","Tactician"],"picked":"Calculated Gamble","floor":4},{"not_picked":["Poisoned Stab","Slice"],"picked":"Burst","floor":5},{"not_picked":["Predator","Outmaneuver"],"picked":"All Out Attack","floor":6},{"not_picked":["Quick Slash","Reflex"],"picked":"PiercingWail","floor":12},{"not_picked":["Prepared","Flying Knee"],"picked":"Endless Agony","floor":13},{"not_picked":["Bullet Time","Storm of Steel"],"picked":"Adrenaline","floor":16},{"not_picked":["Blade Dance","Outmaneuver"],"picked":"Well Laid Plans","floor":18},{"not_picked":["Setup","Slice"],"picked":"Deadly Poison","floor":19}],"player_experience":1592470,"relics_obtained":[{"floor":6,"key":"Matryoshka"},{"floor":9,"key":"Bag of Preparation"},{"floor":9,"key":"PreservedInsect"},{"floor":13,"key":"Omamori"}],"event_choices":[{"damage_healed":0,"gold_gain":51,"player_choice":"Gained Gold","damage_taken":0,"max_hp_gain":0,"max_hp_loss":0,"event_name":"Golden Wing","floor":7,"gold_loss":0},{"damage_healed":0,"gold_gain":50,"player_choice":"Pray","damage_taken":0,"max_hp_gain":0,"max_hp_loss":0,"event_name":"Golden Shrine","floor":11,"gold_loss":0},{"damage_healed":0,"gold_gain":0,"player_choice":"Ignored","damage_taken":0,"max_hp_gain":0,"max_hp_loss":0,"event_name":"Liars Game","floor":14,"gold_loss":0},{"damage_healed":0,"gold_gain":50,"player_choice":"Stole From Cult","damage_taken":0,"max_hp_gain":0,"max_hp_loss":0,"event_name":"Nest","floor":20,"gold_loss":0}],"is_beta":false,"boss_relics":[{"not_picked":["HoveringKite","Empty Cage"],"picked":"White Beast Statue"}],"items_purged_floors":[10,21],"is_endless":false,"potions_floor_spawned":[1,4,6,13,16,18,19],"killed_by":"Cultist and Chosen","ascension_level":17}