{"gold_per_floor":[116,13,25,44,119,119,74,74,99,113,113,133,133,162,162,241,241,253,528,85,85,105,136,136,136],"floor_reached":25,"playtime":1438,"items_purged":["Strike_R"],"score":438,"play_id":"42c2b376-dbac-4f3f-9390-1537fac4d3eb","local_time":"20190411190408","is_ascension_mode":true,"campfire_choices":[{"data":"Havoc","floor":6.0,"key":"SMITH"},{"data":"Injury","floor":8.0,"key":"PURGE"},{"data":"Strike_R","floor":11.0,"key":"PURGE"},{"floor":13.0,"key":"REST"},{"floor":15.0,"key":"REST"},{"floor":24,"key":"REST"}],"neow_cost":"CURSE","seed_source_timestamp":302047682008,"circlet_count":0,"master_deck":["AscendersBane","Strike_R","Strike_R","Strike_R","Defend_R","Defend_R","Defend_R","Defend_R","Bash","Feel No Pain","Havoc+1","Inflame","Shockwave","Heavy Blade","Headbutt","Pummel","Demon Form","Ghostly Armor+1","Reaper","Inflame","Clothesline","Shrug It Off","Intimidate+1","Shrug It Off"],"special_seed":0,"relics":["Burning Blood","Peace Pipe","Tiny Chest","Omamori","Pen Nib","Fusion Hammer","Vajra","Pocketwatch"],"potions_floor_usage":[23,25],"damage_taken":[{"damage":24.0,"enemies":"Jaw Worm","floor":1.0,"turns":4.0},{"damage":19.0,"enemies":"Small Slimes","floor":3.0,"turns":6.0},{"damage":8.0,"enemies":"Cultist","floor":4.0,"turns":4.0},{"damage":6.0,"enemies":"Blue Slaver","floor":10.0,"turns":3.0},{"damage":6.0,"enemies":"Exordium Thugs","floor":12.0,"turns":5.0},{"damage":39.0,"enemies":"Gremlin Nob","floor":14.0,"turns":4.0},{"damage":30.0,"enemies":"Slime Boss","floor":16.0,"turns":13.0},{"damage":20,"enemies":"Spheric Guardian","floor":18,"turns":4},{"damage":13,"enemies":"Shell Parasite","floor":22,"turns":7},{"damage":76,"enemies":"Slavers","floor":23,"turns":7},{"damage":35,"enemies":"Book of Stabbing","floor":25,"turns":6}],"seed_played":"-405843607398252588","potions_obtained":[{"floor":1.0,"key":"Swift Potion"},{"floor":12.0,"key":"Dexterity Potion"},{"floor":16.0,"key":"Weak Potion"}],"is_trial":false,"path_per_floor":["M","$","M","M","?","R","?","R","T","M","R","M","R","E","R","B",null,"M","?","$","?","M","E","R","E"],"character_chosen":"IRONCLAD","items_purchased":["Feel No Pain","Havoc","Reaper","Inflame","Vajra","Clothesline"],"campfire_rested":3,"item_purchase_floors":[2,2,20,20,20,20],"current_hp_per_floor":[50,50,37,35,24,24,24,24,24,24,24,24,46,13,35,11,59,45,45,45,45,63,13,35,0],"gold":136,"neow_bonus":"ONE_RARE_RELIC","is_prod":false,"is_daily":false,"chose_seed":false,"campfire_upgraded":1,"win_rate":0,"timestamp":1555023848,"path_taken":["M","$","M","M","?","R","?","R","T","M","R","?","R","E","R","BOSS","M","?","?","?","M","E","R","E"],"build_version":"2019-01-23","purchased_purges":1,"victory":false,"max_hp_per_floor":[75,75,75,75,75,75,75,75,75,75,75,75,75,75,75,75,75,75,75,75,75,75,75,75,75],"card_choices":[{"not_picked":["Rage","Flex","Sever Soul"],"picked":"SKIP","floor":1.0},{"not_picked":["Iron Wave","True Grit"],"picked":"Inflame","floor":3.0},{"not_picked":["Body Slam","Flex"],"picked":"Shockwave","floor":4.0},{"not_picked":["Headbutt","Clash"],"picked":"Heavy Blade","floor":10.0},{"not_picked":["Iron Wave","Body Slam"],"picked":"Headbutt","floor":12.0},{"not_picked":["Perfected Strike","Sever Soul"],"picked":"Pummel","floor":14.0},{"not_picked":["Dark Embrace","Impervious"],"picked":"Demon Form","floor":16.0},{"not_picked":["Dropkick","Heavy Blade"],"picked":"Ghostly Armor+1","floor":18},{"not_picked":["Reckless Charge","Havoc"],"picked":"Intimidate+1","floor":22},{"not_picked":["Hemokinesis","Armaments"],"picked":"Shrug It Off","floor":23}],"player_experience":679858,"relics_obtained":[{"floor":9.0,"key":"Omamori"},{"floor":14.0,"key":"Pen Nib"},{"floor":23,"key":"Pocketwatch"}],"event_choices":[{"damage_healed":0.0,"max_hp_gain":0.0,"max_hp_loss":0.0,"gold_gain":75.0,"event_name":"World of Goop","player_choice":"Gather Gold","floor":5.0,"gold_loss":0.0,"damage_taken":11.0},{"damage_healed":0.0,"max_hp_gain":0.0,"max_hp_loss":0.0,"gold_gain":0.0,"event_name":"WeMeetAgain","player_choice":"Paid Gold","floor":7.0,"gold_loss":75.0,"damage_taken":0.0,"relics_obtained":["Tiny Chest"]},{"damage_healed":0,"gold_gain":275,"player_choice":"Desecrate","damage_taken":0,"max_hp_gain":0,"max_hp_loss":0,"event_name":"Golden Shrine","floor":19,"gold_loss":0,"cards_obtained":["Regret"]},{"damage_healed":0,"gold_gain":0,"player_choice":"Read","damage_taken":0,"max_hp_gain":0,"max_hp_loss":0,"event_name":"The Library","floor":21,"gold_loss":0,"cards_obtained":["Shrug It Off"]}],"is_beta":false,"boss_relics":[{"not_picked":["Philosopher\u0027s Stone","Eternal Feather"],"picked":"Fusion Hammer"}],"items_purged_floors":[20],"is_endless":false,"potions_floor_spawned":[1,12,16,18,22],"killed_by":"Book of Stabbing","ascension_level":20}