{"gold_per_floor":[17,17,38,38,62,62,83,99,99,99,99,24,64,64,64,193,193,193,193,133,133,133,133,133,133,133,133,133,133,7,7,7,7,7,7,7,7,7,7,7,7,7,7,7,7,7,7,7,7,7],"floor_reached":50,"playtime":4453,"items_purged":["Strike_G","Strike_G"],"score":574,"play_id":"96a0b396-46c1-4f28-a19b-ea4945296255","local_time":"20190916221000","is_ascension_mode":false,"campfire_choices":[{"data":"Bouncing Flask","floor":6,"key":"SMITH"},{"data":"Crippling Poison","floor":11,"key":"SMITH"},{"data":"Venomology","floor":15,"key":"SMITH"},{"data":"Envenom","floor":23,"key":"SMITH"},{"floor":25,"key":"REST"},{"floor":32,"key":"REST"},{"floor":40,"key":"REST"},{"floor":42,"key":"REST"},{"floor":49,"key":"REST"}],"neow_cost":"NO_GOLD","seed_source_timestamp":368068481406300,"circlet_count":0,"master_deck":["Strike_G+1","Strike_G","Defend_G","Defend_G","Defend_G","Defend_G","Defend_G","Survivor","Neutralize+1","Bouncing Flask+1","Crippling Poison+1","Dodge and Roll","Poisoned Stab","Bane","Deadly Poison","Venomology+1","Envenom+1","Deflect","Dodge and Roll","Dodge and Roll+1","Flechettes+1","Flechettes","Heel Hook+1","Backflip","Tools of the Trade","Crippling Poison+1","Madness","Madness","Sucker Punch+1","Crippling Poison","Noxious Fumes+1","Escape Plan+1","Noxious Fumes","Bandage Up","Parasite","Bane"],"relics":["Ring of the Snake","Oddly Smooth Stone","Strawberry","Ninja Scroll","Ectoplasm","Orichalcum","Darkstone Periapt","Lantern","Black Star","Nunchaku","Whetstone","Bronze Scales","Mummified Hand","Bag of Marbles"],"potions_floor_usage":[7,18,20,20,21,22,24,28,28,29,33,33,33,35,38,41,41,41,44,44,45,46,48,48,50,50],"damage_taken":[{"damage":2,"enemies":"Jaw Worm","floor":1,"turns":5},{"damage":1,"enemies":"Cultist","floor":3,"turns":3},{"damage":2,"enemies":"2 Louse","floor":5,"turns":3},{"damage":0,"enemies":"2 Fungi Beasts","floor":7,"turns":3},{"damage":2,"enemies":"Looter","floor":8,"turns":4},{"damage":12,"enemies":"3 Sentries","floor":13,"turns":7},{"damage":23,"enemies":"Slime Boss","floor":16,"turns":10},{"damage":0,"enemies":"Chosen","floor":18,"turns":3},{"damage":14,"enemies":"2 Thieves","floor":20,"turns":3},{"damage":7,"enemies":"Snake Plant","floor":21,"turns":4},{"damage":11,"enemies":"Snecko","floor":22,"turns":4},{"damage":6,"enemies":"Cultist and Chosen","floor":24,"turns":4},{"damage":23,"enemies":"Gremlin Leader","floor":28,"turns":6},{"damage":6,"enemies":"Shelled Parasite and Fungi","floor":29,"turns":4},{"damage":81,"enemies":"Champ","floor":33,"turns":11},{"damage":0,"enemies":"Orb Walker","floor":35,"turns":2},{"damage":0,"enemies":"3 Shapes","floor":37,"turns":3},{"damage":6,"enemies":"Jaw Worm Horde","floor":38,"turns":4},{"damage":87,"enemies":"Reptomancer","floor":41,"turns":6},{"damage":9,"enemies":"Nemesis","floor":44,"turns":7},{"damage":0,"enemies":"4 Shapes","floor":45,"turns":4},{"damage":1,"enemies":"Sphere and 2 Shapes","floor":46,"turns":4},{"damage":4,"enemies":"Writhing Mass","floor":48,"turns":4},{"damage":79,"enemies":"Time Eater","floor":50,"turns":11}],"seed_played":"-883709408282798849","potions_obtained":[{"floor":5,"key":"Energy Potion"},{"floor":7,"key":"GamblersBrew"},{"floor":13,"key":"Ancient Potion"},{"floor":16,"key":"Explosive Potion"},{"floor":22,"key":"Fire Potion"},{"floor":28,"key":"GamblersBrew"},{"floor":33,"key":"Strength Potion"},{"floor":41,"key":"Dexterity Potion"},{"floor":44,"key":"SkillPotion"},{"floor":45,"key":"SteroidPotion"}],"is_trial":false,"path_per_floor":["M","?","M","?","M","R","M","M","T","?","R","$","E","?","R","B",null,"M","?","M","M","M","R","M","R","T","T","E","M","$","?","R","B",null,"M","?","M","M","?","R","E","R","T","E","M","M","?","M","R","B"],"character_chosen":"THE_SILENT","items_purchased":["Backflip"],"campfire_rested":5,"item_purchase_floors":[30],"current_hp_per_floor":[82,82,81,81,79,79,79,77,77,77,77,77,72,69,69,46,91,91,91,77,70,73,73,67,91,91,91,68,62,62,62,89,8,91,91,80,80,74,74,91,4,31,31,22,22,33,33,39,68,0],"gold":7,"neow_bonus":"TWENTY_PERCENT_HP_BONUS","is_prod":false,"is_daily":false,"chose_seed":false,"campfire_upgraded":4,"win_rate":0.0,"timestamp":1568686200,"path_taken":["M","?","M","?","M","R","?","M","T","?","R","$","E","?","R","BOSS","M","?","M","M","?","R","M","R","T","?","E","M","$","?","R","BOSS","M","?","M","M","?","R","E","R","T","E","M","M","?","M","R","BOSS"],"build_version":"2019-07-17","purchased_purges":2,"victory":false,"max_hp_per_floor":[84,84,84,84,84,84,84,84,84,84,84,84,91,91,91,91,91,91,91,91,91,91,91,91,91,91,91,91,91,91,91,91,91,91,91,91,91,91,91,91,91,91,91,91,91,91,91,97,97,97],"card_choices":[{"not_picked":["Underhanded Strike","Heel Hook"],"picked":"Bouncing Flask","floor":1},{"not_picked":["PiercingWail","Masterful Stab"],"picked":"Crippling Poison","floor":3},{"not_picked":["Prepared","Flying Knee"],"picked":"Dodge and Roll","floor":5},{"not_picked":["Acrobatics","Underhanded Strike"],"picked":"Poisoned Stab","floor":7},{"not_picked":["Deadly Poison","Underhanded Strike"],"picked":"Bane","floor":8},{"not_picked":["PiercingWail","Tools of the Trade"],"picked":"Venomology","floor":13},{"not_picked":["After Image","Venomology"],"picked":"Envenom","floor":16},{"not_picked":["Poisoned Stab","Blade Dance"],"picked":"Deflect","floor":18},{"not_picked":["Caltrops","Skewer"],"picked":"Dodge and Roll","floor":20},{"not_picked":["Blade Dance","Unload"],"picked":"Dodge and Roll+1","floor":21},{"not_picked":["Quick Slash","Eviscerate","Dagger Spray+1"],"picked":"SKIP","floor":22},{"not_picked":["Backstab","Blade Dance"],"picked":"Flechettes+1","floor":24},{"not_picked":["Acrobatics","Quick Slash"],"picked":"Flechettes","floor":28},{"not_picked":["Prepared+1","Acrobatics"],"picked":"Heel Hook+1","floor":29},{"not_picked":["Wraith Form v2","A Thousand Cuts"],"picked":"Tools of the Trade","floor":33},{"not_picked":["Dagger Spray+1","Quick Slash"],"picked":"Crippling Poison+1","floor":35},{"not_picked":["Flying Knee+1","Dodge and Roll"],"picked":"Sucker Punch+1","floor":37},{"not_picked":["Backflip","Acrobatics"],"picked":"Crippling Poison","floor":38},{"not_picked":["Leg Sweep+1","Prepared"],"picked":"Noxious Fumes+1","floor":41},{"not_picked":["Slice+1","Sucker Punch","Envenom"],"picked":"SKIP","floor":44},{"not_picked":["Dash+1","PiercingWail"],"picked":"Escape Plan+1","floor":45},{"not_picked":["PiercingWail+1","Quick Slash"],"picked":"Noxious Fumes","floor":46},{"not_picked":["Deep Breath","Dramatic Entrance"],"picked":"Bandage Up","floor":47},{"not_picked":["Quick Slash+1","Masterful Stab+1"],"picked":"Bane","floor":48}],"player_experience":22130,"relics_obtained":[{"floor":9,"key":"Oddly Smooth Stone"},{"floor":13,"key":"Strawberry"},{"floor":26,"key":"Orichalcum"},{"floor":27,"key":"Darkstone Periapt"},{"floor":28,"key":"Lantern"},{"floor":41,"key":"Nunchaku"},{"floor":41,"key":"Whetstone"},{"floor":43,"key":"Bronze Scales"},{"floor":44,"key":"Mummified Hand"},{"floor":44,"key":"Bag of Marbles"}],"event_choices":[{"damage_healed":0,"gold_gain":0,"player_choice":"Take Wound","damage_taken":0,"relics_obtained":["Golden Idol"],"max_hp_gain":0,"max_hp_loss":0,"event_name":"Golden Idol","floor":2,"gold_loss":0,"cards_obtained":["Injury"]},{"cards_removed":["Injury"],"damage_healed":0,"gold_gain":0,"player_choice":"Removed Curses","damage_taken":0,"max_hp_gain":0,"max_hp_loss":0,"event_name":"Fountain of Cleansing","floor":4,"gold_loss":0},{"damage_healed":0,"gold_gain":0,"cards_transformed":["Strike_G"],"player_choice":"Change","damage_taken":0,"max_hp_gain":0,"max_hp_loss":0,"event_name":"Living Wall","floor":10,"gold_loss":0,"cards_obtained":["Deadly Poison"]},{"damage_healed":0,"gold_gain":0,"player_choice":"Success","damage_taken":3,"relics_obtained":["Ninja Scroll"],"max_hp_gain":0,"max_hp_loss":0,"event_name":"Scrap Ooze","floor":14,"gold_loss":0},{"damage_healed":0,"gold_gain":0,"player_choice":"Full Heal","damage_taken":0,"max_hp_gain":0,"max_hp_loss":0,"event_name":"Wheel of Change","floor":19,"gold_loss":0},{"damage_healed":0,"gold_gain":0,"player_choice":"Ignored","damage_taken":0,"max_hp_gain":0,"max_hp_loss":0,"event_name":"Ghosts","floor":31,"gold_loss":0},{"damage_healed":0,"gold_gain":0,"player_choice":"Embrace Madness","damage_taken":11,"max_hp_gain":0,"max_hp_loss":0,"event_name":"Winding Halls","floor":36,"gold_loss":0,"cards_obtained":["Madness","Madness"]},{"damage_healed":0,"gold_gain":333,"player_choice":"Gave Idol","damage_taken":0,"max_hp_gain":0,"max_hp_loss":0,"event_name":"The Moai Head","floor":39,"relics_lost":["Golden Idol"],"gold_loss":0},{"damage_healed":0,"gold_gain":0,"player_choice":"Memory 1","damage_taken":0,"max_hp_gain":0,"max_hp_loss":0,"event_name":"SensoryStone","floor":47,"gold_loss":0}],"is_beta":false,"boss_relics":[{"not_picked":["Astrolabe","Tiny House"],"picked":"Ectoplasm"},{"not_picked":["Lizard Tail","Busted Crown"],"picked":"Black Star"}],"items_purged_floors":[12,30],"is_endless":false,"potions_floor_spawned":[5,7,13,16,22,28,33,41,44,45],"killed_by":"Time Eater","ascension_level":0}