{"gold_per_floor":[114,114,139,72,87,117,117,167,167,197,197,197,197,216,216,341,341,360,360,285,285,285,323,222,222,222,260,359,439,35,54,54,179,179,198,531,546,561,1560,1590,1590,1615,1615,1615,1630,1630,1705,0,0,0],"floor_reached":51,"playtime":1729,"items_purged":[],"score":1238,"play_id":"4f9ae0d4-a3f7-4edd-9b6c-4b94101d501a","local_time":"20180729134724","daily_mods":["Specialized","Cursed Run","Binary"],"is_ascension_mode":false,"campfire_choices":[{"data":"Neutralize","floor":11,"key":"SMITH"},{"data":"Skewer","floor":13,"key":"SMITH"},{"data":"Cloak And Dagger","floor":15,"key":"SMITH"},{"data":"Prepared","floor":25,"key":"SMITH"},{"data":"Catalyst","floor":32,"key":"SMITH"},{"data":"Cloak And Dagger","floor":41,"key":"SMITH"},{"data":"Malaise","floor":44,"key":"SMITH"},{"floor":49,"key":"REST"}],"neow_cost":"","seed_source_timestamp":0,"circlet_count":0,"master_deck":["Defend_G","Defend_G","Defend_G","Defend_G","Survivor","Neutralize+1","Night Terror","Night Terror","Night Terror","Well Laid Plans","Shame","Skewer+1","Cloak And Dagger+1","Well Laid Plans","Parasite","Decay","Burst","Night Terror+1","Dagger Spray+1","Distraction+1","Expertise+1","Neutralize","Malaise+1","Pain","Prepared+1","Bite","Bite","Bite","Bite","Bite","Cloak And Dagger","Dagger Spray","Backflip","Doubt","Underhanded Strike+1","Regret","Catalyst+1","Noxious Fumes","Quick Slash","Underhanded Strike","Poisoned Stab","Dagger Throw","Slice","Leg Sweep","Shame","Venomology","Normality","Writhe","Normality","Dagger Throw","Cloak And Dagger+1","Expertise+1","Normality","Normality","Prepared","Parasite","Pain","Riddle With Holes+1","Regret","Writhe","Well Laid Plans+1","Footwork+1","Well Laid Plans+1","Underhanded Strike+1","Normality"],"special_seed":17741,"relics":["Cursed Key","Darkstone Periapt","Du-Vu Doll","Ancient Tea Set","Bag of Marbles","Juzu Bracelet","Letter Opener","Omamori","Astrolabe","Mango","The Courier","Bottled Lightning","Tiny Chest","Snake Skull","Calling Bell","Art of War","Ornamental Fan","Dead Branch","Centennial Puzzle","Strawberry","Blood Vial","Tingsha","Frozen Egg 2","Orichalcum","Pear","Happy Flower","Anchor","Toxic Egg 2","Molten Egg 2","Potion Belt","Bottled Flame"],"potions_floor_usage":[6,16,23,23,33,40,40,40,50,50,50],"damage_taken":[{"damage":10,"enemies":"Cultist","floor":1,"turns":6},{"damage":0,"enemies":"Jaw Worm","floor":5,"turns":4},{"damage":30,"enemies":"Gremlin Nob","floor":6,"turns":5},{"damage":6,"enemies":"Lagavulin","floor":10,"turns":7},{"damage":0,"enemies":"Small Slimes","floor":14,"turns":2},{"damage":19,"enemies":"Slime Boss","floor":16,"turns":7},{"damage":2,"enemies":"Chosen","floor":18,"turns":4},{"damage":9,"enemies":"Slavers","floor":23,"turns":4},{"damage":11,"enemies":"Book of Stabbing","floor":27,"turns":6},{"damage":5,"enemies":"3 Byrds","floor":31,"turns":3},{"damage":0,"enemies":"Automaton","floor":33,"turns":5},{"damage":15,"enemies":"3 Shapes","floor":35,"turns":3},{"damage":0,"enemies":"Orb Walker","floor":37,"turns":1},{"damage":9,"enemies":"Sphere and 2 Shapes","floor":38,"turns":2},{"damage":63,"enemies":"Giant Head","floor":40,"turns":7},{"damage":22,"enemies":"Maw","floor":45,"turns":5},{"damage":45,"enemies":"Awakened One","floor":50,"turns":7}],"seed_played":"3633398992768724987","potions_obtained":[{"floor":1,"key":"Strength Potion"},{"floor":14,"key":"Fire Potion"},{"floor":16,"key":"EssenceOfSteel"},{"floor":23,"key":"SpeedPotion"},{"floor":33,"key":"SpeedPotion"},{"floor":37,"key":"EssenceOfSteel"},{"floor":38,"key":"Strength Potion"},{"floor":45,"key":"LiquidBronze"}],"is_trial":false,"path_per_floor":["M","$","T","$","M","E","?","T","T","E","R","?","R","M","R","B",null,"M","?","?","?","?","E","$","R","T","E","?","T","$","M","R","B",null,"M","?","M","M","?","E","R","T","T","R","M","T","T","$","R","B"],"character_chosen":"THE_SILENT","items_purchased":["Skewer","Dagger Spray","Backflip","Catalyst","Noxious Fumes","Snake Skull","Quick Slash","Underhanded Strike","Poisoned Stab","Dagger Throw","Slice","Well Laid Plans+1","Footwork+1","Well Laid Plans+1","Orichalcum","Pear","Happy Flower","Anchor","Toxic Egg 2","Molten Egg 2","Potion Belt","Bottled Flame","Underhanded Strike+1"],"campfire_rested":1,"item_purchase_floors":[4,24,24,30,30,30,30,30,30,30,30,48,48,48,48,48,48,48,48,48,48,48,48],"current_hp_per_floor":[60,60,66,66,66,36,29,35,41,35,35,35,35,35,35,16,88,86,92,92,92,65,73,73,73,79,78,78,84,84,85,85,91,115,104,104,106,99,111,56,56,69,75,75,63,69,75,85,135,102],"gold":0,"neow_bonus":"","is_prod":false,"is_daily":true,"chose_seed":false,"campfire_upgraded":7,"win_rate":0,"timestamp":1532846844,"path_taken":["M","$","?","$","?","E","?","?","T","E","R","?","R","M","R","BOSS","M","?","?","?","?","E","$","R","T","E","?","?","$","M","R","BOSS","M","?","M","M","?","E","R","?","T","R","M","?","?","$","R","BOSS"],"build_version":"2018-07-26","purchased_purges":0,"victory":true,"max_hp_per_floor":[70,70,76,76,76,76,76,82,88,88,88,88,88,88,88,88,88,88,94,94,94,65,79,79,79,85,85,85,91,91,91,91,97,115,115,115,115,115,127,127,127,140,146,146,146,152,158,168,168,174],"card_choices":[{"not_picked":["Concentrate"],"picked":"Well Laid Plans","floor":1},{"not_picked":["Flying Knee"],"picked":"Cloak And Dagger","floor":5},{"not_picked":["Predator"],"picked":"Well Laid Plans","floor":6},{"not_picked":["Backflip"],"picked":"Burst","floor":10},{"not_picked":["PiercingWail","Sucker Punch"],"picked":"SKIP","floor":14},{"not_picked":["PiercingWail"],"picked":"Expertise+1","floor":18},{"not_picked":["Deadly Poison"],"picked":"Cloak And Dagger","floor":23},{"not_picked":["Accuracy"],"picked":"Underhanded Strike+1","floor":27},{"not_picked":["Outmaneuver"],"picked":"Leg Sweep","floor":31},{"not_picked":["Grand Finale"],"picked":"Venomology","floor":33},{"not_picked":["Bane+1"],"picked":"Dagger Throw","floor":35},{"not_picked":["Outmaneuver+1"],"picked":"Cloak And Dagger","floor":37},{"not_picked":["Slice+1"],"picked":"Expertise+1","floor":38},{"not_picked":["Distraction+1"],"picked":"Prepared","floor":40},{"not_picked":["Accuracy"],"picked":"Riddle With Holes+1","floor":45}],"player_experience":264887,"relics_obtained":[{"floor":3,"key":"Ancient Tea Set"},{"floor":6,"key":"Bag of Marbles"},{"floor":8,"key":"Juzu Bracelet"},{"floor":9,"key":"Letter Opener"},{"floor":10,"key":"Omamori"},{"floor":23,"key":"Mango"},{"floor":26,"key":"The Courier"},{"floor":27,"key":"Bottled Lightning"},{"floor":29,"key":"Tiny Chest"},{"floor":34,"key":"Art of War"},{"floor":34,"key":"Ornamental Fan"},{"floor":34,"key":"Dead Branch"},{"floor":40,"key":"Centennial Puzzle"},{"floor":42,"key":"Strawberry"},{"floor":43,"key":"Blood Vial"},{"floor":46,"key":"Tingsha"},{"floor":47,"key":"Frozen Egg 2"}],"event_choices":[{"event_name":"Golden Wing","player_choice":"Card Removal","floor":7,"damage_taken":0},{"event_name":"Golden Idol","player_choice":"Take Wound","floor":12,"damage_taken":0},{"event_name":"Match and Keep!","player_choice":"3 cards matched","floor":19,"damage_taken":0},{"event_name":"Beggar","player_choice":"Gave Gold","floor":20,"damage_taken":0},{"event_name":"The Library","player_choice":"Read","floor":21,"damage_taken":0},{"event_name":"Vampires","player_choice":"Became a vampire","floor":22,"damage_taken":0},{"event_name":"Nest","player_choice":"Stole From Cult","floor":28,"damage_taken":0},{"event_name":"The Moai Head","player_choice":"Gave Idol","floor":36,"damage_taken":0},{"event_name":"MindBloom","player_choice":"Gold","floor":39,"damage_taken":0}],"is_beta":true,"boss_relics":[{"not_picked":["Eternal Feather","Lizard Tail"],"picked":"Astrolabe"},{"not_picked":["Philosopher\u0027s Stone","HoveringKite"],"picked":"Calling Bell"}],"items_purged_floors":[],"is_endless":false,"potions_floor_spawned":[1,14,16,23,33,37,38,45],"ascension_level":0}