{"gold_per_floor":[111,111,111,128,147,147,178,192,192,262,275,290,290,316,316,393,393,410,200,216,216,216,216,233,267,320,340,53,53,81,99,99,171,171,188,188,188,188,237,237,84,103,103,103,114,145,173,190,190,190,190],"floor_reached":52,"playtime":2292,"items_purged":["Strike_R"],"score":1920,"play_id":"97fd1907-dd4f-40fd-86ca-9b9c7b0f87b0","local_time":"20190926135918","is_ascension_mode":true,"campfire_choices":[{"data":"Uppercut","floor":6.0,"key":"SMITH"},{"data":"Carnage","floor":13.0,"key":"SMITH"},{"floor":15,"key":"REST"},{"floor":23,"key":"REST"},{"data":"Fiend Fire","floor":29,"key":"SMITH"},{"floor":32,"key":"REST"},{"data":"Dark Embrace","floor":40,"key":"SMITH"},{"data":"Juggernaut","floor":44,"key":"SMITH"},{"data":"Corruption","floor":49,"key":"SMITH"}],"neow_cost":"NONE","seed_source_timestamp":825219380677000,"circlet_count":0,"master_deck":["AscendersBane","Strike_R+1","Strike_R+1","Defend_R","Defend_R","Defend_R","Defend_R","Bash+1","Sword Boomerang","Uppercut+1","Carnage+1","Fiend Fire+1","Impervious","Battle Trance","Corruption+1","Shrug It Off","Armaments","Juggernaut+1","Dark Embrace+1","Shockwave+1","Fire Breathing","Shrug It Off","Discovery","Shrug It Off","Battle Trance+1"],"special_seed":0,"relics":["Burning Blood","Pear","Bird Faced Urn","Pocketwatch","Gremlin Horn","Ginger","Runic Pyramid","Nilry\u0027s Codex","Paper Frog","Lantern","Mummified Hand","Girya","Sozu","Eternal Feather","WingedGreaves","Magic Flower","Turnip","Happy Flower"],"potions_floor_usage":[16,20,30,33,33],"damage_taken":[{"damage":5.0,"enemies":"Small Slimes","floor":1.0,"turns":3.0},{"damage":9.0,"enemies":"Jaw Worm","floor":4.0,"turns":3.0},{"damage":1.0,"enemies":"Cultist","floor":5.0,"turns":3.0},{"damage":36.0,"enemies":"Lagavulin","floor":7.0,"turns":7.0},{"damage":7.0,"enemies":"Exordium Thugs","floor":8.0,"turns":4.0},{"damage":13.0,"enemies":"Large Slime","floor":11.0,"turns":4.0},{"damage":3.0,"enemies":"3 Louse","floor":12.0,"turns":4.0},{"damage":15,"enemies":"3 Sentries","floor":14,"turns":4},{"damage":32,"enemies":"The Guardian","floor":16,"turns":6},{"damage":13,"enemies":"Shell Parasite","floor":18,"turns":4},{"damage":37,"enemies":"3 Byrds","floor":20,"turns":8},{"damage":0,"enemies":"Snake Plant","floor":24,"turns":3},{"damage":25,"enemies":"Slavers","floor":25,"turns":6},{"damage":1,"enemies":"Cultist and Chosen","floor":27,"turns":4},{"damage":37,"enemies":"Book of Stabbing","floor":30,"turns":5},{"damage":7,"enemies":"Sentry and Sphere","floor":31,"turns":4},{"damage":41,"enemies":"Collector","floor":33,"turns":9},{"damage":9,"enemies":"Orb Walker","floor":35,"turns":3},{"damage":20,"enemies":"2 Orb Walkers","floor":39,"turns":4},{"damage":25,"enemies":"3 Darklings","floor":42,"turns":5},{"damage":15,"enemies":"Jaw Worm Horde","floor":45,"turns":4},{"damage":33,"enemies":"Reptomancer","floor":46,"turns":4},{"damage":10,"enemies":"Nemesis","floor":47,"turns":3},{"damage":6,"enemies":"Transient","floor":48,"turns":6},{"damage":49,"enemies":"Time Eater","floor":50,"turns":12},{"damage":66,"enemies":"Donu and Deca","floor":51,"turns":9}],"seed_played":"8317179764298394221","potions_obtained":[{"floor":1.0,"key":"FearPotion"},{"floor":16,"key":"Regen Potion"},{"floor":20,"key":"LiquidBronze"},{"floor":25,"key":"Explosive Potion"},{"floor":31,"key":"Block Potion"}],"is_trial":false,"path_per_floor":["M","?","T","M","M","R","E","M","T","T","M","M","R","E","R","B",null,"M","$","M","?","?","R","M","E","T","M","$","R","E","M","R","B",null,"M","?","$","T","?","R","$","M","T","R","M","E","E","M","R","B","B",null],"character_chosen":"IRONCLAD","items_purchased":["Corruption","Shrug It Off","Mummified Hand","Shrug It Off","Discovery"],"campfire_rested":3,"item_purchase_floors":[19,19,28,41,41],"current_hp_per_floor":[69,46,56,53,58,58,28,27,27,27,20,23,23,14,39,13,67,60,60,44,23,23,48,56,39,39,48,48,48,19,26,51,28,71,74,74,74,74,68,80,80,69,69,81,85,70,78,85,85,62,17],"gold":190,"neow_bonus":"UPGRADE_CARD","is_prod":false,"is_daily":false,"chose_seed":false,"campfire_upgraded":6,"win_rate":0,"timestamp":1569531558,"path_taken":["M","?","?","?","M","R","E","M","T","?","M","M","R","E","R","BOSS","M","$","M","?","?","R","M","E","T","M","$","R","E","M","R","BOSS","M","?","$","?","?","R","$","M","T","R","M","E","E","M","R","BOSS","BOSS"],"build_version":"2019-09-26","purchased_purges":1,"victory":true,"max_hp_per_floor":[75,75,85,85,85,85,85,85,85,85,85,85,85,85,85,85,85,85,85,85,85,85,85,85,85,85,85,85,85,85,85,85,85,85,85,85,85,85,85,85,85,85,85,85,85,85,85,85,85,85,85],"card_choices":[{"not_picked":["Flex","True Grit"],"picked":"Sword Boomerang","floor":1.0},{"not_picked":["Perfected Strike","Body Slam","Clash"],"picked":"SKIP","floor":4.0},{"not_picked":["Seeing Red","Warcry"],"picked":"Uppercut","floor":5.0},{"not_picked":["Wild Strike","Sword Boomerang","Warcry"],"picked":"SKIP","floor":7.0},{"not_picked":["Whirlwind","Metallicize"],"picked":"Carnage","floor":8.0},{"not_picked":["Cleave","Anger","True Grit"],"picked":"SKIP","floor":11.0},{"not_picked":["Warcry","Pummel"],"picked":"Fiend Fire","floor":12.0},{"not_picked":["Dark Embrace","Body Slam","Havoc"],"picked":"SKIP","floor":14},{"not_picked":["Limit Break","Dark Embrace"],"picked":"Impervious","floor":16},{"not_picked":["Headbutt","Cleave"],"picked":"Battle Trance","floor":18},{"not_picked":["Clash","Carnage+1"],"picked":"Armaments","floor":20},{"not_picked":["Iron Wave","Perfected Strike","Body Slam"],"picked":"SKIP","floor":24},{"not_picked":["Corruption","Thunderclap","Power Through"],"picked":"SKIP","floor":25},{"not_picked":["Combust","Anger","Thunderclap"],"picked":"SKIP","floor":27},{"not_picked":["Heavy Blade","Cleave"],"picked":"Juggernaut","floor":30},{"not_picked":["Headbutt","Perfected Strike","Sword Boomerang"],"picked":"SKIP","floor":31},{"not_picked":["Limit Break","Immolate"],"picked":"Dark Embrace","floor":33},{"not_picked":["Pommel Strike","Perfected Strike+1"],"picked":"Shockwave+1","floor":35},{"not_picked":["Carnage+1","Warcry"],"picked":"Shrug It Off","floor":42},{"not_picked":["Limit Break","Perfected Strike","Twin Strike"],"picked":"SKIP","floor":45},{"not_picked":["Anger","Double Tap","Thunderclap+1"],"picked":"SKIP","floor":46},{"not_picked":["Headbutt","Warcry","Immolate"],"picked":"SKIP","floor":47},{"not_picked":["Rage","Iron Wave"],"picked":"Battle Trance+1","floor":48}],"player_experience":1044175,"relics_obtained":[{"floor":3.0,"key":"Pear"},{"floor":7.0,"key":"Bird Faced Urn"},{"floor":9.0,"key":"Pocketwatch"},{"floor":10.0,"key":"Gremlin Horn"},{"floor":14,"key":"Ginger"},{"floor":21,"key":"Nilry\u0027s Codex"},{"floor":25,"key":"Paper Frog"},{"floor":26,"key":"Lantern"},{"floor":30,"key":"Girya"},{"floor":38,"key":"Eternal Feather"},{"floor":39,"key":"WingedGreaves"},{"floor":43,"key":"Magic Flower"},{"floor":46,"key":"Turnip"},{"floor":47,"key":"Happy Flower"}],"event_choices":[{"damage_healed":0.0,"max_hp_gain":0.0,"max_hp_loss":0.0,"gold_gain":0.0,"event_name":"Shining Light","player_choice":"Entered Light","floor":2.0,"gold_loss":0.0,"damage_taken":23.0,"cards_upgraded":["Strike_R","Strike_R"]},{"damage_healed":0,"gold_gain":0,"player_choice":"Obtained Book","damage_taken":21,"max_hp_gain":0,"max_hp_loss":0,"event_name":"Cursed Tome","floor":21,"gold_loss":0},{"cards_removed":["Strike_R"],"damage_healed":0,"gold_gain":0,"player_choice":"Purged","damage_taken":0,"max_hp_gain":0,"max_hp_loss":0,"event_name":"Purifier","floor":22,"gold_loss":0},{"damage_healed":0,"gold_gain":0,"cards_transformed":["Strike_R"],"player_choice":"Transformed","damage_taken":0,"max_hp_gain":0,"max_hp_loss":0,"event_name":"Transmorgrifier","floor":36,"gold_loss":0,"cards_obtained":["Fire Breathing"]},{"damage_healed":0,"gold_gain":0,"player_choice":"Fight","damage_taken":0,"max_hp_gain":0,"max_hp_loss":0,"event_name":"Mysterious Sphere","floor":39,"gold_loss":0}],"is_beta":true,"boss_relics":[{"not_picked":["SacredBark","Black Star"],"picked":"Runic Pyramid"},{"not_picked":["Philosopher\u0027s Stone","Velvet Choker"],"picked":"Sozu"}],"items_purged_floors":[19],"is_endless":false,"potions_floor_spawned":[1,16,20,25,31,35,39,47,48],"ascension_level":20}