{"gold_per_floor":[115,125,105,120,139,139,169,169,169,94,122,138,151,33,33,107,107,121,121,121,136,31,31,66,81,81,81,111,34,34,49,49,49],"floor_reached":33,"playtime":1673,"items_purged":["Strike_G"],"score":590,"play_id":"88b76c11-a35b-49e9-9178-50bb9034025a","local_time":"20190423234404","is_ascension_mode":true,"campfire_choices":[{"data":"Crippling Poison","floor":6.0,"key":"SMITH"},{"data":"Backstab","floor":8.0,"key":"SMITH"},{"floor":15.0,"key":"REST"},{"data":"Ghostly","floor":23.0,"key":"SMITH"},{"data":"Glass Knife","floor":27,"key":"SMITH"},{"data":"Catalyst","floor":30,"key":"SMITH"},{"data":"Ghostly","floor":32,"key":"SMITH"}],"neow_cost":"NONE","seed_source_timestamp":171477061032328,"circlet_count":0,"master_deck":["AscendersBane","Defend_G","Defend_G","Defend_G","Defend_G","Defend_G","Strike_G","Strike_G","Strike_G","Survivor","Neutralize+1","Crippling Poison+1","Dagger Throw","Dodge and Roll","Backstab+1","Leg Sweep","Noxious Fumes","Dash","Bouncing Flask","Noxious Fumes","After Image","Blade Dance+1","Ghostly+1","Ghostly","Ghostly+1","Well Laid Plans","Cloak And Dagger","Footwork","Cloak And Dagger","Glass Knife+1","Deadly Poison","Catalyst+1"],"special_seed":0,"relics":["Ring of the Snake","Letter Opener","Bronze Scales","Runic Pyramid","Centennial Puzzle","Frozen Egg 2","Darkstone Periapt"],"potions_floor_usage":[24,28,33],"damage_taken":[{"damage":0.0,"enemies":"Jaw Worm","floor":1.0,"turns":5.0},{"damage":3.0,"enemies":"Cultist","floor":2.0,"turns":5.0},{"damage":2.0,"enemies":"Small Slimes","floor":4.0,"turns":3.0},{"damage":0.0,"enemies":"Looter","floor":5.0,"turns":4.0},{"damage":23.0,"enemies":"Lagavulin","floor":7.0,"turns":7.0},{"damage":16.0,"enemies":"3 Sentries","floor":11.0,"turns":8.0},{"damage":0.0,"enemies":"Lots of Slimes","floor":12.0,"turns":4.0},{"damage":0.0,"enemies":"Red Slaver","floor":13.0,"turns":3.0},{"damage":15.0,"enemies":"The Guardian","floor":16.0,"turns":10.0},{"damage":8.0,"enemies":"2 Thieves","floor":18.0,"turns":5.0},{"damage":1.0,"enemies":"Chosen","floor":21.0,"turns":6.0},{"damage":6,"enemies":"Book of Stabbing","floor":24,"turns":6},{"damage":4,"enemies":"3 Cultists","floor":25,"turns":7},{"damage":15,"enemies":"Slavers","floor":28,"turns":8},{"damage":0,"enemies":"Centurion and Healer","floor":31,"turns":6},{"damage":10,"enemies":"Collector","floor":33,"turns":2}],"seed_played":"-6824853317657673771","potions_obtained":[{"floor":1.0,"key":"PowerPotion"},{"floor":2.0,"key":"Energy Potion"},{"floor":7.0,"key":"Swift Potion"},{"floor":21.0,"key":"Dexterity Potion"},{"floor":24,"key":"GhostInAJar"}],"is_trial":false,"path_per_floor":["M","M","?","M","M","R","E","R","T","$","E","M","M","$","R","B",null,"M","?","?","M","$","R","E","M","T","R","E","$","R","M","R","B"],"character_chosen":"THE_SILENT","items_purchased":["Noxious Fumes","Noxious Fumes","Footwork","Cloak And Dagger","Catalyst"],"campfire_rested":1,"item_purchase_floors":[10,14,22,22,29],"current_hp_per_floor":[59,56,56,54,54,54,31,31,31,31,15,15,15,15,34,19,54,46,33,33,32,32,32,26,22,22,22,7,7,7,7,7,0],"gold":49,"neow_bonus":"UPGRADE_CARD","is_prod":false,"is_daily":false,"chose_seed":false,"campfire_upgraded":6,"win_rate":0,"timestamp":1556077444,"path_taken":["M","M","?","M","M","R","E","R","T","$","E","M","?","$","R","BOSS","M","?","?","M","$","R","E","?","T","R","E","?","R","?","R","BOSS"],"build_version":"2019-01-23","purchased_purges":1,"victory":false,"max_hp_per_floor":[66,66,66,66,66,66,66,66,66,66,66,66,66,66,66,66,66,66,33,33,33,33,33,33,33,33,33,33,33,33,33,33,33],"card_choices":[{"not_picked":["Prepared","Dagger Throw"],"picked":"Crippling Poison","floor":1.0},{"not_picked":["Expertise","Deadly Poison"],"picked":"Dagger Throw","floor":2.0},{"not_picked":["Underhanded Strike","Blade Dance"],"picked":"Dodge and Roll","floor":4.0},{"not_picked":["Tactician","Bouncing Flask"],"picked":"Backstab","floor":5.0},{"not_picked":["Predator","Tactician"],"picked":"Leg Sweep","floor":7.0},{"not_picked":["Prepared","Predator","Doppelganger"],"picked":"SKIP","floor":11.0},{"not_picked":["Backflip","Poisoned Stab"],"picked":"Dash","floor":12.0},{"not_picked":["Dagger Throw","Poisoned Stab"],"picked":"Bouncing Flask","floor":13.0},{"not_picked":["Bullet Time","A Thousand Cuts"],"picked":"After Image","floor":16.0},{"not_picked":["Bane","Cloak And Dagger"],"picked":"Blade Dance+1","floor":18.0},{"not_picked":["Sucker Punch","Dagger Spray"],"picked":"Cloak And Dagger","floor":21.0},{"not_picked":["Dagger Spray","Cloak And Dagger"],"picked":"Glass Knife","floor":24},{"not_picked":["Poisoned Stab","Eviscerate"],"picked":"Deadly Poison","floor":25},{"not_picked":["Infinite Blades+1","All Out Attack","Eviscerate+1"],"picked":"SKIP","floor":28},{"not_picked":["Quick Slash","Bane","Finisher"],"picked":"SKIP","floor":31}],"player_experience":772162,"relics_obtained":[{"floor":7.0,"key":"Letter Opener"},{"floor":11.0,"key":"Bronze Scales"},{"floor":24,"key":"Centennial Puzzle"},{"floor":26,"key":"Frozen Egg 2"},{"floor":28,"key":"Darkstone Periapt"}],"event_choices":[{"damage_healed":0.0,"max_hp_gain":0.0,"max_hp_loss":0.0,"gold_gain":0.0,"event_name":"The Woman in Blue","player_choice":"Bought 1 Potion","floor":3.0,"gold_loss":0.0,"damage_taken":0.0},{"damage_healed":0.0,"max_hp_gain":0.0,"max_hp_loss":33.0,"gold_gain":0.0,"event_name":"Ghosts","player_choice":"Became a Ghost","floor":19.0,"gold_loss":0.0,"damage_taken":0.0,"cards_obtained":["Ghostly","Ghostly","Ghostly"]},{"damage_healed":0.0,"max_hp_gain":0.0,"max_hp_loss":0.0,"gold_gain":0.0,"cards_transformed":["Strike_G"],"event_name":"Transmorgrifier","player_choice":"Transformed","floor":20.0,"gold_loss":0.0,"damage_taken":0.0,"cards_obtained":["Well Laid Plans"]}],"is_beta":false,"boss_relics":[{"not_picked":["Busted Crown","Empty Cage"],"picked":"Runic Pyramid"}],"items_purged_floors":[14],"is_endless":false,"potions_floor_spawned":[1,2,7,16,21,24],"killed_by":"Collector","ascension_level":20}