{"gold_per_floor":[112,128,146,146,159,159,190,190,190,76,76,93,93,124,124,201,201,216,232,246,246],"floor_reached":21,"playtime":1116,"items_purged":["Strike_B"],"score":382,"play_id":"4738c136-f8db-4dd1-9f14-907a5f04b4ba","local_time":"20190707191438","is_ascension_mode":true,"campfire_choices":[{"data":"Zap","floor":6,"key":"SMITH"},{"floor":8,"key":"REST"},{"floor":13,"key":"REST"},{"data":"Consume","floor":15,"key":"SMITH"}],"neow_cost":"TEN_PERCENT_HP_LOSS","seed_source_timestamp":1548462056395532,"circlet_count":0,"master_deck":["AscendersBane","Defend_B","Defend_B","Defend_B","Defend_B","Zap+1","Dualcast","Genetic Algorithm","Consume+1","Gash","Rainbow","Echo Form","Sunder","Ball Lightning","Conserve Battery","Echo Form","Compile Driver+1","Capacitor+1","Core Surge+1","BootSequence","Cold Snap","Defragment"],"relics":["Cracked Core","Calipers","CultistMask","Oddly Smooth Stone","Symbiotic Virus","The Courier","Ginger","Astrolabe"],"potions_floor_usage":[5,7,14,21],"damage_taken":[{"damage":7,"enemies":"Jaw Worm","floor":1,"turns":3},{"damage":0,"enemies":"Cultist","floor":2,"turns":4},{"damage":0,"enemies":"2 Louse","floor":3,"turns":3},{"damage":26,"enemies":"Exordium Thugs","floor":5,"turns":5},{"damage":27,"enemies":"3 Sentries","floor":7,"turns":7},{"damage":10,"enemies":"Lots of Slimes","floor":12,"turns":4},{"damage":6,"enemies":"Lagavulin","floor":14,"turns":7},{"damage":3,"enemies":"Slime Boss","floor":16,"turns":8},{"damage":11,"enemies":"Spheric Guardian","floor":18,"turns":3},{"damage":22,"enemies":"Shell Parasite","floor":19,"turns":5},{"damage":13,"enemies":"Snake Plant","floor":20,"turns":5},{"damage":17,"enemies":"Chosen and Byrds","floor":21,"turns":3}],"seed_played":"-3313505088700620358","potions_obtained":[{"floor":1,"key":"Block Potion"},{"floor":3,"key":"LiquidBronze"},{"floor":5,"key":"AttackPotion"},{"floor":7,"key":"SneckoOil"},{"floor":19,"key":"Strength Potion"}],"is_trial":false,"path_per_floor":["M","M","M","?","M","R","E","R","T","$","T","M","R","E","R","B",null,"M","M","M","M"],"character_chosen":"DEFECT","items_purchased":["Sunder"],"campfire_rested":2,"item_purchase_floors":[10],"current_hp_per_floor":[57,57,57,57,31,31,4,23,23,23,23,13,32,26,26,23,54,43,21,8,0],"gold":246,"neow_bonus":"ONE_RARE_RELIC","is_prod":false,"is_daily":false,"chose_seed":false,"campfire_upgraded":2,"win_rate":0,"timestamp":1562541278,"path_taken":["M","M","M","?","M","R","E","R","T","$","?","M","R","E","R","BOSS","M","M","M","M"],"build_version":"2019-07-05","purchased_purges":1,"victory":false,"max_hp_per_floor":[64,64,64,64,64,64,64,64,64,64,64,64,64,64,64,64,64,64,64,64,64],"card_choices":[{"not_picked":["Consume","Turbo"],"picked":"Genetic Algorithm","floor":1},{"not_picked":["Leap","Redo"],"picked":"Consume","floor":2},{"not_picked":["Blizzard","Stack"],"picked":"Gash","floor":3},{"not_picked":["Go for the Eyes","Sweeping Beam"],"picked":"Rainbow","floor":5},{"not_picked":["Consume","Sweeping Beam"],"picked":"Echo Form","floor":7},{"not_picked":["Force Field","Scrape"],"picked":"Ball Lightning","floor":12},{"not_picked":["Skim","Barrage"],"picked":"Conserve Battery","floor":14},{"not_picked":["Machine Learning","All For One"],"picked":"Echo Form","floor":16},{"not_picked":["Ball Lightning","Auto Shields+1"],"picked":"BootSequence","floor":18},{"not_picked":["Hologram","Reinforced Body"],"picked":"Cold Snap","floor":19},{"not_picked":["Blizzard","Glacier"],"picked":"Defragment","floor":20}],"player_experience":957034,"relics_obtained":[{"floor":7,"key":"Oddly Smooth Stone"},{"floor":9,"key":"Symbiotic Virus"},{"floor":11,"key":"The Courier"},{"floor":14,"key":"Ginger"}],"event_choices":[{"damage_healed":0,"gold_gain":0,"player_choice":"Trade","damage_taken":0,"relics_obtained":["CultistMask"],"max_hp_gain":0,"max_hp_loss":0,"event_name":"FaceTrader","floor":4,"gold_loss":0}],"is_beta":false,"boss_relics":[{"not_picked":["Busted Crown","FrozenCore"],"picked":"Astrolabe"}],"items_purged_floors":[10],"is_endless":false,"potions_floor_spawned":[1,3,5,7,12,19],"killed_by":"Chosen and Byrds","ascension_level":20}