{"gold_per_floor":[118,136,136,211,234,246,286,298,310,335,107,107,121,136,136,136],"floor_reached":16,"playtime":213,"items_purged":["Strike_P"],"score":250,"play_id":"d5696934-e94c-46d1-a87e-41f75ba2ab7f","local_time":"20190923182209","is_ascension_mode":true,"campfire_choices":[{"data":"Eruption","floor":6,"key":"SMITH"},{"data":"Vigilance","floor":8,"key":"SMITH"},{"data":"Strike_P","floor":12,"key":"SMITH"},{"data":"FlyingSleeves","floor":15,"key":"SMITH"}],"neow_cost":"NONE","seed_source_timestamp":52151366396600,"circlet_count":0,"master_deck":["AscendersBane","Strike_P","Strike_P","Strike_P+1","Defend_P","Defend_P","Defend_P","Defend_P","Eruption+1","Vigilance+1","FlyingSleeves+1"],"relics":["PureWater","NeowsBlessing","Art of War","MawBank","Pantograph","Gremlin Horn","Vajra"],"potions_floor_usage":[16,16],"damage_taken":[{"damage":0,"enemies":"Jaw Worm","floor":1,"turns":1},{"damage":0,"enemies":"2 Louse","floor":2,"turns":1},{"damage":0,"enemies":"Gremlin Nob","floor":7,"turns":1},{"damage":1,"enemies":"Cultist","floor":10,"turns":3},{"damage":16,"enemies":"Blue Slaver","floor":13,"turns":4},{"damage":1,"enemies":"Looter","floor":14,"turns":4},{"damage":27,"enemies":"Hexaghost","floor":16,"turns":8}],"seed_played":"4279365554167361715","potions_obtained":[{"floor":7,"key":"Block Potion"},{"floor":10,"key":"LiquidBronze"}],"is_trial":false,"path_per_floor":["M","M","?","?","T","R","E","R","T","M","$","R","M","M","R","B"],"character_chosen":"WATCHER","items_purchased":["Vajra"],"campfire_rested":0,"item_purchase_floors":[11],"current_hp_per_floor":[55,55,37,26,26,26,26,26,26,25,25,25,9,8,8,6],"gold":136,"neow_bonus":"THREE_ENEMY_KILL","is_prod":false,"is_daily":false,"chose_seed":false,"campfire_upgraded":4,"win_rate":0,"timestamp":1569237729,"path_taken":["M","M","?","?","?","R","E","R","T","M","?","R","?","M","R","BOSS"],"build_version":"2019-09-20","purchased_purges":1,"victory":false,"max_hp_per_floor":[61,61,61,61,61,61,61,61,61,61,61,61,61,61,61,61],"card_choices":[{"not_picked":["SashWhip","EmptyBody","ForeignInfluence"],"picked":"SKIP","floor":1},{"not_picked":["Vengeance","Meditate","Halt"],"picked":"SKIP","floor":2},{"not_picked":["Scrawl","CrushJoints","DeceiveReality"],"picked":"SKIP","floor":7},{"not_picked":["Crescendo","Prostrate","Blasphemy"],"picked":"SKIP","floor":10},{"not_picked":["BowlingBash","JustLucky","Weave"],"picked":"SKIP","floor":13},{"not_picked":["Fasting","SashWhip"],"picked":"FlyingSleeves","floor":14}],"player_experience":1138398,"relics_obtained":[{"floor":5,"key":"MawBank"},{"floor":7,"key":"Pantograph"},{"floor":9,"key":"Gremlin Horn"}],"event_choices":[{"damage_healed":0,"gold_gain":0,"player_choice":"Success","damage_taken":18,"relics_obtained":["Art of War"],"max_hp_gain":0,"max_hp_loss":0,"event_name":"Scrap Ooze","floor":3,"gold_loss":0},{"damage_healed":0,"gold_gain":75,"player_choice":"Gather Gold","damage_taken":11,"max_hp_gain":0,"max_hp_loss":0,"event_name":"World of Goop","floor":4,"gold_loss":0}],"is_beta":true,"boss_relics":[],"items_purged_floors":[11],"is_endless":false,"potions_floor_spawned":[7,10,13],"killed_by":"Hexaghost","ascension_level":20}