{"gold_per_floor":[111,11,11,20,80,80,106,116,116,116,236,28,54,63,63,120,120,133,58,58,0,0,0,9,9,249,262,272,122,142,142,142,200,200,214,214,223,235,235,235,60,80,80,80,80,0,14,24,24,24],"floor_reached":50,"playtime":1376,"items_purged":["Defend_P","Strike_P","Defend_P","Strike_P+1"],"score":1354,"play_id":"09ca91b3-b3c6-41c6-bfda-54a4340cb2cd","local_time":"20190925172715","is_ascension_mode":true,"campfire_choices":[{"data":"Eruption","floor":6.0,"key":"SMITH"},{"data":"Crescendo","floor":10.0,"key":"SMITH"},{"data":"Wallop","floor":15,"key":"SMITH"},{"data":"Vigilance","floor":23,"key":"SMITH"},{"data":"WheelKick","floor":25,"key":"SMITH"},{"data":"BattleHymn","floor":32,"key":"SMITH"},{"data":"Ghostly","floor":40,"key":"SMITH"},{"data":"Ghostly","floor":44,"key":"SMITH"},{"data":"Trip","floor":49,"key":"SMITH"}],"neow_cost":"NONE","seed_source_timestamp":220478146381700,"circlet_count":0,"master_deck":["AscendersBane","Strike_P+1","Defend_P","Eruption+1","Vigilance+1","Wallop+1","Conclude","Crescendo+1","BattleHymn+1","WheelKick+1","DevaForm","Ghostly","Ghostly","Ghostly+1","Ghostly+1","Trip+1"],"special_seed":0,"relics":["PureWater","NeowsBlessing","Yang","Omamori","Boot","Coffee Dripper","Old Coin","Unceasing Top","Runic Pyramid","Letter Opener","Vajra","Red Mask"],"potions_floor_usage":[13,16,28,33,50],"damage_taken":[{"damage":0.0,"enemies":"Jaw Worm","floor":1.0,"turns":1.0},{"damage":0.0,"enemies":"2 Louse","floor":4.0,"turns":1.0},{"damage":0.0,"enemies":"3 Sentries","floor":7.0,"turns":1.0},{"damage":0.0,"enemies":"Small Slimes","floor":8.0,"turns":3.0},{"damage":0,"enemies":"Gremlin Nob","floor":13,"turns":2},{"damage":2,"enemies":"Blue Slaver","floor":14,"turns":4},{"damage":20,"enemies":"The Guardian","floor":16,"turns":9},{"damage":0,"enemies":"Chosen","floor":18,"turns":3},{"damage":0,"enemies":"Spheric Guardian","floor":24,"turns":1},{"damage":0,"enemies":"Centurion and Healer","floor":27,"turns":3},{"damage":7,"enemies":"Snake Plant","floor":28,"turns":3},{"damage":32,"enemies":"Slavers","floor":30,"turns":3},{"damage":0,"enemies":"Champ","floor":33,"turns":7},{"damage":0,"enemies":"3 Shapes","floor":35,"turns":3},{"damage":0,"enemies":"Orb Walker","floor":37,"turns":2},{"damage":1,"enemies":"Jaw Worm Horde","floor":38,"turns":3},{"damage":0,"enemies":"Giant Head","floor":42,"turns":6},{"damage":1,"enemies":"Writhing Mass","floor":47,"turns":4},{"damage":1,"enemies":"Transient","floor":48,"turns":6},{"damage":27,"enemies":"Donu and Deca","floor":50,"turns":5}],"seed_played":"-310603411006413342","potions_obtained":[{"floor":1.0,"key":"LiquidBronze"},{"floor":7.0,"key":"GamblersBrew"},{"floor":24,"key":"Swift Potion"},{"floor":28,"key":"EssenceOfSteel"},{"floor":30,"key":"Block Potion"},{"floor":33,"key":"PowerPotion"}],"is_trial":false,"path_per_floor":["M","$","?","M","?","R","E","M","T","R","?","$","E","M","R","B",null,"M","?","$","?","$","R","M","R","T","M","M","$","E","?","R","B",null,"M","?","M","M","?","R","$","E","T","R","?","?","M","M","R","B"],"character_chosen":"WATCHER","items_purchased":["BattleHymn"],"campfire_rested":0,"item_purchase_floors":[12],"current_hp_per_floor":[55,55,37,37,26,26,26,26,26,26,26,26,26,24,24,4,47,47,47,47,47,47,47,47,47,47,47,40,40,8,8,8,8,25,25,25,25,24,24,24,24,24,24,24,24,24,23,22,22,0],"gold":24,"neow_bonus":"THREE_ENEMY_KILL","is_prod":false,"is_daily":false,"chose_seed":false,"campfire_upgraded":9,"win_rate":0,"timestamp":1569407235,"path_taken":["M","$","?","M","?","R","E","M","T","R","?","?","E","M","R","BOSS","M","?","?","?","?","R","M","R","T","?","?","$","E","?","R","BOSS","M","?","?","M","?","R","$","E","T","R","?","?","M","M","R","BOSS"],"build_version":"2019-09-24","purchased_purges":4,"victory":false,"max_hp_per_floor":[61,61,61,61,61,61,61,61,61,61,61,61,61,61,61,61,61,61,61,61,61,61,61,61,61,61,61,61,61,61,30,30,30,30,30,30,30,30,30,30,30,30,30,30,30,30,30,30,30,30],"card_choices":[{"not_picked":["ForeignInfluence","PathToVictory","Worship"],"picked":"SKIP","floor":1.0},{"not_picked":["MentalFortress","FlowState"],"picked":"Wallop","floor":4.0},{"not_picked":["Weave","Tantrum"],"picked":"Conclude","floor":7.0},{"not_picked":["Wireheading","Weave"],"picked":"Crescendo","floor":8.0},{"not_picked":["WindmillStrike","Weave","Nirvana"],"picked":"SKIP","floor":13},{"not_picked":["Weave","FlowState"],"picked":"WheelKick","floor":14},{"not_picked":["DeceiveReality","Weave","BowlingBash"],"picked":"SKIP","floor":18},{"not_picked":["Halt","JustLucky","Prostrate"],"picked":"SKIP","floor":24},{"not_picked":["CrushJoints","BowlingBash","FollowUp"],"picked":"SKIP","floor":27},{"not_picked":["JustLucky","Crescendo","SashWhip"],"picked":"SKIP","floor":28},{"not_picked":["BowlingBash","Weave"],"picked":"DevaForm","floor":30},{"not_picked":["FollowUp+1","Establishment","Fasting"],"picked":"SKIP","floor":35},{"not_picked":["JustLucky","Tantrum","Devotion"],"picked":"SKIP","floor":37},{"not_picked":["FollowUp","JustLucky","ForeignInfluence"],"picked":"SKIP","floor":38},{"not_picked":["CarveReality","Sanctity+1","WindmillStrike"],"picked":"SKIP","floor":42},{"not_picked":["Bandage Up","Enlightenment"],"picked":"Trip","floor":45},{"not_picked":["Weave","Conclude","ThirdEye+1"],"picked":"SKIP","floor":47},{"not_picked":["DevaForm","EmptyBody","FlurryOfBlows"],"picked":"SKIP","floor":48}],"player_experience":1150117,"relics_obtained":[{"floor":7.0,"key":"Yang"},{"floor":9.0,"key":"Omamori"},{"floor":13,"key":"Boot"},{"floor":26,"key":"Old Coin"},{"floor":30,"key":"Unceasing Top"},{"floor":42,"key":"Letter Opener"},{"floor":43,"key":"Vajra"}],"event_choices":[{"damage_healed":0.0,"max_hp_gain":0.0,"max_hp_loss":0.0,"gold_gain":0.0,"event_name":"Shining Light","player_choice":"Entered Light","floor":3.0,"gold_loss":0.0,"damage_taken":18.0,"cards_upgraded":["Strike_P","Strike_P"]},{"damage_healed":0.0,"max_hp_gain":0.0,"max_hp_loss":0.0,"gold_gain":75.0,"event_name":"World of Goop","player_choice":"Gather Gold","floor":5.0,"gold_loss":0.0,"damage_taken":11.0},{"damage_healed":0,"gold_gain":150,"player_choice":"AGREE","damage_taken":0,"max_hp_gain":0,"max_hp_loss":0,"event_name":"Liars Game","floor":11,"gold_loss":0,"cards_obtained":["Doubt"]},{"cards_removed":["Strike_P"],"damage_healed":0,"gold_gain":0,"player_choice":"Gave Gold","damage_taken":0,"max_hp_gain":0,"max_hp_loss":0,"event_name":"Beggar","floor":19,"gold_loss":75},{"damage_healed":0,"gold_gain":0,"player_choice":"Paid Fearfully","damage_taken":0,"max_hp_gain":0,"max_hp_loss":0,"event_name":"Masked Bandits","floor":21,"gold_loss":58},{"damage_healed":0,"gold_gain":0,"player_choice":"Became a Ghost","damage_taken":0,"max_hp_gain":0,"max_hp_loss":31,"event_name":"Ghosts","floor":31,"gold_loss":0,"cards_obtained":["Ghostly","Ghostly","Ghostly"]},{"damage_healed":0,"gold_gain":0,"player_choice":"Copied","damage_taken":0,"max_hp_gain":0,"max_hp_loss":0,"event_name":"Duplicator","floor":36,"gold_loss":0,"cards_obtained":["Ghostly"]},{"cards_removed":["Defend_P"],"damage_healed":0,"gold_gain":0,"player_choice":"Removed Skill","damage_taken":0,"max_hp_gain":0,"max_hp_loss":0,"event_name":"Falling","floor":39,"gold_loss":0},{"damage_healed":0,"gold_gain":0,"player_choice":"Memory 1","damage_taken":0,"max_hp_gain":0,"max_hp_loss":0,"event_name":"SensoryStone","floor":45,"gold_loss":0},{"damage_healed":0,"gold_gain":0,"player_choice":"Paid","damage_taken":0,"relics_obtained":["Red Mask"],"max_hp_gain":0,"max_hp_loss":0,"event_name":"Tomb of Lord Red Mask","floor":46,"gold_loss":80}],"is_beta":true,"boss_relics":[{"not_picked":["Astrolabe","HolyWater"],"picked":"Coffee Dripper"},{"not_picked":["Fusion Hammer","Runic Dome"],"picked":"Runic Pyramid"}],"items_purged_floors":[2,12,29,41],"is_endless":false,"potions_floor_spawned":[1,7,8,24,28,30,33,35],"killed_by":"Donu and Deca","ascension_level":22}