{"gold_per_floor":[117,44,54,54,77,118,118,118,118,159,173,187,211,254,254,377,377,396,346,346,371,270,270,314,314,314,329,372,372,412,427,427,555,555,568,584,584,584,598,631,631,631,655,699,699,734,252,276,276,276],"floor_reached":50,"playtime":6060,"items_purged":["Defend_R","Defend_R","Defend_R"],"score":730,"play_id":"ab7228e1-e469-4e56-b97c-f9d1a640836b","local_time":"20180830232056","is_ascension_mode":true,"campfire_choices":[{"data":"Shockwave","floor":7,"key":"SMITH"},{"data":"Offering","floor":15,"key":"SMITH"},{"data":"Anger","floor":23,"key":"SMITH"},{"data":"Inflame","floor":25,"key":"SMITH"},{"data":"Limit Break","floor":29,"key":"SMITH"},{"data":"Metallicize","floor":32,"key":"SMITH"},{"floor":42,"key":"REST"},{"floor":45,"key":"REST"},{"floor":49,"key":"REST"}],"neow_cost":"NONE","seed_source_timestamp":1380450605958326,"circlet_count":0,"master_deck":["Strike_R","Strike_R","Strike_R","Strike_R+1","Defend_R+1","Bash","Shockwave+1","Metallicize+1","Shrug It Off","Fiend Fire","Shockwave","Reaper","Anger+1","Offering+1","Limit Break+1","Flame Barrier+1","Armaments+1","Shrug It Off","Inflame+1","Body Slam","Exhume","Rampage","Offering","Shrug It Off+1","Deep Breath","Deep Breath","Metamorphosis","Madness","Madness","Exhume","Limit Break+1","Rage+1","Discovery+1","True Grit+1"],"relics":["Burning Blood","Golden Idol","Du-Vu Doll","Torii","Smiling Mask","Anchor","Sozu","Mummified Hand","Art of War","Charon\u0027s Ashes","Bag of Preparation","Fusion Hammer","Dodecahedron","Orichalcum","Toxic Egg 2","Oddly Smooth Stone","Bird Faced Urn"],"potions_floor_usage":[6,12,14,14],"damage_taken":[{"damage":9,"enemies":"Jaw Worm","floor":1,"turns":6},{"damage":2,"enemies":"Cultist","floor":3,"turns":5},{"damage":1,"enemies":"Small Slimes","floor":5,"turns":5},{"damage":22,"enemies":"Gremlin Nob","floor":6,"turns":5},{"damage":16,"enemies":"3 Sentries","floor":10,"turns":10},{"damage":1,"enemies":"2 Fungi Beasts","floor":11,"turns":6},{"damage":2,"enemies":"Large Slime","floor":12,"turns":5},{"damage":0,"enemies":"Looter","floor":13,"turns":2},{"damage":8,"enemies":"Lagavulin","floor":14,"turns":7},{"damage":40,"enemies":"The Guardian","floor":16,"turns":14},{"damage":8,"enemies":"2 Thieves","floor":18,"turns":5},{"damage":21,"enemies":"Chosen","floor":21,"turns":5},{"damage":10,"enemies":"Book of Stabbing","floor":24,"turns":6},{"damage":28,"enemies":"Sentry and Sphere","floor":27,"turns":7},{"damage":8,"enemies":"Slavers","floor":28,"turns":7},{"damage":7,"enemies":"Book of Stabbing","floor":30,"turns":6},{"damage":0,"enemies":"Snake Plant","floor":31,"turns":4},{"damage":54,"enemies":"Collector","floor":33,"turns":10},{"damage":13,"enemies":"3 Darklings","floor":35,"turns":4},{"damage":1,"enemies":"Orb Walker","floor":36,"turns":4},{"damage":47,"enemies":"Transient","floor":39,"turns":5},{"damage":37,"enemies":"Nemesis","floor":40,"turns":7},{"damage":46,"enemies":"Giant Head","floor":44,"turns":8},{"damage":18,"enemies":"Nemesis","floor":46,"turns":9},{"damage":6,"enemies":"4 Shapes","floor":48,"turns":6},{"damage":108,"enemies":"Time Eater","floor":50,"turns":11}],"seed_played":"5227306858513429356","potions_obtained":[{"floor":5,"key":"PowerPotion"},{"floor":11,"key":"SkillPotion"},{"floor":12,"key":"SteroidPotion"},{"floor":13,"key":"SpeedPotion"}],"is_trial":false,"path_per_floor":["M","$","M","?","M","E","R","?","T","E","M","M","M","E","R","B",null,"M","$","?","M","$","R","E","R","T","M","E","R","E","M","R","B",null,"M","M","?","?","M","E","?","R","T","E","R","E","$","M","R"],"character_chosen":"IRONCLAD","items_purchased":["Metallicize","Shrug It Off","Discovery+1","True Grit+1","Bird Faced Urn"],"campfire_rested":3,"item_purchase_floors":[2,22,47,47,47],"current_hp_per_floor":[77,77,80,60,65,49,49,33,33,23,40,50,56,54,54,20,80,80,80,80,65,65,65,67,67,67,51,61,61,70,80,80,67,80,79,80,70,60,29,28,28,52,52,38,62,60,60,66,80,0],"gold":276,"neow_bonus":"REMOVE_CARD","is_prod":false,"is_daily":false,"chose_seed":false,"campfire_upgraded":6,"win_rate":0,"timestamp":1535689256,"path_taken":["M","$","M","?","?","E","R","?","T","E","M","M","M","E","R","BOSS","M","$","?","?","$","R","E","R","T","M","E","R","E","M","R","BOSS","M","M","?","?","M","E","?","R","T","E","R","E","$","M","R","BOSS"],"build_version":"2018-08-23v2","purchased_purges":3,"victory":false,"max_hp_per_floor":[80,80,80,80,80,80,80,80,80,80,80,80,80,80,80,80,80,80,80,80,80,80,80,80,80,80,80,80,80,80,80,80,80,80,80,80,80,80,80,80,80,80,80,80,80,80,80,80,80,80],"card_choices":[{"not_picked":["Thunderclap","Clash"],"picked":"Shockwave","floor":1},{"not_picked":["Cleave","Clash"],"picked":"Shrug It Off","floor":3},{"not_picked":["Iron Wave","Clothesline"],"picked":"Fiend Fire","floor":5},{"not_picked":["Anger","Infernal Blade"],"picked":"Shockwave","floor":6},{"not_picked":["Blood for Blood","True Grit"],"picked":"Reaper","floor":10},{"not_picked":["Intimidate","Flex"],"picked":"Anger","floor":11},{"not_picked":["Havoc","Thunderclap","Wild Strike"],"picked":"SKIP","floor":12},{"not_picked":["Heavy Blade","Feel No Pain","Power Through"],"picked":"SKIP","floor":13},{"not_picked":["Anger","Cleave"],"picked":"Offering","floor":14},{"not_picked":["Dark Embrace","Juggernaut"],"picked":"Limit Break","floor":16},{"not_picked":["Anger","Warcry+1"],"picked":"Flame Barrier","floor":18},{"not_picked":["Wild Strike","Pommel Strike"],"picked":"Armaments+1","floor":21},{"not_picked":["Sword Boomerang+1","Havoc"],"picked":"Inflame","floor":24},{"not_picked":["Armaments","Sever Soul","Entrench"],"picked":"SKIP","floor":27},{"not_picked":["Feel No Pain","Cleave"],"picked":"Body Slam","floor":28},{"not_picked":["Havoc","Thunderclap"],"picked":"Exhume","floor":30},{"not_picked":["Body Slam","Headbutt"],"picked":"Rampage","floor":31},{"not_picked":["Exhume","Brutality"],"picked":"Offering","floor":33},{"not_picked":["Armaments","Headbutt"],"picked":"Shrug It Off+1","floor":35},{"not_picked":["Armaments+1","Flex+1","Perfected Strike"],"picked":"SKIP","floor":36},{"not_picked":["Flash of Steel","Discovery"],"picked":"Deep Breath","floor":37},{"not_picked":["Good Instincts","Magnetism"],"picked":"Deep Breath","floor":37},{"not_picked":["Blind","Magnetism"],"picked":"Metamorphosis","floor":37},{"not_picked":["Perfected Strike","Thunderclap+1","Corruption"],"picked":"SKIP","floor":39},{"not_picked":["Second Wind","Dropkick","Rampage"],"picked":"SKIP","floor":40},{"not_picked":["Second Wind","Dropkick","Rampage"],"picked":"SKIP","floor":40},{"not_picked":["Anger+1","Armaments"],"picked":"Limit Break","floor":44},{"not_picked":["Thunderclap+1","Bloodletting+1"],"picked":"Rage+1","floor":46},{"not_picked":["Headbutt","Rage+1","Warcry+1"],"picked":"SKIP","floor":48}],"player_experience":367318,"relics_obtained":[{"floor":6,"key":"Du-Vu Doll"},{"floor":9,"key":"Torii"},{"floor":10,"key":"Smiling Mask"},{"floor":14,"key":"Anchor"},{"floor":24,"key":"Mummified Hand"},{"floor":26,"key":"Art of War"},{"floor":28,"key":"Charon\u0027s Ashes"},{"floor":30,"key":"Bag of Preparation"},{"floor":40,"key":"Dodecahedron"},{"floor":43,"key":"Orichalcum"},{"floor":44,"key":"Toxic Egg 2"},{"floor":46,"key":"Oddly Smooth Stone"}],"event_choices":[{"event_name":"Golden Idol","player_choice":"Take Damage","floor":4,"damage_taken":0},{"event_name":"Shining Light","player_choice":"Entered Light","floor":8,"damage_taken":0},{"event_name":"Accursed Blacksmith","player_choice":"Forge","floor":20,"damage_taken":0},{"event_name":"SensoryStone","player_choice":"Memory 3","floor":37,"damage_taken":0},{"event_name":"Winding Halls","player_choice":"Embrace Madness","floor":38,"damage_taken":0},{"event_name":"Match and Keep!","player_choice":"1 cards matched","floor":41,"damage_taken":0}],"is_beta":false,"boss_relics":[{"not_picked":["Black Blood","Lizard Tail"],"picked":"Sozu"},{"not_picked":["Cursed Key","Mark of Pain"],"picked":"Fusion Hammer"}],"items_purged_floors":[19,22,47],"is_endless":false,"potions_floor_spawned":[5,11,12,13,18,24,27,35,36,44,48],"killed_by":"Time Eater","ascension_level":4}