{"gold_per_floor":[116,29,43,59,77,77,138,138,165,197,347,347],"floor_reached":12,"playtime":784,"items_purged":[],"score":176,"play_id":"3e63d182-6b5f-4d41-b495-68f4966aad3e","local_time":"20190417183239","is_ascension_mode":true,"campfire_choices":[{"data":"1","floor":6,"key":"LIFT"},{"floor":8,"key":"REST"}],"neow_cost":"PERCENT_DAMAGE","seed_source_timestamp":0,"circlet_count":0,"master_deck":["AscendersBane","Defend_G","Defend_G","Defend_G","Defend_G","Defend_G","Strike_G","Strike_G","Strike_G","Strike_G","Strike_G","Survivor","Neutralize","Noxious Fumes","PiercingWail","Dagger Spray","Crippling Poison","PiercingWail","Crippling Poison","Glass Knife","After Image","Doubt"],"special_seed":0,"relics":["Ring of the Snake","Girya","Tiny Chest","Smiling Mask","Bag of Marbles"],"potions_floor_usage":[7,10],"damage_taken":[{"damage":0.0,"enemies":"2 Louse","floor":1.0,"turns":4.0},{"damage":0.0,"enemies":"Small Slimes","floor":3.0,"turns":4.0},{"damage":2.0,"enemies":"Jaw Worm","floor":4.0,"turns":7.0},{"damage":4.0,"enemies":"2 Fungi Beasts","floor":5.0,"turns":4.0},{"damage":22,"enemies":"3 Sentries","floor":7,"turns":8},{"damage":19,"enemies":"Gremlin Nob","floor":10,"turns":4},{"damage":17,"enemies":"Large Slime","floor":12,"turns":6}],"seed_played":"6614800418054174724","potions_obtained":[{"floor":1.0,"key":"SpeedPotion"},{"floor":4.0,"key":"AttackPotion"},{"floor":5.0,"key":"Strength Potion"}],"is_trial":false,"path_per_floor":["M","$","M","M","M","R","E","R","T","E","?","M"],"character_chosen":"THE_SILENT","items_purchased":["PiercingWail","Dagger Spray"],"campfire_rested":1,"item_purchase_floors":[2,2],"current_hp_per_floor":[44,44,44,42,38,38,16,35,35,16,16,0],"gold":347,"neow_bonus":"ONE_RARE_RELIC","is_prod":false,"is_daily":false,"chose_seed":false,"campfire_upgraded":0,"win_rate":0,"timestamp":1555540359,"path_taken":["M","$","M","M","M","R","E","R","T","E","?","M"],"build_version":"2019-01-23","purchased_purges":0,"victory":false,"max_hp_per_floor":[66,66,66,66,66,66,66,66,66,66,66,66],"card_choices":[{"not_picked":["Flechettes","Distraction"],"picked":"Noxious Fumes","floor":1.0},{"not_picked":["Deadly Poison","Heel Hook"],"picked":"Crippling Poison","floor":3.0},{"not_picked":["Cloak And Dagger","Deflect"],"picked":"PiercingWail","floor":4.0},{"not_picked":["Endless Agony","Backflip"],"picked":"Crippling Poison","floor":5.0},{"not_picked":["Sucker Punch","Deflect"],"picked":"Glass Knife","floor":7},{"not_picked":["Backstab","Dagger Throw"],"picked":"After Image","floor":10}],"player_experience":715396,"relics_obtained":[{"floor":7,"key":"Tiny Chest"},{"floor":9,"key":"Smiling Mask"},{"floor":10,"key":"Bag of Marbles"}],"event_choices":[{"damage_healed":0,"gold_gain":150,"player_choice":"AGREE","damage_taken":0,"max_hp_gain":0,"max_hp_loss":0,"event_name":"Liars Game","floor":11,"gold_loss":0,"cards_obtained":["Doubt"]}],"is_beta":false,"boss_relics":[],"items_purged_floors":[],"is_endless":false,"potions_floor_spawned":[1,4,5],"killed_by":"Large Slime","ascension_level":20}