{"gold_per_floor":[111,111,111,130,130,169,169,29,29,48,1,15,91,135,135,256,256,274,287,412,436,314,354,354,453,453,453,491,511,511,535,535,535],"floor_reached":33,"playtime":3486,"items_purged":["Defend_B"],"score":436,"play_id":"d98809f7-f2d1-4b30-a793-5f9662ae3d11","local_time":"20180825222629","is_ascension_mode":true,"campfire_choices":[{"data":"1","floor":7,"key":"LIFT"},{"floor":15,"key":"REST"},{"data":"2","floor":27,"key":"LIFT"},{"data":"3","floor":30,"key":"LIFT"},{"data":"Sunder","floor":32,"key":"SMITH"}],"neow_cost":"NONE","seed_source_timestamp":947711793528762,"circlet_count":0,"master_deck":["Strike_B","Strike_B","Strike_B","Strike_B","Defend_B","Defend_B","Defend_B","Zap+1","Dualcast","Sunder+1","FTL","Glacier","Defragment","Cold Snap","Chill","Defragment","Amplify","Chill+1","Go for the Eyes+1","Lockon+1","Go for the Eyes","Ghostly","Ghostly","Ghostly","Ghostly","Ghostly","Go for the Eyes+1","Go for the Eyes+1","Cold Snap+1"],"relics":["Cracked Core","Golden Idol","Kunai","Girya","Calipers","Potion Belt","Matryoshka","Regal Pillow","Coffee Dripper","Peace Pipe","Frozen Egg 2","Anchor","Happy Flower","Molten Egg 2","Bronze Scales"],"potions_floor_usage":[16,20,33],"damage_taken":[{"damage":0,"enemies":"2 Louse","floor":1,"turns":3},{"damage":1,"enemies":"Jaw Worm","floor":4,"turns":2},{"damage":16,"enemies":"3 Sentries","floor":6,"turns":7},{"damage":0,"enemies":"Small Slimes","floor":10,"turns":2},{"damage":7,"enemies":"Red Slaver","floor":12,"turns":2},{"damage":6,"enemies":"Gremlin Nob","floor":14,"turns":5},{"damage":0,"enemies":"Slime Boss","floor":16,"turns":8},{"damage":12,"enemies":"Chosen","floor":18,"turns":5},{"damage":4,"enemies":"Spheric Guardian","floor":19,"turns":4},{"damage":1,"enemies":"Colosseum Slavers","floor":20,"turns":4},{"damage":33,"enemies":"Colosseum Nobs","floor":20,"turns":8},{"damage":3,"enemies":"3 Cultists","floor":21,"turns":6},{"damage":13,"enemies":"Slavers","floor":23,"turns":7},{"damage":0,"enemies":"Gremlin Leader","floor":28,"turns":9},{"damage":8,"enemies":"Cultist and Chosen","floor":29,"turns":7},{"damage":0,"enemies":"Centurion and Healer","floor":31,"turns":8},{"damage":2,"enemies":"Automaton","floor":33,"turns":6}],"seed_played":"6553542945778210190","potions_obtained":[{"floor":1,"key":"Poison Potion"},{"floor":10,"key":"Fire Potion"},{"floor":19,"key":"Dexterity Potion"},{"floor":20,"key":"SkillPotion"},{"floor":29,"key":"SpeedPotion"}],"is_trial":false,"path_per_floor":["M","?","?","M","?","E","R","$","T","M","$","M","T","E","R","B",null,"M","M","?","M","$","E","?","?","T","R","E","M","R","M","R"],"character_chosen":"DEFECT","items_purchased":["Glacier","Defragment","Cold Snap","Go for the Eyes"],"campfire_rested":1,"item_purchase_floors":[8,8,11,22],"current_hp_per_floor":[75,57,57,56,56,40,40,40,40,40,40,33,33,27,64,64,75,63,59,25,22,22,9,9,9,9,9,9,1,1,1,1,0],"gold":535,"neow_bonus":"UPGRADE_CARD","is_prod":false,"is_daily":false,"chose_seed":false,"campfire_upgraded":1,"win_rate":0,"timestamp":1535253989,"path_taken":["M","?","?","M","?","E","R","$","T","M","?","M","?","E","R","BOSS","M","M","?","?","$","E","?","?","T","R","E","M","R","M","R","BOSS"],"build_version":"2018-08-23v2","purchased_purges":1,"victory":false,"max_hp_per_floor":[75,75,75,75,75,75,75,75,75,75,75,75,75,75,75,75,75,75,75,75,75,75,75,37,37,37,37,37,37,37,37,37,37],"card_choices":[{"not_picked":["Streamline","Sweeping Beam"],"picked":"Sunder","floor":1},{"not_picked":["Aggregate","Chaos"],"picked":"FTL","floor":4},{"not_picked":["Stack","Heatsinks","Melter"],"picked":"SKIP","floor":6},{"not_picked":["Doom and Gloom","Compile Driver","Tempest"],"picked":"SKIP","floor":10},{"not_picked":["Compile Driver","Beam Cell"],"picked":"Chill","floor":12},{"not_picked":["Force Field","Sweeping Beam"],"picked":"Defragment","floor":14},{"not_picked":["Meteor Strike","Hyperbeam"],"picked":"Amplify","floor":16},{"not_picked":["Barrage","Chaos","Beam Cell"],"picked":"SKIP","floor":18},{"not_picked":["Conserve Battery","Fusion"],"picked":"Chill+1","floor":19},{"not_picked":["Coolheaded","Steam"],"picked":"Go for the Eyes+1","floor":20},{"not_picked":["Reinforced Body","Leap"],"picked":"Lockon+1","floor":21},{"not_picked":["Multi-Cast","Melter","Cold Snap"],"picked":"SKIP","floor":23},{"not_picked":["Steam","Leap+1"],"picked":"Go for the Eyes+1","floor":28},{"not_picked":["Darkness","Fusion"],"picked":"Go for the Eyes+1","floor":29},{"not_picked":["Compile Driver+1","Coolheaded"],"picked":"Cold Snap+1","floor":31}],"player_experience":267152,"relics_obtained":[{"floor":3,"key":"Kunai"},{"floor":6,"key":"Calipers"},{"floor":9,"key":"Potion Belt"},{"floor":13,"key":"Matryoshka"},{"floor":14,"key":"Regal Pillow"},{"floor":20,"key":"Peace Pipe"},{"floor":20,"key":"Frozen Egg 2"},{"floor":23,"key":"Anchor"},{"floor":26,"key":"Happy Flower"},{"floor":26,"key":"Molten Egg 2"},{"floor":28,"key":"Bronze Scales"}],"event_choices":[{"event_name":"Golden Idol","player_choice":"Take Damage","floor":2,"damage_taken":0},{"event_name":"Wheel of Change","player_choice":"Relic","floor":3,"damage_taken":0},{"event_name":"WeMeetAgain","player_choice":"Potion","floor":5,"damage_taken":0},{"event_name":"Colosseum","player_choice":"Fight","floor":20,"damage_taken":0},{"event_name":"Colosseum","player_choice":"Fought Nobs","floor":20,"damage_taken":0},{"event_name":"Ghosts","player_choice":"Became a Ghost","floor":24,"damage_taken":0},{"event_name":"Nest","player_choice":"Stole From Cult","floor":25,"damage_taken":0}],"is_beta":false,"boss_relics":[{"not_picked":["Eternal Feather","Orrery"],"picked":"Coffee Dripper"}],"items_purged_floors":[22],"is_endless":false,"potions_floor_spawned":[1,10,19,20,29],"killed_by":"Automaton","ascension_level":1}