{"gold_per_floor":[110,110,120,120,120,194,260,260,260,9,48,73,94,118,118,244,244,268,291,216,232,95,95,113,133,133,149,149,149],"floor_reached":29,"playtime":1145,"items_purged":["Strike_R"],"score":328,"play_id":"6e3a99e7-55a7-4033-94d3-eb7abba740f3","local_time":"20190821113938","is_ascension_mode":true,"campfire_choices":[{"data":"Demon Form","floor":8.0,"key":"SMITH"},{"floor":15.0,"key":"REST"},{"data":"Entrench","floor":23,"key":"SMITH"}],"neow_cost":"NONE","seed_source_timestamp":0,"circlet_count":0,"master_deck":["Strike_R","Strike_R","Strike_R","Defend_R","Defend_R","Defend_R","Defend_R","Bash","Clothesline+1","Pummel","Demon Form+1","Shrug It Off","Barricade","Twin Strike","Entrench+1","Shrug It Off","Rage"],"special_seed":0,"relics":["Burning Blood","NeowsBlessing","Golden Idol","Darkstone Periapt","Tiny Chest","The Courier","Calipers","Bottled Flame","Coffee Dripper","Boot","Kunai"],"potions_floor_usage":[25,28],"damage_taken":[{"damage":0.0,"enemies":"2 Louse","floor":1.0,"turns":1.0},{"damage":0.0,"enemies":"Small Slimes","floor":3.0,"turns":1.0},{"damage":0.0,"enemies":"Lagavulin","floor":6.0,"turns":1.0},{"damage":50.0,"enemies":"3 Sentries","floor":11.0,"turns":7.0},{"damage":4.0,"enemies":"Jaw Worm","floor":12.0,"turns":4.0},{"damage":8.0,"enemies":"Large Slime","floor":13.0,"turns":5.0},{"damage":9.0,"enemies":"Blue Slaver","floor":14.0,"turns":4.0},{"damage":34.0,"enemies":"Hexaghost","floor":16.0,"turns":8.0},{"damage":13.0,"enemies":"Chosen","floor":18.0,"turns":5.0},{"damage":8.0,"enemies":"3 Byrds","floor":21.0,"turns":5.0},{"damage":14,"enemies":"Centurion and Healer","floor":24,"turns":8},{"damage":29,"enemies":"3 Cultists","floor":25,"turns":6},{"damage":20,"enemies":"Snake Plant","floor":27,"turns":8},{"damage":0,"enemies":"Chosen and Byrds","floor":28,"turns":6},{"damage":20,"enemies":"Book of Stabbing","floor":29,"turns":4}],"seed_played":"5367599264582606912","potions_obtained":[{"floor":6.0,"key":"Ancient Potion"},{"floor":12.0,"key":"Explosive Potion"},{"floor":14.0,"key":"SmokeBomb"},{"floor":16.0,"key":"Regen Potion"},{"floor":25,"key":"SteroidPotion"}],"is_trial":false,"path_per_floor":["M","?","M","?","T","E","?","R","T","$","E","M","M","M","R","B",null,"M","T","?","M","$","R","M","M","T","M","M","E"],"character_chosen":"IRONCLAD","items_purchased":["Calipers","Entrench","Shrug It Off"],"campfire_rested":1,"item_purchase_floors":[10,22,22],"current_hp_per_floor":[80,80,80,60,60,66,66,66,66,66,22,24,22,19,43,15,64,57,57,57,55,55,55,47,24,24,10,16,0],"gold":149,"neow_bonus":"THREE_ENEMY_KILL","is_prod":false,"is_daily":false,"chose_seed":false,"campfire_upgraded":2,"win_rate":0,"timestamp":1566380378,"path_taken":["M","?","M","?","?","E","?","R","T","$","E","?","M","M","R","BOSS","M","?","?","M","$","R","M","M","T","M","M","E"],"build_version":"2019-07-17","purchased_purges":1,"victory":false,"max_hp_per_floor":[80,80,80,80,80,80,80,80,80,80,80,80,80,80,80,80,80,80,80,80,80,80,80,80,80,80,80,80,80],"card_choices":[{"not_picked":["Rage","Sword Boomerang"],"picked":"Clothesline","floor":1.0},{"not_picked":["Twin Strike","Sword Boomerang"],"picked":"Pummel","floor":3.0},{"not_picked":["Armaments","Blood for Blood"],"picked":"Demon Form","floor":6.0},{"not_picked":["Clothesline","True Grit","Second Wind"],"picked":"SKIP","floor":11.0},{"not_picked":["True Grit","Blood for Blood","Clash"],"picked":"SKIP","floor":12.0},{"not_picked":["Havoc","Power Through","Dropkick"],"picked":"SKIP","floor":13.0},{"not_picked":["Dark Embrace","Battle Trance"],"picked":"Shrug It Off","floor":14.0},{"not_picked":["Reaper","Bludgeon"],"picked":"Barricade","floor":16.0},{"not_picked":["Dropkick","Thunderclap"],"picked":"Twin Strike","floor":18.0},{"not_picked":["Perfected Strike+1","Dual Wield","Warcry"],"picked":"SKIP","floor":21.0},{"not_picked":["Sword Boomerang","Flex+1","Thunderclap"],"picked":"SKIP","floor":24},{"not_picked":["Armaments","Havoc+1"],"picked":"Rage","floor":25},{"not_picked":["Havoc","Anger","Entrench"],"picked":"SKIP","floor":27}],"player_experience":310258,"relics_obtained":[{"floor":5.0,"key":"Darkstone Periapt"},{"floor":6.0,"key":"Tiny Chest"},{"floor":9.0,"key":"The Courier"},{"floor":11.0,"key":"Bottled Flame"},{"floor":19.0,"key":"Boot"},{"floor":26,"key":"Kunai"}],"event_choices":[{"damage_healed":0.0,"max_hp_gain":0.0,"max_hp_loss":0.0,"gold_gain":0.0,"event_name":"Living Wall","player_choice":"Grow","floor":2.0,"gold_loss":0.0,"damage_taken":0.0,"cards_upgraded":["Clothesline"]},{"damage_healed":0.0,"max_hp_gain":0.0,"max_hp_loss":0.0,"gold_gain":0.0,"event_name":"Golden Idol","player_choice":"Take Damage","floor":4.0,"gold_loss":0.0,"damage_taken":20.0,"relics_obtained":["Golden Idol"]},{"damage_healed":0.0,"max_hp_gain":0.0,"max_hp_loss":0.0,"gold_gain":66.0,"event_name":"Golden Wing","player_choice":"Gained Gold","floor":7.0,"gold_loss":0.0,"damage_taken":0.0},{"cards_removed":["Strike_R"],"damage_healed":0.0,"max_hp_gain":0.0,"max_hp_loss":0.0,"gold_gain":0.0,"event_name":"Beggar","player_choice":"Gave Gold","floor":20.0,"gold_loss":75.0,"damage_taken":0.0}],"is_beta":false,"boss_relics":[{"not_picked":["Empty Cage","White Beast Statue"],"picked":"Coffee Dripper"}],"items_purged_floors":[22],"is_endless":false,"potions_floor_spawned":[6,12,14,16,25,28],"killed_by":"Book of Stabbing","ascension_level":5}