{"gold_per_floor":[115,135,149,163,180,180,213,213,266,277,307,307,31,59,59,59],"floor_reached":16,"playtime":424,"items_purged":[],"score":244,"play_id":"cc7c9dbc-9886-4af3-985b-4a4760a2be48","local_time":"20190928144339","is_ascension_mode":true,"campfire_choices":[{"data":"Perfected Strike","floor":6.0,"key":"SMITH"},{"data":"Perfected Strike","floor":8.0,"key":"SMITH"},{"data":"Armaments","floor":15.0,"key":"SMITH"}],"neow_cost":"NONE","seed_source_timestamp":1002525294274400,"circlet_count":0,"master_deck":["AscendersBane","Strike_R","Strike_R","Strike_R","Strike_R","Defend_R","Defend_R","Defend_R","Defend_R","Bash","Perfected Strike+1","Seeing Red","Metallicize","Perfected Strike+1","Power Through","Armaments+1","Power Through","Wild Strike"],"special_seed":0,"relics":["Burning Blood","Frozen Egg 2","Lantern","Question Card","Toxic Egg 2","Strawberry"],"potions_floor_usage":[],"damage_taken":[{"damage":1.0,"enemies":"Cultist","floor":1.0,"turns":3.0},{"damage":7.0,"enemies":"Jaw Worm","floor":2.0,"turns":3.0},{"damage":4.0,"enemies":"2 Louse","floor":3.0,"turns":3.0},{"damage":11.0,"enemies":"Large Slime","floor":4.0,"turns":6.0},{"damage":11.0,"enemies":"Exordium Wildlife","floor":5.0,"turns":4.0},{"damage":29.0,"enemies":"Gremlin Nob","floor":7.0,"turns":4.0},{"damage":0.0,"enemies":"2 Fungi Beasts","floor":10.0,"turns":2.0},{"damage":19.0,"enemies":"3 Sentries","floor":11.0,"turns":9.0},{"damage":14.0,"enemies":"Lagavulin","floor":14.0,"turns":6.0},{"damage":39,"enemies":"Slime Boss","floor":16,"turns":8}],"seed_played":"-7824733610418714591","potions_obtained":[{"floor":1.0,"key":"AttackPotion"},{"floor":2.0,"key":"PowerPotion"}],"is_trial":false,"path_per_floor":["M","M","M","M","M","R","E","R","T","M","E","?","$","E","R","B"],"character_chosen":"IRONCLAD","items_purchased":["Toxic Egg 2"],"campfire_rested":0,"item_purchase_floors":[13],"current_hp_per_floor":[73,72,74,69,64,64,41,41,41,47,34,34,34,33,33,0],"gold":59,"neow_bonus":"TRANSFORM_CARD","is_prod":false,"is_daily":false,"chose_seed":false,"campfire_upgraded":3,"win_rate":0,"timestamp":1569707019,"path_taken":["M","M","M","M","M","R","E","R","T","M","E","?","$","E","R","BOSS"],"build_version":"2019-09-27","purchased_purges":0,"victory":false,"max_hp_per_floor":[75,75,75,75,75,75,75,75,75,75,75,75,75,82,82,82],"card_choices":[{"not_picked":["Reckless Charge","Clash"],"picked":"Seeing Red","floor":1.0},{"not_picked":["Headbutt","Sword Boomerang"],"picked":"Metallicize","floor":2.0},{"not_picked":["Searing Blow","Clash","Body Slam"],"picked":"SKIP","floor":3.0},{"not_picked":["Shrug It Off","Whirlwind"],"picked":"Perfected Strike","floor":4.0},{"not_picked":["Exhume","Sword Boomerang","Rage"],"picked":"SKIP","floor":5.0},{"not_picked":["Dual Wield","Havoc"],"picked":"Power Through","floor":7.0},{"not_picked":["Headbutt","Blood for Blood"],"picked":"Armaments","floor":10.0},{"not_picked":["Havoc","Intimidate"],"picked":"Power Through","floor":11.0},{"not_picked":["Clothesline","True Grit+1","Exhume+1"],"picked":"Wild Strike","floor":14.0}],"player_experience":1098621,"relics_obtained":[{"floor":7.0,"key":"Frozen Egg 2"},{"floor":9.0,"key":"Lantern"},{"floor":11.0,"key":"Question Card"},{"floor":14.0,"key":"Strawberry"}],"event_choices":[{"damage_healed":0.0,"max_hp_gain":0.0,"max_hp_loss":0.0,"gold_gain":0.0,"event_name":"Golden Wing","player_choice":"Ignored","floor":12.0,"gold_loss":0.0,"damage_taken":0.0}],"is_beta":true,"boss_relics":[],"items_purged_floors":[],"is_endless":false,"potions_floor_spawned":[1,2,4,10],"killed_by":"Slime Boss","ascension_level":20}