{"gold_per_floor":[110,90,107,125,143,178,190,214,226,238,285,297,324,355,367,453,465,493,505,6,26,39,39,65,79,106,140,49,69,69,84,84,161,161,174,194,2,14,25,25,25,50,50,50,50,50,77,0,0,0],"floor_reached":50,"playtime":3048,"items_purged":["Riddle With Holes","Predator"],"score":1158,"play_id":"edc71e5d-2ce4-4e17-ba0f-e56318fc7849","local_time":"20190506182316","is_ascension_mode":true,"campfire_choices":[{"data":"Crippling Poison","floor":7,"key":"SMITH"},{"floor":10,"key":"REST"},{"floor":12,"key":"REST"},{"data":"Glass Knife","floor":15,"key":"SMITH"},{"floor":23,"key":"REST"},{"floor":30,"key":"REST"},{"floor":32,"key":"REST"},{"data":"After Image","floor":40,"key":"SMITH"},{"floor":44,"key":"REST"},{"floor":46,"key":"REST"},{"floor":49,"key":"RECALL"}],"neow_cost":"NONE","seed_source_timestamp":1274195182182455,"circlet_count":0,"master_deck":["AscendersBane","Survivor","Neutralize","Quick Slash","Crippling Poison+1","Backstab","Glass Knife+1","Burst","After Image+1","Heel Hook","Deadly Poison","Infinite Blades","Prepared","Quick Slash","Storm of Steel","Terror","Grand Finale","Poisoned Stab+1","Escape Plan","Finesse","Backstab+1","Leg Sweep+1","Deflect+1","Noxious Fumes","Expertise+1","Backflip","PiercingWail","Noxious Fumes","Cloak And Dagger","PiercingWail","Footwork"],"relics":["Ring of the Snake","NeowsBlessing","MawBank","Paper Crane","Bottled Flame","Pandora\u0027s Box","Pocketwatch","The Courier","Bag of Preparation","Runic Pyramid","Molten Egg 2","Dodecahedron","Smiling Mask","Red Mask"],"potions_floor_usage":[6,6,16,19,27,27,35,42,50],"damage_taken":[{"damage":0,"enemies":"Jaw Worm","floor":1,"turns":1},{"damage":0,"enemies":"Cultist","floor":3,"turns":1},{"damage":0,"enemies":"2 Louse","floor":4,"turns":1},{"damage":0,"enemies":"2 Fungi Beasts","floor":5,"turns":4},{"damage":35,"enemies":"Lagavulin","floor":6,"turns":5},{"damage":8,"enemies":"Large Slime","floor":8,"turns":6},{"damage":26,"enemies":"3 Sentries","floor":11,"turns":10},{"damage":1,"enemies":"3 Louse","floor":13,"turns":4},{"damage":0,"enemies":"Exordium Wildlife","floor":14,"turns":2},{"damage":14,"enemies":"Slime Boss","floor":16,"turns":7},{"damage":15,"enemies":"Spheric Guardian","floor":18,"turns":4},{"damage":16,"enemies":"Shell Parasite","floor":21,"turns":4},{"damage":11,"enemies":"Centurion and Healer","floor":22,"turns":3},{"damage":2,"enemies":"Gremlin Leader","floor":24,"turns":7},{"damage":17,"enemies":"Shelled Parasite and Fungi","floor":25,"turns":3},{"damage":11,"enemies":"Slavers","floor":27,"turns":5},{"damage":3,"enemies":"Sentry and Sphere","floor":29,"turns":6},{"damage":0,"enemies":"3 Cultists","floor":31,"turns":3},{"damage":33,"enemies":"Champ","floor":33,"turns":13},{"damage":7,"enemies":"3 Darklings","floor":35,"turns":3},{"damage":2,"enemies":"Orb Walker","floor":36,"turns":2},{"damage":17,"enemies":"Writhing Mass","floor":38,"turns":7},{"damage":1,"enemies":"3 Darklings","floor":39,"turns":4},{"damage":25,"enemies":"Giant Head","floor":42,"turns":8},{"damage":31,"enemies":"Reptomancer","floor":47,"turns":6},{"damage":24,"enemies":"Time Eater","floor":50,"turns":5}],"seed_played":"-7044837776119910500","potions_obtained":[{"floor":1,"key":"Fire Potion"},{"floor":2,"key":"FearPotion"},{"floor":14,"key":"AttackPotion"},{"floor":18,"key":"Fruit Juice"},{"floor":19,"key":"Fire Potion"},{"floor":19,"key":"FearPotion"},{"floor":27,"key":"GhostInAJar"},{"floor":31,"key":"LiquidBronze"},{"floor":36,"key":"Energy Potion"},{"floor":47,"key":"SmokeBomb"}],"is_trial":false,"path_per_floor":["M","?","M","M","M","E","R","M","T","R","E","R","M","M","R","B",null,"M","?","$","M","M","R","E","M","T","E","$","M","R","M","R","B",null,"M","M","$","M","M","R","$","E","T","R","?","R","E","?","R","B"],"character_chosen":"THE_SILENT","items_purchased":["Pocketwatch","Escape Plan","Finesse","Noxious Fumes","PiercingWail","Noxious Fumes"],"campfire_rested":7,"item_purchase_floors":[20,20,20,28,37,37],"current_hp_per_floor":[59,59,59,59,59,24,24,16,16,35,9,28,27,27,27,13,53,38,43,43,27,16,37,35,18,18,7,7,4,25,25,46,13,57,50,48,48,31,30,30,30,5,5,26,26,47,16,16,16,0],"gold":0,"neow_bonus":"THREE_ENEMY_KILL","is_prod":false,"is_daily":false,"chose_seed":false,"campfire_upgraded":3,"win_rate":0,"timestamp":1557181396,"path_taken":["M","?","?","M","M","E","R","M","T","R","E","R","M","M","R","BOSS","M","?","$","M","M","R","E","?","T","E","?","M","R","M","R","BOSS","M","M","$","M","M","R","?","E","T","R","?","R","E","?","R","BOSS"],"build_version":"2019-01-23","purchased_purges":2,"victory":false,"max_hp_per_floor":[66,66,66,66,66,66,66,66,66,66,66,66,66,66,66,66,66,66,71,71,71,71,71,71,71,71,71,71,71,71,71,71,71,71,71,71,71,71,71,71,71,71,71,71,71,71,71,71,71,71],"card_choices":[{"not_picked":["Underhanded Strike","Acrobatics","Bane"],"picked":"SKIP","floor":1},{"not_picked":["Outmaneuver","Backflip"],"picked":"Predator","floor":3},{"not_picked":["Dodge and Roll","Riddle With Holes"],"picked":"Quick Slash","floor":4},{"not_picked":["Skewer","Acrobatics","Dodge and Roll"],"picked":"SKIP","floor":5},{"not_picked":["Deadly Poison","Backflip"],"picked":"Crippling Poison","floor":6},{"not_picked":["Expertise","Deflect","Underhanded Strike"],"picked":"SKIP","floor":8},{"not_picked":["Reflex","Slice"],"picked":"Backstab","floor":11},{"not_picked":["Reflex","Blade Dance","Underhanded Strike"],"picked":"SKIP","floor":13},{"not_picked":["Backflip","Setup"],"picked":"Glass Knife","floor":14},{"not_picked":["Grand Finale","Night Terror"],"picked":"Burst","floor":16},{"not_picked":["Skewer","Slice"],"picked":"Poisoned Stab+1","floor":18},{"not_picked":["Distraction+1","Prepared+1"],"picked":"Backstab+1","floor":21},{"not_picked":["Blade Dance","Flying Knee"],"picked":"Leg Sweep+1","floor":22},{"not_picked":["Dodge and Roll","Skewer"],"picked":"Deflect+1","floor":24},{"not_picked":["Terror","Bane+1","Dagger Throw"],"picked":"SKIP","floor":25},{"not_picked":["Endless Agony","Outmaneuver","Flying Knee"],"picked":"SKIP","floor":27},{"not_picked":["Deflect","Masterful Stab"],"picked":"Expertise+1","floor":29},{"not_picked":["Underhanded Strike","Flying Knee+1","Dagger Throw"],"picked":"SKIP","floor":31},{"not_picked":["Quick Slash","Terror"],"picked":"Backflip","floor":35},{"not_picked":["Flying Knee+1","Slice","Poisoned Stab"],"picked":"SKIP","floor":36},{"not_picked":["Endless Agony","Bane"],"picked":"Cloak And Dagger","floor":38},{"not_picked":["Setup","Underhanded Strike"],"picked":"PiercingWail","floor":39},{"not_picked":["Distraction","Predator","Dagger Spray"],"picked":"SKIP","floor":42},{"not_picked":["Distraction+1","Leg Sweep"],"picked":"Footwork","floor":47}],"player_experience":828341,"relics_obtained":[{"floor":6,"key":"MawBank"},{"floor":9,"key":"Paper Crane"},{"floor":11,"key":"Bottled Flame"},{"floor":24,"key":"The Courier"},{"floor":27,"key":"Bag of Preparation"},{"floor":42,"key":"Molten Egg 2"},{"floor":43,"key":"Dodecahedron"},{"floor":47,"key":"Smiling Mask"}],"event_choices":[{"damage_healed":0,"gold_gain":0,"player_choice":"Bought 1 Potion","damage_taken":0,"max_hp_gain":0,"max_hp_loss":0,"event_name":"The Woman in Blue","floor":2,"gold_loss":0},{"damage_healed":0,"gold_gain":0,"player_choice":"Got Potions","damage_taken":0,"max_hp_gain":0,"max_hp_loss":0,"event_name":"Lab","floor":19,"gold_loss":0},{"damage_healed":0,"gold_gain":0,"player_choice":"Ignored","damage_taken":0,"max_hp_gain":0,"max_hp_loss":0,"event_name":"Mysterious Sphere","floor":45,"gold_loss":0},{"damage_healed":0,"gold_gain":0,"player_choice":"Paid","damage_taken":0,"relics_obtained":["Red Mask"],"max_hp_gain":0,"max_hp_loss":0,"event_name":"Tomb of Lord Red Mask","floor":48,"gold_loss":77}],"is_beta":false,"boss_relics":[{"not_picked":["Lizard Tail","Empty Cage"],"picked":"Pandora\u0027s Box"},{"not_picked":["HoveringKite","Philosopher\u0027s Stone"],"picked":"Runic Pyramid"}],"items_purged_floors":[28,37],"is_endless":false,"potions_floor_spawned":[1,4,5,14,18,22,27,31,33,36,38,47],"killed_by":"Time Eater","ascension_level":20}