{"gold_per_floor":[108,108,127,141,141,141,168,168,230,241,254,254],"floor_reached":12,"playtime":130,"items_purged":[],"score":232,"play_id":"6b7a0a7c-160d-4663-b0ca-ef44438bfade","local_time":"20190828010937","is_ascension_mode":true,"campfire_choices":[{"data":"Neutralize","floor":6,"key":"SMITH"},{"data":"Survivor","floor":8,"key":"SMITH"}],"neow_cost":"NONE","seed_source_timestamp":214459720197815,"circlet_count":0,"master_deck":["Strike_G","Strike_G","Strike_G","Strike_G","Strike_G","Defend_G","Defend_G","Defend_G","Defend_G","Survivor+1","Neutralize+1","AscMod:ascendersbane","Leg Sweep"],"relics":["Ring of the Snake","NeowsBlessing","Snake Skull","Ancient Tea Set","Blue Candle"],"potions_floor_usage":[11],"damage_taken":[{"damage":0,"enemies":"Jaw Worm","floor":1,"turns":1},{"damage":0,"enemies":"Small Slimes","floor":4,"turns":1},{"damage":0,"enemies":"Lagavulin","floor":7,"turns":1},{"damage":2,"enemies":"2 Louse","floor":10,"turns":3},{"damage":21,"enemies":"Exordium Thugs","floor":11,"turns":6},{"damage":0,"enemies":"3 Sentries","floor":12,"turns":1}],"seed_played":"-3123246841722759051","potions_obtained":[{"floor":1,"key":"SpeedPotion"},{"floor":10,"key":"AttackPotion"}],"is_trial":false,"path_per_floor":["M","?","T","M","?","R","E","R","T","M","M","E"],"character_chosen":"THE_SILENT","items_purchased":[],"campfire_rested":0,"item_purchase_floors":[],"current_hp_per_floor":[59,59,59,59,52,52,52,52,52,50,29,29],"gold":254,"neow_bonus":"THREE_ENEMY_KILL","is_prod":false,"is_daily":false,"chose_seed":false,"campfire_upgraded":2,"win_rate":0,"timestamp":1566929377,"path_taken":["M","?","?","M","?","R","E","R","T","M","?","E"],"build_version":"2019-07-17","purchased_purges":0,"victory":false,"max_hp_per_floor":[66,66,66,66,66,66,66,66,66,66,66,66],"card_choices":[{"not_picked":["Dodge and Roll","Terror","Quick Slash"],"picked":"SKIP","floor":1},{"not_picked":["Sucker Punch","Flying Knee","Distraction"],"picked":"SKIP","floor":4},{"not_picked":["Setup","Blur","Flying Knee"],"picked":"SKIP","floor":7},{"not_picked":["Slice","Deflect"],"picked":"Leg Sweep","floor":10},{"not_picked":["Sucker Punch","Concentrate","Dagger Throw"],"picked":"SKIP","floor":11}],"player_experience":1100261,"relics_obtained":[{"floor":3,"key":"Snake Skull"},{"floor":7,"key":"Ancient Tea Set"},{"floor":9,"key":"Blue Candle"}],"event_choices":[{"damage_healed":0,"gold_gain":0,"player_choice":"Ignored","damage_taken":0,"max_hp_gain":0,"max_hp_loss":0,"event_name":"Liars Game","floor":2,"gold_loss":0},{"cards_removed":["Defend_G"],"damage_healed":0,"gold_gain":0,"player_choice":"Card Removal","damage_taken":7,"max_hp_gain":0,"max_hp_loss":0,"event_name":"Golden Wing","floor":5,"gold_loss":0}],"is_beta":false,"boss_relics":[],"items_purged_floors":[],"is_endless":false,"potions_floor_spawned":[1,10],"killed_by":"3 Sentries","ascension_level":25}