{"gold_per_floor":[119,134,14,24,36,63,63,93,93,108,135,154,154,174,174,269,269,283,296,308,308,308,308,324,324,324,349,15,25,42,58,58,58],"floor_reached":33,"playtime":1743,"items_purged":[],"score":377,"play_id":"4398479a-d03e-4230-b6e5-baa09153e749","local_time":"20190928101237","is_ascension_mode":true,"campfire_choices":[{"floor":7,"key":"REST"},{"floor":15,"key":"REST"},{"floor":23,"key":"REST"},{"floor":25,"key":"REST"},{"floor":32,"key":"REST"}],"neow_cost":"NONE","seed_source_timestamp":1364548626223100,"circlet_count":0,"master_deck":["Strike_B","Strike_B","Strike_B","Defend_B","Defend_B","Defend_B","Defend_B","Zap","Dualcast","Darkness","Gash","Go for the Eyes","Defragment","Barrage","Lockon","Tempest+1","Gash","Conserve Battery","Genetic Algorithm","Gash","Biased Cognition","Loop","Echo Form","Skim","Streamline","BootSequence+1","Writhe","Ball Lightning+1","Echo Form+1","Reprogram","Redo","Melter+1","Consume"],"relics":["Fusion Hammer","Shuriken","Incense Burner","Mango","FossilizedHelix","Nuclear Battery","Bronze Scales","Frozen Egg 2","Letter Opener","WingedGreaves"],"potions_floor_usage":[19,27,29,33],"damage_taken":[{"damage":7,"enemies":"2 Louse","floor":1,"turns":3},{"damage":1,"enemies":"Cultist","floor":2,"turns":3},{"damage":0,"enemies":"Small Slimes","floor":4,"turns":3},{"damage":13,"enemies":"3 Louse","floor":5,"turns":4},{"damage":0,"enemies":"Lagavulin","floor":6,"turns":4},{"damage":16,"enemies":"3 Sentries","floor":8,"turns":5},{"damage":10,"enemies":"Exordium Thugs","floor":10,"turns":4},{"damage":8,"enemies":"Lagavulin","floor":11,"turns":5},{"damage":6,"enemies":"2 Fungi Beasts","floor":12,"turns":3},{"damage":2,"enemies":"Red Slaver","floor":14,"turns":3},{"damage":35,"enemies":"Hexaghost","floor":16,"turns":5},{"damage":28,"enemies":"2 Thieves","floor":18,"turns":3},{"damage":0,"enemies":"Spheric Guardian","floor":19,"turns":3},{"damage":19,"enemies":"Cultist and Chosen","floor":20,"turns":8},{"damage":0,"enemies":"Centurion and Healer","floor":24,"turns":4},{"damage":28,"enemies":"Book of Stabbing","floor":27,"turns":5},{"damage":39,"enemies":"3 Cultists","floor":29,"turns":6},{"damage":29,"enemies":"Cultist and Chosen","floor":30,"turns":6},{"damage":0,"enemies":"Sentry and Sphere","floor":31,"turns":3},{"damage":62,"enemies":"Collector","floor":33,"turns":5}],"seed_played":"6954278609565435188","potions_obtained":[{"floor":1,"key":"FearPotion"},{"floor":8,"key":"Swift Potion"},{"floor":10,"key":"EssenceOfSteel"},{"floor":12,"key":"SteroidPotion"},{"floor":18,"key":"FairyPotion"},{"floor":19,"key":"Fire Potion"},{"floor":31,"key":"Dexterity Potion"}],"is_trial":false,"path_per_floor":["M","M","$","M","M","E","R","E","T","M","E","M","?","M","R","B",null,"M","M","M","?","?","R","M","R","T","E","$","M","M","M","R","B"],"character_chosen":"DEFECT","items_purchased":["Go for the Eyes","Defragment","WingedGreaves","Reprogram"],"campfire_rested":5,"item_purchase_floors":[3,3,28,28],"current_hp_per_floor":[68,67,67,67,54,54,75,59,73,63,55,49,49,47,73,38,89,61,61,42,42,42,68,68,89,89,61,61,22,7,7,33,0],"gold":58,"neow_bonus":"BOSS_RELIC","is_prod":false,"is_daily":false,"chose_seed":false,"campfire_upgraded":0,"win_rate":0,"timestamp":1569679957,"path_taken":["M","M","$","M","M","E","R","E","T","M","E","M","?","?","R","BOSS","M","M","M","?","?","R","M","R","T","E","$","M","M","?","R","BOSS"],"build_version":"2019-07-17","purchased_purges":0,"victory":false,"max_hp_per_floor":[75,75,75,75,75,75,75,75,89,89,89,89,89,89,89,89,89,89,89,89,89,89,89,89,89,89,89,89,89,89,89,89,89],"card_choices":[{"not_picked":["Reinforced Body","Steam"],"picked":"Darkness","floor":1},{"not_picked":["Conserve Battery","Coolheaded"],"picked":"Gash","floor":2},{"not_picked":["Recycle","Chill"],"picked":"Barrage","floor":4},{"not_picked":["Rebound","Coolheaded"],"picked":"Lockon","floor":5},{"not_picked":["Scrape","Cold Snap"],"picked":"Tempest","floor":6},{"not_picked":["Barrage","Chill"],"picked":"Gash","floor":8},{"not_picked":["Coolheaded","Leap"],"picked":"Conserve Battery","floor":10},{"not_picked":["Aggregate","Leap"],"picked":"Genetic Algorithm","floor":11},{"not_picked":["Darkness","Static Discharge"],"picked":"Gash","floor":12},{"not_picked":["Cold Snap","Storm"],"picked":"Loop","floor":14},{"not_picked":["Thunder Strike","Fission"],"picked":"Echo Form","floor":16},{"not_picked":["Tempest","Steam+1"],"picked":"Skim","floor":18},{"not_picked":["Ball Lightning","Stack"],"picked":"Streamline","floor":19},{"not_picked":["Cold Snap","Stack"],"picked":"BootSequence+1","floor":20},{"not_picked":["Undo","Skim"],"picked":"Ball Lightning+1","floor":24},{"not_picked":["Stack","FTL"],"picked":"Echo Form+1","floor":27},{"not_picked":["Darkness","Ball Lightning"],"picked":"Redo","floor":29},{"not_picked":["Sweeping Beam","Beam Cell"],"picked":"Melter+1","floor":30},{"not_picked":["Gash","Redo"],"picked":"Consume","floor":31}],"player_experience":163926,"relics_obtained":[{"floor":6,"key":"Shuriken"},{"floor":8,"key":"Incense Burner"},{"floor":9,"key":"Mango"},{"floor":11,"key":"FossilizedHelix"},{"floor":26,"key":"Frozen Egg 2"},{"floor":27,"key":"Letter Opener"}],"event_choices":[{"damage_healed":0,"gold_gain":0,"cards_transformed":["Strike_B"],"player_choice":"Transformed","damage_taken":0,"max_hp_gain":0,"max_hp_loss":0,"event_name":"Transmorgrifier","floor":13,"gold_loss":0,"cards_obtained":["Biased Cognition"]},{"damage_healed":0,"gold_gain":0,"player_choice":"Opened","damage_taken":0,"relics_obtained":["Bronze Scales"],"max_hp_gain":0,"max_hp_loss":0,"event_name":"The Mausoleum","floor":21,"gold_loss":0,"cards_obtained":["Writhe"]},{"damage_healed":0,"gold_gain":0,"player_choice":"Forge","damage_taken":0,"max_hp_gain":0,"max_hp_loss":0,"event_name":"Accursed Blacksmith","floor":22,"gold_loss":0,"cards_upgraded":["Tempest"]}],"is_beta":false,"boss_relics":[{"not_picked":["Pandora\u0027s Box","Coffee Dripper"],"picked":"Nuclear Battery"}],"items_purged_floors":[],"is_endless":false,"potions_floor_spawned":[1,8,10,12,14,18,19,31],"killed_by":"Collector","ascension_level":2}