{"gold_per_floor":[114,114,114,129,179,209,209,181,231,2,32,47,77,202,202,302,302,317,367,382,397,451,481,496,526,551,581,596,569,50,65,65,165,165,180,195,210,482,532,562,562,577,577,627,0,0,15,45,45,45],"floor_reached":51,"playtime":1769,"items_purged":[],"score":1783,"play_id":"24c69b46-d87e-4d84-84fe-a5b40fb676a1","local_time":"20180716141435","daily_mods":["Brewmaster","Cursed Run","Hoarder"],"is_ascension_mode":false,"campfire_choices":[{"data":"Neutralize","floor":7,"key":"SMITH"},{"data":"Skewer","floor":15,"key":"SMITH"},{"data":"Backstab","floor":32,"key":"SMITH"},{"data":"Mind Blast","floor":41,"key":"SMITH"},{"data":"Mind Blast","floor":46,"key":"SMITH"},{"data":"Backstab","floor":49,"key":"SMITH"}],"neow_cost":"","seed_source_timestamp":0,"circlet_count":0,"master_deck":["Defend_G","Defend_G","Defend_G","Defend_G","Defend_G","Strike_G","Strike_G","Strike_G","Strike_G","Strike_G","Survivor","Neutralize+1","Venomology","Venomology","Venomology","Venomology","Venomology","Venomology","Venomology","Venomology","Venomology","Venomology","Venomology","Venomology","Venomology","Venomology","Venomology","Flying Knee","Flying Knee","Flying Knee","Blur","Blur","Blur","Regret","Regret","Regret","Skewer+1","Skewer","Skewer","Blur","Blur","Blur","Regret","Regret","Regret","Noxious Fumes","Noxious Fumes","Noxious Fumes","Acrobatics","Acrobatics","Acrobatics","Footwork","Footwork","Footwork","Parasite","Parasite","Parasite","After Image","After Image","After Image","Backstab+1","Backstab","Backstab","Acrobatics","Acrobatics","Acrobatics","Distraction","Distraction","Distraction","PiercingWail","PiercingWail","PiercingWail","Footwork","Footwork","Footwork","Prepared","Prepared","Prepared","PiercingWail","PiercingWail","PiercingWail","Dagger Throw","Dagger Throw","Dagger Throw","Injury","Injury","Injury","Dagger Spray","Dagger Spray","Dagger Spray","Finisher","Finisher","Finisher","J.A.X.","J.A.X.","J.A.X.","Backstab","Backstab","Backstab+1","Outmaneuver","Outmaneuver","Outmaneuver","Parasite","Parasite","Parasite","Envenom","Envenom","Envenom","Dagger Spray+1","Dagger Spray+1","Dagger Spray+1","Predator+1","Predator+1","Predator+1","Noxious Fumes","Noxious Fumes","Noxious Fumes","Mind Blast+1","Mind Blast","Mind Blast+1","Dark Shackles","Dark Shackles","Dark Shackles","Flash of Steel","Flash of Steel","Flash of Steel","Well Laid Plans+1","Well Laid Plans+1","Well Laid Plans+1","Dagger Throw+1","Dagger Throw+1","Dagger Throw+1","Decay","Decay","Decay","Flying Knee","Flying Knee","Flying Knee","Dash","Dash","Dash","Deflect","Deflect","Deflect","Reflex","Reflex","Reflex","Accuracy","Accuracy","Accuracy","Deflect+1","Deflect+1","Deflect+1","Quick Slash","Quick Slash","Quick Slash","Shame","Shame","Shame"],"special_seed":17728,"relics":["Cursed Key","Darkstone Periapt","Du-Vu Doll","White Beast Statue","Dodecahedron","SsserpentHead","Potion Belt","Boot","Orichalcum","Juzu Bracelet","Shovel","Gremlin Horn","Black Star","Red Mask","Bag of Preparation","Art of War","Centennial Puzzle","Oddly Smooth Stone","Snake Skull","Matryoshka","Ornamental Fan","Bag of Marbles","Incense Burner","Lizard Tail","Blood Vial","Anchor","Question Card","Vajra","Shuriken","Pen Nib","Happy Flower"],"potions_floor_usage":[1,1,1,4,4,4,6,6,6,6,6,6,6,6,6,6,6,6,11,11,11,13,13,16,16,16,16,16,16,16,16,16,16,16,16,16,16,18,18,18,18,18,18,18,18,20,20,20,20,21,21,21,21,22,22,22,23,23,24,24,24,24,25,25,25,25,25,25,27,27,27,27,33,37,42,42,42,42,50,50,50,50],"damage_taken":[{"damage":0,"enemies":"Jaw Worm","floor":1,"turns":3},{"damage":0,"enemies":"2 Louse","floor":4,"turns":2},{"damage":6,"enemies":"Lagavulin","floor":6,"turns":7},{"damage":0,"enemies":"Gremlin Nob","floor":11,"turns":2},{"damage":0,"enemies":"Cultist","floor":12,"turns":1},{"damage":0,"enemies":"Lagavulin","floor":13,"turns":2},{"damage":8,"enemies":"Hexaghost","floor":16,"turns":8},{"damage":6,"enemies":"Shell Parasite","floor":18,"turns":4},{"damage":1,"enemies":"3 Byrds","floor":20,"turns":3},{"damage":11,"enemies":"Centurion and Healer","floor":21,"turns":3},{"damage":0,"floor":22,"turns":2},{"damage":0,"enemies":"Slavers","floor":23,"turns":6},{"damage":0,"enemies":"Snake Plant","floor":24,"turns":2},{"damage":20,"enemies":"Book of Stabbing","floor":25,"turns":6},{"damage":0,"enemies":"Gremlin Leader","floor":27,"turns":4},{"damage":3,"enemies":"Sentry and Sphere","floor":28,"turns":3},{"damage":0,"enemies":"3 Cultists","floor":31,"turns":1},{"damage":0,"enemies":"Collector","floor":33,"turns":1},{"damage":0,"enemies":"Orb Walker","floor":35,"turns":1},{"damage":0,"enemies":"Flame Bruiser 1 Orb","floor":36,"turns":1},{"damage":0,"enemies":"Maw","floor":37,"turns":2},{"damage":0,"enemies":"2 Orb Walkers","floor":40,"turns":1},{"damage":3,"enemies":"Transient","floor":42,"turns":5},{"damage":0,"enemies":"3 Darklings","floor":47,"turns":1},{"damage":0,"enemies":"Giant Head","floor":48,"turns":1},{"damage":1,"enemies":"Awakened One","floor":50,"turns":4}],"seed_played":"-2205032152784244808","potions_obtained":[{"floor":1,"key":"Strength Potion"},{"floor":6,"key":"Dexterity Potion"},{"floor":11,"key":"Block Potion"},{"floor":13,"key":"SneckoOil"},{"floor":16,"key":"Fruit Juice"},{"floor":18,"key":"Dexterity Potion"},{"floor":20,"key":"EssenceOfSteel"},{"floor":24,"key":"Swift Potion"},{"floor":25,"key":"PowerPotion"},{"floor":33,"key":"SneckoOil"},{"floor":35,"key":"Strength Potion"},{"floor":36,"key":"SteroidPotion"},{"floor":42,"key":"Block Potion"}],"is_trial":false,"path_per_floor":["M","?","?","M","?","E","R","$","T","$","E","M","E","?","R","B",null,"M","?","M","M","?","E","M","E","T","E","M","?","$","M","R","B",null,"M","M","M","?","?","E","R","M","T","?","$","R","M","E","R","B"],"character_chosen":"THE_SILENT","items_purchased":["Blur","Juzu Bracelet","Noxious Fumes","Bag of Marbles","Backstab","Incense Burner","Flying Knee","Dash","Deflect","Shuriken","GhostInAJar","GhostInAJar","Reflex","Accuracy"],"campfire_rested":0,"item_purchase_floors":[8,10,10,30,30,30,45,45,45,45,45,45,45,45],"current_hp_per_floor":[70,67,67,67,73,76,76,76,82,82,82,82,82,71,71,69,88,87,87,86,75,75,75,75,67,73,73,70,70,70,70,70,76,105,105,105,105,105,95,95,95,94,100,100,100,100,102,104,104,111],"gold":45,"neow_bonus":"","is_prod":false,"is_daily":true,"chose_seed":false,"campfire_upgraded":6,"win_rate":0,"timestamp":1531725275,"path_taken":["M","?","?","M","?","E","R","?","T","$","E","M","E","?","R","BOSS","M","?","M","M","?","E","M","E","T","E","M","?","$","M","R","BOSS","M","M","M","?","?","E","R","M","T","?","?","R","M","E","R","BOSS"],"build_version":"2018-07-13","purchased_purges":0,"victory":true,"max_hp_per_floor":[70,70,70,70,76,76,76,76,82,82,82,82,82,82,82,88,88,93,93,93,93,93,93,93,93,99,99,99,99,99,99,99,105,105,105,105,105,105,105,105,105,105,111,111,111,111,111,111,111,117],"card_choices":[{"not_picked":["Expertise","Slice"],"picked":"Flying Knee","floor":1},{"not_picked":["Quick Slash","Footwork"],"picked":"Blur","floor":4},{"not_picked":["Footwork","Finisher"],"picked":"Skewer","floor":6},{"not_picked":["Poisoned Stab","Masterful Stab","Bane"],"picked":"SKIP","floor":11},{"not_picked":["Tactician","Slice"],"picked":"Acrobatics","floor":12},{"not_picked":["Well Laid Plans","Predator"],"picked":"Footwork","floor":13},{"not_picked":["Envenom","Night Terror"],"picked":"After Image","floor":16},{"not_picked":["Quick Slash","Noxious Fumes"],"picked":"Backstab","floor":18},{"not_picked":["Bane","Deadly Poison"],"picked":"Distraction","floor":20},{"not_picked":["Endless Agony","Deadly Poison+1"],"picked":"PiercingWail","floor":21},{"not_picked":["Quick Slash","Terror"],"picked":"Footwork","floor":22},{"not_picked":["Footwork","Setup"],"picked":"Prepared","floor":23},{"not_picked":["Blur","Concentrate"],"picked":"PiercingWail","floor":24},{"not_picked":["Endless Agony","Unload"],"picked":"Dagger Throw","floor":25},{"not_picked":["Quick Slash","Slice+1"],"picked":"Dagger Spray","floor":27},{"not_picked":["Caltrops","Flechettes"],"picked":"Finisher","floor":28},{"not_picked":["Concentrate","Infinite Blades+1"],"picked":"Outmaneuver","floor":31},{"not_picked":["Tactician","Unload"],"picked":"Envenom","floor":33},{"not_picked":["Underhanded Strike","Dash"],"picked":"Dagger Spray+1","floor":35},{"not_picked":["Well Laid Plans+1","Concentrate+1"],"picked":"Predator+1","floor":36},{"not_picked":["Poisoned Stab","Masterful Stab"],"picked":"Noxious Fumes","floor":37},{"not_picked":["Secret Weapon","Trip"],"picked":"Mind Blast","floor":39},{"not_picked":["Purity","Sadistic Nature"],"picked":"Dark Shackles","floor":39},{"not_picked":["Blind","Apotheosis"],"picked":"Flash of Steel","floor":39},{"not_picked":["Dash","Poisoned Stab"],"picked":"Well Laid Plans+1","floor":40},{"not_picked":["Outmaneuver+1","Dagger Spray+1"],"picked":"Dagger Throw+1","floor":42},{"not_picked":["Poisoned Stab+1","Dagger Spray","Masterful Stab"],"picked":"Deflect+1","floor":47},{"not_picked":["Storm of Steel","Sucker Punch+1","Dagger Spray+1"],"picked":"Quick Slash","floor":48}],"player_experience":215848,"relics_obtained":[{"floor":6,"key":"Boot"},{"floor":9,"key":"Orichalcum"},{"floor":11,"key":"Shovel"},{"floor":13,"key":"Gremlin Horn"},{"floor":22,"key":"Red Mask"},{"floor":23,"key":"Bag of Preparation"},{"floor":23,"key":"Art of War"},{"floor":25,"key":"Centennial Puzzle"},{"floor":25,"key":"Oddly Smooth Stone"},{"floor":26,"key":"Snake Skull"},{"floor":27,"key":"Matryoshka"},{"floor":27,"key":"Ornamental Fan"},{"floor":40,"key":"Blood Vial"},{"floor":40,"key":"Anchor"},{"floor":43,"key":"Question Card"},{"floor":43,"key":"Vajra"},{"floor":48,"key":"Pen Nib"},{"floor":48,"key":"Happy Flower"}],"event_choices":[{"event_name":"Scrap Ooze","player_choice":"success","floor":2,"damage_taken":3},{"event_name":"FaceTrader","player_choice":"Trade","floor":3,"damage_taken":0},{"event_name":"Big Fish","player_choice":"Box","floor":5,"damage_taken":0},{"event_name":"World of Goop","player_choice":"Gather Gold","floor":14,"damage_taken":0},{"event_name":"The Library","player_choice":"Read","floor":19,"damage_taken":0},{"event_name":"Masked Bandits","player_choice":"Fought over 447 gold","floor":22,"damage_taken":0},{"event_name":"Drug Dealer","player_choice":"Got JAXXED","floor":29,"damage_taken":0},{"event_name":"Tomb of Lord Red Mask","player_choice":"Wore Mask","floor":38,"damage_taken":0},{"event_name":"SensoryStone","player_choice":"Memory 3","floor":39,"damage_taken":0},{"event_name":"Fountain of Cleansing","player_choice":"Ignored","floor":44,"damage_taken":0}],"boss_relics":[{"not_picked":["Tiny House","Snecko Eye"],"picked":"Black Star"},{"not_picked":["Sozu","Velvet Choker"],"picked":"Lizard Tail"}],"items_purged_floors":[],"is_endless":false,"potions_floor_spawned":[1,4,6,11,12,13,16,18,20,21,22,23,24,25,27,28,31,33,35,36,37,40,42,47,48],"ascension_level":0}