{"gold_per_floor":[114,114,114,125,136,136,151,180,480,500,525,551,563,607,619,631],"floor_reached":16,"playtime":4526,"items_purged":[],"score":196,"play_id":"9b87b4a1-16cf-445f-baf6-f2c3f7a267e4","local_time":"20190617210934","is_ascension_mode":true,"campfire_choices":[{"data":"Calculated Gamble","floor":6.0,"key":"SMITH"},{"floor":13.0,"key":"REST"},{"floor":15,"key":"REST"}],"neow_cost":"NONE","seed_source_timestamp":0,"circlet_count":0,"master_deck":["AscendersBane","Defend_G","Defend_G","Defend_G","Defend_G","Defend_G","Strike_G","Strike_G","Strike_G","Strike_G","Strike_G","Survivor","Neutralize","Calculated Gamble+1","Expertise","Predator","Terror","Catalyst","All Out Attack","Calculated Gamble"],"special_seed":0,"relics":["Ring of the Snake","The Courier","Old Coin","Tough Bandages","MawBank"],"potions_floor_usage":[16,16],"damage_taken":[{"damage":2.0,"enemies":"Cultist","floor":1.0,"turns":4.0},{"damage":1.0,"enemies":"2 Louse","floor":4.0,"turns":3.0},{"damage":1.0,"enemies":"Jaw Worm","floor":5.0,"turns":3.0},{"damage":3.0,"enemies":"2 Fungi Beasts","floor":7.0,"turns":3.0},{"damage":17.0,"enemies":"Gremlin Nob","floor":8.0,"turns":4.0},{"damage":10.0,"enemies":"Looter","floor":10.0,"turns":4.0},{"damage":27.0,"enemies":"Lagavulin","floor":11.0,"turns":6.0},{"damage":11.0,"enemies":"Gremlin Gang","floor":14.0,"turns":3.0},{"damage":50,"enemies":"Slime Boss","floor":16,"turns":9}],"seed_played":"3285008388688210106","potions_obtained":[{"floor":1.0,"key":"Poison Potion"},{"floor":10.0,"key":"Energy Potion"},{"floor":11.0,"key":"LiquidBronze"},{"floor":14,"key":"Poison Potion"}],"is_trial":false,"path_per_floor":["M","?","?","M","M","R","M","E","T","M","E","T","R","M","R","B"],"character_chosen":"THE_SILENT","items_purchased":[],"campfire_rested":2,"item_purchase_floors":[],"current_hp_per_floor":[63,63,68,67,66,66,63,46,46,36,9,9,32,21,44,0],"gold":631,"neow_bonus":"TEN_PERCENT_HP_BONUS","is_prod":false,"is_daily":false,"chose_seed":false,"campfire_upgraded":1,"win_rate":0,"timestamp":1560823774,"path_taken":["M","?","?","M","M","R","M","E","T","M","E","?","R","M","R","BOSS"],"build_version":"2019-01-23","purchased_purges":0,"victory":false,"max_hp_per_floor":[72,72,77,77,77,77,77,77,77,77,77,77,77,77,77,77],"card_choices":[{"not_picked":["Quick Slash","PiercingWail"],"picked":"Calculated Gamble","floor":1.0},{"not_picked":["Setup","Riddle With Holes"],"picked":"Expertise","floor":4.0},{"not_picked":["Dagger Throw","Slice"],"picked":"Predator","floor":5.0},{"not_picked":["Masterful Stab","Underhanded Strike"],"picked":"Terror","floor":7.0},{"not_picked":["Accuracy","Endless Agony","Underhanded Strike"],"picked":"SKIP","floor":8.0},{"not_picked":["Backstab","Slice"],"picked":"Catalyst","floor":10.0},{"not_picked":["Cloak And Dagger","Blade Dance"],"picked":"All Out Attack","floor":11.0},{"not_picked":["Poisoned Stab","Deadly Poison"],"picked":"Calculated Gamble","floor":14}],"player_experience":1327476,"relics_obtained":[{"floor":8.0,"key":"The Courier"},{"floor":9.0,"key":"Old Coin"},{"floor":11.0,"key":"Tough Bandages"},{"floor":12.0,"key":"MawBank"}],"event_choices":[{"damage_healed":0.0,"max_hp_gain":0.0,"max_hp_loss":0.0,"gold_gain":0.0,"event_name":"Liars Game","player_choice":"Ignored","floor":2.0,"gold_loss":0.0,"damage_taken":0.0},{"damage_healed":0.0,"max_hp_gain":5.0,"max_hp_loss":0.0,"gold_gain":0.0,"event_name":"Big Fish","player_choice":"Donut","floor":3.0,"gold_loss":0.0,"damage_taken":0.0}],"is_beta":false,"boss_relics":[],"items_purged_floors":[],"is_endless":false,"potions_floor_spawned":[1,10,11,14],"killed_by":"Slime Boss","ascension_level":15}