{"gold_per_floor":[144,27,27,72,117,207,252,427,427,427,517,517,562,685,685,985,985,1030,1030,1075,1120,1165,1255,1255,1345,1345,1390,1480,1525,1570,1615,1615,1915,1915,1960,1312,1312,1357,2356,2356,2446,1080,1080,1125,1215,1215,1215,0,0,0],"floor_reached":51,"playtime":1977,"items_purged":["Strike_B","Strike_B"],"score":1327,"play_id":"433a4e7d-2212-4151-ac57-2eb9ce6cbb0e","local_time":"20180805121903","daily_mods":["Specialized","Cursed Run","Midas"],"is_ascension_mode":false,"campfire_choices":[{"floor":12,"key":"REST"},{"floor":15,"key":"REST"},{"floor":24,"key":"REST"},{"floor":32,"key":"REST"},{"floor":40,"key":"REST"},{"floor":46,"key":"REST"},{"floor":49,"key":"REST"}],"neow_cost":"","seed_source_timestamp":0,"circlet_count":0,"master_deck":["Strike_B","Strike_B","Defend_B","Defend_B","Defend_B","Defend_B","Zap","Thunder Strike","Thunder Strike","Thunder Strike","Thunder Strike","Thunder Strike","Go for the Eyes","Trip","Leap","Regret","Reinforced Body","Beam Cell","White Noise","Steam","Doubt","Pain","Ball Lightning","Ball Lightning","Shame","Core Surge","Injury","Injury","Writhe","Auto Shields","Writhe","FTL","Sweeping Beam","Turbo","Shame","Ball Lightning","Stack","Steam+1","FTL","Hologram+1","Writhe","Buffer","BootSequence+1","FTL","Go for the Eyes","Ball Lightning","Normality","Normality","Ball Lightning+1","Auto Shields","Auto Shields","Go for the Eyes","Dramatic Entrance","Capacitor","Chaos","Scrape","The Bomb","Decay","Glacier+1","Steam","Reinforced Body","Deep Breath","Trip","Dark Shackles","Go for the Eyes+1","Injury"],"special_seed":17748,"relics":["Cursed Key","Darkstone Periapt","Du-Vu Doll","Emotion Chip","Thread and Needle","Anchor","Blue Candle","Lantern","Bag of Marbles","Calling Bell","Boot","Meat on the Bone","Nunchaku","Gremlin Horn","Ornamental Fan","Bottled Flame","Shuriken","Dream Catcher","Snecko Eye","Matryoshka","Vajra","Letter Opener","Gambling Chip","Sling","Strawberry","Art of War","Torii","Potion Belt","Red Mask"],"potions_floor_usage":[6,6,16,16,16,23,23,33,33,41,41,41,41,50,50,50,50],"damage_taken":[{"damage":0,"enemies":"2 Louse","floor":1,"turns":3},{"damage":2,"enemies":"Jaw Worm","floor":4,"turns":4},{"damage":5,"enemies":"Cultist","floor":5,"turns":3},{"damage":2,"enemies":"3 Sentries","floor":6,"turns":4},{"damage":12,"enemies":"Large Slime","floor":7,"turns":6},{"damage":21,"enemies":"Gremlin Nob","floor":11,"turns":4},{"damage":1,"enemies":"2 Fungi Beasts","floor":13,"turns":4},{"damage":4,"enemies":"3 Sentries","floor":14,"turns":5},{"damage":3,"enemies":"Slime Boss","floor":16,"turns":6},{"damage":2,"enemies":"Chosen","floor":18,"turns":4},{"damage":32,"enemies":"3 Byrds","floor":20,"turns":4},{"damage":6,"enemies":"Centurion and Healer","floor":21,"turns":5},{"damage":1,"enemies":"Snake Plant","floor":22,"turns":2},{"damage":1,"enemies":"Slavers","floor":23,"turns":4},{"damage":11,"enemies":"Gremlin Leader","floor":25,"turns":6},{"damage":0,"enemies":"Cultist and Chosen","floor":27,"turns":2},{"damage":32,"enemies":"Slavers","floor":28,"turns":4},{"damage":1,"enemies":"Chosen and Byrds","floor":29,"turns":3},{"damage":6,"enemies":"Slaver and Parasite","floor":30,"turns":5},{"damage":2,"enemies":"Snake Plant","floor":31,"turns":3},{"damage":63,"enemies":"Collector","floor":33,"turns":8},{"damage":2,"enemies":"Flame Bruiser 1 Orb","floor":35,"turns":2},{"damage":0,"enemies":"3 Shapes","floor":38,"turns":2},{"damage":1,"enemies":"2 Orb Walkers","floor":41,"turns":3},{"damage":1,"enemies":"Transient","floor":44,"turns":5},{"damage":1,"enemies":"Nemesis","floor":45,"turns":3},{"damage":11,"enemies":"Donu and Deca","floor":50,"turns":7}],"seed_played":"5740276892654429722","potions_obtained":[{"floor":1,"key":"SteroidPotion"},{"floor":4,"key":"AttackPotion"},{"floor":6,"key":"FearPotion"},{"floor":13,"key":"Energy Potion"},{"floor":14,"key":"Explosive Potion"},{"floor":18,"key":"PowerPotion"},{"floor":20,"key":"SkillPotion"},{"floor":25,"key":"PowerPotion"},{"floor":30,"key":"LiquidBronze"},{"floor":31,"key":"Weak Potion"},{"floor":33,"key":"SkillPotion"},{"floor":38,"key":"EntropicBrew"},{"floor":41,"key":"Ancient Potion"},{"floor":44,"key":"PowerPotion"},{"floor":45,"key":"Weak Potion"}],"is_trial":false,"path_per_floor":["M","$","?","M","M","E","M","?","T","?","E","R","M","?","R","B",null,"M","?","M","M","M","E","R","E","T","M","E","M","M","M","R","B",null,"M","$","?","M","?","R","E","$","T","M","E","R","?","?","R","B"],"character_chosen":"DEFECT","items_purchased":["Trip","Leap","FTL","Go for the Eyes","Matryoshka","Vajra","FearPotion","Auto Shields","Go for the Eyes","Gambling Chip","Sling","Strawberry","Dramatic Entrance","Capacitor","Chaos","Scrape","The Bomb"],"campfire_rested":7,"item_purchase_floors":[2,2,36,36,36,36,36,42,42,42,42,42,42,42,42,42,42],"current_hp_per_floor":[75,75,81,79,74,72,60,66,72,65,44,71,70,66,93,96,117,115,121,89,83,82,88,123,112,118,118,86,85,79,77,115,70,135,133,133,133,133,145,147,146,153,159,158,157,160,150,150,160,155],"gold":0,"neow_bonus":"","is_prod":false,"is_daily":true,"chose_seed":false,"campfire_upgraded":0,"win_rate":0,"timestamp":1533446343,"path_taken":["M","$","?","M","M","E","M","?","T","?","E","R","M","?","R","BOSS","M","?","M","M","M","E","R","E","T","M","E","M","M","M","R","BOSS","M","$","?","M","?","R","E","$","T","M","E","R","?","?","R","BOSS"],"build_version":"2018-08-01","purchased_purges":2,"victory":true,"max_hp_per_floor":[75,75,81,81,81,81,81,87,93,93,93,93,93,93,93,99,117,117,123,123,123,123,123,123,123,129,129,129,129,129,129,129,135,135,135,135,135,135,147,147,147,154,160,160,160,160,160,160,160,166],"card_choices":[{"not_picked":["Compile Driver","Cold Snap"],"picked":"Go for the Eyes","floor":1},{"not_picked":["Redo","Leap"],"picked":"Reinforced Body","floor":4},{"not_picked":["Lockon","Genetic Algorithm"],"picked":"Beam Cell","floor":5},{"not_picked":["Hologram","Redo"],"picked":"White Noise","floor":6},{"not_picked":["Redo","Seek"],"picked":"Steam","floor":7},{"not_picked":["Go for the Eyes","Heatsinks","Hologram"],"picked":"SKIP","floor":11},{"not_picked":["Turbo","Reinforced Body"],"picked":"Ball Lightning","floor":13},{"not_picked":["Compile Driver","Steam"],"picked":"Ball Lightning","floor":14},{"not_picked":["Multi-Cast","Reboot"],"picked":"Core Surge","floor":16},{"not_picked":["Go for the Eyes","Loop+1"],"picked":"Auto Shields","floor":18},{"not_picked":["Sweeping Beam","Glacier"],"picked":"FTL","floor":20},{"not_picked":["Beam Cell+1","Undo"],"picked":"Sweeping Beam","floor":21},{"not_picked":["Rebound+1","Compile Driver+1","Cold Snap+1"],"picked":"SKIP","floor":22},{"not_picked":["FTL","Hologram","Scrape"],"picked":"SKIP","floor":23},{"not_picked":["Defragment","Redo"],"picked":"Turbo","floor":25},{"not_picked":["Coolheaded","Beam Cell","Biased Cognition"],"picked":"SKIP","floor":27},{"not_picked":["Conserve Battery","Skim"],"picked":"Ball Lightning","floor":28},{"not_picked":["Leap","Streamline"],"picked":"Stack","floor":29},{"not_picked":["Lockon","Force Field"],"picked":"Steam+1","floor":30},{"not_picked":["Sweeping Beam","Lockon"],"picked":"FTL","floor":31},{"not_picked":["Compile Driver+1","Thunder Strike"],"picked":"Hologram+1","floor":32},{"not_picked":["Thunder Strike","Core Surge"],"picked":"Buffer","floor":33},{"not_picked":["Rebound","Turbo+1"],"picked":"BootSequence+1","floor":35},{"not_picked":["Tempest+1","Compile Driver+1"],"picked":"Ball Lightning","floor":38},{"not_picked":["Redo","Sunder"],"picked":"Ball Lightning+1","floor":40},{"not_picked":["Chaos+1","Compile Driver"],"picked":"Auto Shields","floor":41},{"not_picked":["Sunder","Chaos"],"picked":"Glacier+1","floor":44},{"not_picked":["Rebound","Turbo+1"],"picked":"Steam","floor":45},{"not_picked":["Leap+1","Lockon+1"],"picked":"Reinforced Body","floor":46},{"not_picked":["Forethought","Swift Strike"],"picked":"Deep Breath","floor":47},{"not_picked":["Panacea","Panache"],"picked":"Trip","floor":47},{"not_picked":["Metamorphosis","Deep Breath"],"picked":"Dark Shackles","floor":47},{"not_picked":["Turbo+1","Beam Cell+1"],"picked":"Go for the Eyes+1","floor":49}],"player_experience":280006,"relics_obtained":[{"floor":6,"key":"Thread and Needle"},{"floor":9,"key":"Anchor"},{"floor":11,"key":"Lantern"},{"floor":14,"key":"Bag of Marbles"},{"floor":17,"key":"Boot"},{"floor":17,"key":"Meat on the Bone"},{"floor":17,"key":"Nunchaku"},{"floor":23,"key":"Ornamental Fan"},{"floor":25,"key":"Bottled Flame"},{"floor":26,"key":"Shuriken"},{"floor":28,"key":"Dream Catcher"},{"floor":41,"key":"Letter Opener"},{"floor":43,"key":"Art of War"},{"floor":43,"key":"Torii"},{"floor":45,"key":"Potion Belt"}],"event_choices":[{"event_name":"Big Fish","player_choice":"Box","floor":3,"damage_taken":0},{"event_name":"Liars Game","player_choice":"agreed","floor":8,"damage_taken":0},{"event_name":"Scrap Ooze","player_choice":"success","floor":10,"damage_taken":7},{"event_name":"Dead Adventurer","player_choice":"Searched \u00271\u0027 times","floor":14,"damage_taken":0},{"event_name":"The Mausoleum","player_choice":"Yes","floor":19,"damage_taken":0},{"event_name":"Falling","player_choice":"Removed Skill","floor":37,"damage_taken":0},{"event_name":"MindBloom","player_choice":"Gold","floor":39,"damage_taken":0},{"event_name":"SensoryStone","player_choice":"Memory 3","floor":47,"damage_taken":0},{"event_name":"Tomb of Lord Red Mask","player_choice":"Paid","floor":48,"damage_taken":0}],"is_beta":true,"boss_relics":[{"not_picked":["Inserter","Busted Crown"],"picked":"Calling Bell"},{"not_picked":["Eternal Feather","Philosopher\u0027s Stone"],"picked":"Snecko Eye"}],"items_purged_floors":[36,42],"is_endless":false,"potions_floor_spawned":[1,4,6,13,14,18,20,25,30,31,33,38,41,44,45],"ascension_level":0}