{"gold_per_floor":[119,119,44,219,169,169,69,69,118,173,173,48,78,102,102,206,206,218,218,15,15,25,25,55,68,93,93,93,121,46,59,59,159,159,175,87,0,0,27,52,52,106,106,118,130,152,164,176,188,200],"floor_reached":50,"playtime":1629,"items_purged":["Strike_R","Strike_R","Defend_R","Reckless Charge","Heavy Blade+1"],"score":840,"play_id":"4f54077c-9d31-4fe0-9c97-3cae3fb029b0","local_time":"20190824143501","is_ascension_mode":true,"campfire_choices":[{"data":"Bash","floor":6,"key":"SMITH"},{"data":"Defend_R","floor":8,"key":"SMITH"},{"data":"Rampage","floor":15,"key":"SMITH"},{"data":"Defend_R","floor":23,"key":"SMITH"},{"data":"Heavy Blade","floor":32,"key":"SMITH"},{"data":"Shockwave","floor":41,"key":"SMITH"},{"data":"Double Tap","floor":44,"key":"SMITH"},{"data":"Dark Shackles","floor":49,"key":"SMITH"}],"neow_cost":"NONE","seed_source_timestamp":64958062869400,"circlet_count":0,"master_deck":["Defend_R+1","Defend_R+1","Bash+1","Rampage+1","Double Tap+1","Regret","Shockwave+1","Clumsy","Doubt","Shrug It Off+1","Shame","Deep Breath","Dark Shackles+1"],"relics":["Burning Blood","NeowsBlessing","PreservedInsect","Tiny Chest","Strawberry","Bronze Scales","Sozu","Lantern","Membership Card","Meat on the Bone","Juzu Bracelet","Oddly Smooth Stone","Cursed Key","Red Mask","Bag of Preparation","Letter Opener","Orichalcum","MawBank","Bag of Marbles"],"potions_floor_usage":[24],"damage_taken":[{"damage":0,"enemies":"2 Louse","floor":1,"turns":1},{"damage":0,"enemies":"3 Sentries","floor":10,"turns":2},{"damage":0,"enemies":"Gremlin Nob","floor":13,"turns":1},{"damage":53,"enemies":"Hexaghost","floor":16,"turns":9},{"damage":14,"enemies":"Shell Parasite","floor":18,"turns":4},{"damage":0,"enemies":"3 Byrds","floor":22,"turns":3},{"damage":21,"enemies":"Book of Stabbing","floor":24,"turns":4},{"damage":32,"enemies":"Cultist and Chosen","floor":25,"turns":6},{"damage":22,"enemies":"Gremlin Leader","floor":29,"turns":4},{"damage":10,"enemies":"3 Cultists","floor":31,"turns":5},{"damage":32,"enemies":"Champ","floor":33,"turns":8},{"damage":2,"enemies":"Orb Walker","floor":35,"turns":2},{"damage":4,"enemies":"Giant Head","floor":40,"turns":5},{"damage":10,"enemies":"3 Darklings","floor":46,"turns":6},{"damage":82,"enemies":"Donu and Deca","floor":50,"turns":8}],"seed_played":"2456796664660398328","potions_obtained":[{"floor":10,"key":"Dexterity Potion"},{"floor":16,"key":"LiquidBronze"}],"is_trial":false,"path_per_floor":["M","?","$","?","?","R","$","R","T","E","?","$","E","T","R","B",null,"M","?","$","?","M","R","E","M","T","?","?","E","$","M","R","B",null,"M","$","?","?","T","E","R","T","T","R","?","M","T","?","R","B"],"character_chosen":"IRONCLAD","items_purchased":["Membership Card"],"campfire_rested":0,"item_purchase_floors":[20],"current_hp_per_floor":[78,62,62,62,62,62,62,62,62,68,68,68,81,81,81,34,74,66,66,66,66,72,72,57,43,43,43,43,39,39,47,47,33,74,78,78,78,78,78,80,80,80,80,80,80,76,76,66,66,0],"gold":200,"neow_bonus":"THREE_ENEMY_KILL","is_prod":false,"is_daily":false,"chose_seed":false,"campfire_upgraded":8,"win_rate":0,"timestamp":1566650101,"path_taken":["M","?","$","?","?","R","?","R","T","E","?","?","E","?","R","BOSS","M","?","?","?","?","R","E","M","T","?","?","E","$","M","R","BOSS","M","$","?","?","?","E","R","?","T","R","?","M","?","?","R","BOSS"],"build_version":"2019-07-17","purchased_purges":5,"victory":false,"max_hp_per_floor":[80,80,80,80,80,80,80,80,80,80,80,80,87,87,87,87,87,87,87,87,87,87,87,87,87,87,87,87,87,87,87,87,87,87,87,87,87,87,87,87,87,87,87,87,83,83,83,83,83,83],"card_choices":[{"not_picked":["Clash","Battle Trance","Anger"],"picked":"SKIP","floor":1},{"not_picked":["Burning Pact","Reckless Charge","Rampage"],"picked":"SKIP","floor":10},{"not_picked":["Clothesline","Thunderclap"],"picked":"Rampage","floor":13},{"not_picked":["Heavy Blade","Havoc","Sever Soul"],"picked":"SKIP","floor":18},{"not_picked":["Inflame","Perfected Strike+1","Anger"],"picked":"SKIP","floor":22},{"not_picked":["Armaments","Wild Strike+1","Whirlwind"],"picked":"SKIP","floor":24},{"not_picked":["Anger","Bloodletting","Sword Boomerang+1"],"picked":"SKIP","floor":25},{"not_picked":["Uppercut","Infernal Blade","Clothesline"],"picked":"SKIP","floor":29},{"not_picked":["Anger","Thunderclap","Wild Strike"],"picked":"SKIP","floor":31},{"not_picked":["Offering","Demon Form"],"picked":"Double Tap","floor":33},{"not_picked":["Armaments+1","Clash+1","Carnage"],"picked":"SKIP","floor":35},{"not_picked":["Perfected Strike","Corruption"],"picked":"Shockwave","floor":40},{"not_picked":["Armaments+1","Cleave+1"],"picked":"Shrug It Off+1","floor":46},{"not_picked":["PanicButton","Thinking Ahead"],"picked":"Deep Breath","floor":48},{"not_picked":["Blind","Good Instincts"],"picked":"Dark Shackles","floor":48}],"player_experience":334596,"relics_obtained":[{"floor":9,"key":"PreservedInsect"},{"floor":10,"key":"Tiny Chest"},{"floor":13,"key":"Strawberry"},{"floor":14,"key":"Bronze Scales"},{"floor":24,"key":"Meat on the Bone"},{"floor":26,"key":"Juzu Bracelet"},{"floor":29,"key":"Oddly Smooth Stone"},{"floor":39,"key":"Bag of Preparation"},{"floor":40,"key":"Letter Opener"},{"floor":42,"key":"Orichalcum"},{"floor":43,"key":"MawBank"},{"floor":47,"key":"Bag of Marbles"}],"event_choices":[{"damage_healed":0,"gold_gain":0,"player_choice":"Entered Light","damage_taken":16,"max_hp_gain":0,"max_hp_loss":0,"event_name":"Shining Light","floor":2,"gold_loss":0,"cards_upgraded":["Strike_R","Defend_R"]},{"damage_healed":0,"gold_gain":175,"player_choice":"AGREE","damage_taken":0,"max_hp_gain":0,"max_hp_loss":0,"event_name":"Liars Game","floor":4,"gold_loss":0,"cards_obtained":["Doubt"]},{"cards_removed":["Doubt"],"damage_healed":0,"gold_gain":0,"player_choice":"Card Removal","damage_taken":0,"max_hp_gain":0,"max_hp_loss":0,"event_name":"The Cleric","floor":5,"gold_loss":50},{"damage_healed":0,"gold_gain":0,"player_choice":"Searched \u00270\u0027 times","damage_taken":0,"max_hp_gain":0,"max_hp_loss":0,"event_name":"Dead Adventurer","floor":11,"gold_loss":0},{"damage_healed":0,"gold_gain":0,"player_choice":"Gave Potion","damage_taken":0,"relics_obtained":["Lantern"],"max_hp_gain":0,"max_hp_loss":0,"event_name":"WeMeetAgain","floor":19,"gold_loss":0},{"cards_removed":["Strike_R"],"damage_healed":0,"gold_gain":0,"player_choice":"Purged","damage_taken":0,"max_hp_gain":0,"max_hp_loss":0,"event_name":"Purifier","floor":21,"gold_loss":0},{"damage_healed":0,"gold_gain":0,"player_choice":"Ignored","damage_taken":0,"max_hp_gain":0,"max_hp_loss":0,"event_name":"Duplicator","floor":27,"gold_loss":0},{"damage_healed":0,"gold_gain":0,"cards_transformed":["Strike_R","Strike_R"],"player_choice":"Became Test Subject","damage_taken":0,"max_hp_gain":0,"max_hp_loss":0,"event_name":"Drug Dealer","floor":28,"gold_loss":0,"cards_obtained":["Heavy Blade","Reckless Charge"]},{"damage_healed":0,"gold_gain":0,"player_choice":"Paid","damage_taken":0,"relics_obtained":["Red Mask"],"max_hp_gain":0,"max_hp_loss":0,"event_name":"Tomb of Lord Red Mask","floor":37,"gold_loss":87},{"cards_removed":["Defend_R"],"damage_healed":0,"gold_gain":0,"player_choice":"Removed Skill","damage_taken":0,"max_hp_gain":0,"max_hp_loss":0,"event_name":"Falling","floor":38,"gold_loss":0},{"damage_healed":0,"gold_gain":0,"player_choice":"Max HP","damage_taken":0,"max_hp_gain":0,"max_hp_loss":4,"event_name":"Winding Halls","floor":45,"gold_loss":0},{"damage_healed":0,"gold_gain":0,"player_choice":"Memory 3","damage_taken":10,"max_hp_gain":0,"max_hp_loss":0,"event_name":"SensoryStone","floor":48,"gold_loss":0}],"is_beta":false,"boss_relics":[{"not_picked":["Black Blood","Black Star"],"picked":"Sozu"},{"not_picked":["Pandora\u0027s Box","Snecko Eye"],"picked":"Cursed Key"}],"items_purged_floors":[3,7,12,30,36],"is_endless":false,"potions_floor_spawned":[10,16,22,25,33,46],"killed_by":"Donu and Deca","ascension_level":7}