{"gold_per_floor":[215,232,250,260,260,287,287,320,320,353,10,43,43,43,43,43],"floor_reached":16,"playtime":741,"items_purged":[],"score":256,"play_id":"2312066f-9372-4b3f-a46f-615198f43857","local_time":"20190609135024","is_ascension_mode":true,"campfire_choices":[{"floor":7,"key":"REST"},{"data":"Combust","floor":13,"key":"SMITH"},{"data":"True Grit","floor":15,"key":"SMITH"}],"neow_cost":"NONE","seed_source_timestamp":1526186066554547,"circlet_count":0,"master_deck":["AscendersBane","Strike_R","Strike_R","Strike_R","Strike_R","Defend_R","Defend_R","Defend_R","Defend_R","Bash","Perfected Strike","Combust+1","Armaments","True Grit+1","Shrug It Off","Flame Barrier","Disarm","Perfected Strike","Rampage"],"relics":["Burning Blood","Happy Flower","Pear","Matryoshka","Bag of Marbles","Bronze Scales","Gremlin Horn"],"potions_floor_usage":[6,8,8,10,12,12],"damage_taken":[{"damage":1,"enemies":"Cultist","floor":1,"turns":3},{"damage":10,"enemies":"Small Slimes","floor":2,"turns":5},{"damage":0,"enemies":"2 Louse","floor":3,"turns":2},{"damage":24,"enemies":"Exordium Thugs","floor":4,"turns":5},{"damage":34,"enemies":"Gremlin Nob","floor":6,"turns":4},{"damage":21,"enemies":"3 Sentries","floor":8,"turns":7},{"damage":35,"enemies":"Gremlin Nob","floor":10,"turns":4},{"damage":24,"enemies":"3 Sentries","floor":12,"turns":6},{"damage":40,"enemies":"Slime Boss","floor":16,"turns":7}],"seed_played":"-2554435401648545537","potions_obtained":[{"floor":1,"key":"EssenceOfSteel"},{"floor":4,"key":"Swift Potion"},{"floor":6,"key":"Poison Potion"},{"floor":8,"key":"Regen Potion"}],"is_trial":false,"path_per_floor":["M","M","M","M","?","E","R","E","T","E","$","E","R","?","R","B"],"character_chosen":"IRONCLAD","items_purchased":["Strength Potion","Bronze Scales","Disarm","Regen Potion"],"campfire_rested":1,"item_purchase_floors":[11,11,11,11],"current_hp_per_floor":[73,69,75,57,62,34,58,53,53,36,36,32,32,32,32,0],"gold":43,"neow_bonus":"HUNDRED_GOLD","is_prod":false,"is_daily":false,"chose_seed":false,"campfire_upgraded":2,"win_rate":0,"timestamp":1560102624,"path_taken":["M","M","M","?","?","E","R","E","T","E","$","E","R","?","R","BOSS"],"build_version":"2019-01-23","purchased_purges":0,"victory":false,"max_hp_per_floor":[75,75,75,75,80,80,80,90,90,90,90,90,90,90,90,90],"card_choices":[{"not_picked":["Bloodletting","Seeing Red"],"picked":"Perfected Strike","floor":1},{"not_picked":["Flex","Havoc"],"picked":"Combust","floor":2},{"not_picked":["Searing Blow","Wild Strike","Rupture"],"picked":"SKIP","floor":3},{"not_picked":["Searing Blow","Havoc"],"picked":"Armaments","floor":4},{"not_picked":["Carnage","Cleave"],"picked":"True Grit","floor":6},{"not_picked":["Sever Soul","Intimidate"],"picked":"Shrug It Off","floor":8},{"not_picked":["Ghostly Armor","Clash"],"picked":"Flame Barrier","floor":10},{"not_picked":["Entrench","Wild Strike"],"picked":"Perfected Strike","floor":12}],"player_experience":915864,"relics_obtained":[{"floor":6,"key":"Happy Flower"},{"floor":8,"key":"Pear"},{"floor":9,"key":"Matryoshka"},{"floor":10,"key":"Bag of Marbles"},{"floor":12,"key":"Gremlin Horn"}],"event_choices":[{"damage_healed":0,"gold_gain":0,"player_choice":"Donut","damage_taken":0,"max_hp_gain":5,"max_hp_loss":0,"event_name":"Big Fish","floor":5,"gold_loss":0},{"damage_healed":0,"gold_gain":0,"cards_transformed":["Strike_R"],"player_choice":"Transformed","damage_taken":0,"max_hp_gain":0,"max_hp_loss":0,"event_name":"Transmorgrifier","floor":14,"gold_loss":0,"cards_obtained":["Rampage"]}],"is_beta":false,"boss_relics":[],"items_purged_floors":[],"is_endless":false,"potions_floor_spawned":[1,4,6,8],"killed_by":"Slime Boss","ascension_level":20}