{"gold_per_floor":[116,116,131,131,206,206,233,244,244,256,74,94,94,127,127,198,198,208,208,221,57,67,67,87,87,155,190,190,206,206,222,222,296,296,316,326,41,41,41,41,41,41,41,41,71,29,29,47,47,47],"floor_reached":50,"playtime":2097,"items_purged":["Decay"],"score":1121,"play_id":"3a9073b9-ef70-4cc9-b3e8-e1845e0159e8","local_time":"20190927094523","is_ascension_mode":true,"campfire_choices":[{"data":"Hemokinesis","floor":6,"key":"SMITH"},{"data":"Apotheosis","floor":13,"key":"SMITH"},{"data":"Disarm","floor":15,"key":"SMITH"},{"floor":23,"key":"REST"},{"data":"Immolate","floor":25,"key":"SMITH"},{"floor":32,"key":"REST"},{"floor":40,"key":"REST"},{"data":"Barricade","floor":42,"key":"SMITH"},{"floor":44,"key":"REST"},{"data":"Feel No Pain","floor":47,"key":"SMITH"},{"data":"Feel No Pain","floor":49,"key":"SMITH"}],"neow_cost":"NONE","seed_source_timestamp":896625563093900,"circlet_count":0,"master_deck":["AscendersBane","Strike_R+1","Strike_R+1","Strike_R","Strike_R","Strike_R","Defend_R","Defend_R","Defend_R","Defend_R","Bash+1","Disarm+1","Hemokinesis+1","Feel No Pain+1","Flame Barrier","Battle Trance","Apotheosis+1","True Grit","Barricade+1","Battle Trance","Feed+1","Sentinel","Shrug It Off","Battle Trance","Feel No Pain+1","Fiend Fire","Immolate+1","True Grit","True Grit","Immolate","Shrug It Off","Corruption+1","Master of Strategy","Power Through","Sentinel","Second Wind+1"],"relics":["Burning Blood","NeowsBlessing","Juzu Bracelet","Letter Opener","Prayer Wheel","Runic Dome","Orrery","Blue Candle","Nloth\u0027s Gift","Sozu","Meat on the Bone","Frozen Egg 2","Vajra"],"potions_floor_usage":[12,16,22,22,24,24,24,31,35,50],"damage_taken":[{"damage":0,"enemies":"Small Slimes","floor":1,"turns":1},{"damage":0,"enemies":"Cultist","floor":3,"turns":1},{"damage":0,"enemies":"3 Sentries","floor":7,"turns":1},{"damage":6,"enemies":"Jaw Worm","floor":8,"turns":3},{"damage":5,"enemies":"Looter","floor":10,"turns":4},{"damage":16,"enemies":"Large Slime","floor":12,"turns":7},{"damage":14,"enemies":"Lagavulin","floor":14,"turns":8},{"damage":20,"enemies":"The Guardian","floor":16,"turns":13},{"damage":10,"enemies":"Shell Parasite","floor":18,"turns":12},{"damage":0,"enemies":"Chosen","floor":20,"turns":10},{"damage":32,"enemies":"Shelled Parasite and Fungi","floor":22,"turns":10},{"damage":10,"enemies":"3 Cultists","floor":24,"turns":7},{"damage":35,"enemies":"Gremlin Leader","floor":27,"turns":4},{"damage":2,"enemies":"Snecko","floor":29,"turns":5},{"damage":19,"enemies":"Shelled Parasite and Fungi","floor":31,"turns":7},{"damage":32,"enemies":"Collector","floor":33,"turns":24},{"damage":8,"enemies":"3 Shapes","floor":35,"turns":9},{"damage":42,"enemies":"3 Darklings","floor":36,"turns":4},{"damage":0,"enemies":"Giant Head","floor":45,"turns":9},{"damage":0,"enemies":"Sphere and 2 Shapes","floor":48,"turns":1},{"damage":111,"enemies":"Time Eater","floor":50,"turns":19}],"seed_played":"202187401887588695","potions_obtained":[{"floor":1,"key":"Strength Potion"},{"floor":8,"key":"Regen Potion"},{"floor":14,"key":"SteroidPotion"},{"floor":16,"key":"EntropicBrew"},{"floor":27,"key":"GamblersBrew"},{"floor":33,"key":"Ancient Potion"}],"is_trial":false,"path_per_floor":["M","?","M","?","?","R","E","M","T","M","$","M","R","E","R","B",null,"M","$","M","$","M","R","M","R","T","E","?","M","?","M","R","B",null,"M","M","$","T","$","R","?","R","T","R","E","$","R","M","R","B"],"character_chosen":"IRONCLAD","items_purchased":["Apotheosis","Orrery","Master of Strategy","Sentinel"],"campfire_rested":4,"item_purchase_floors":[11,21,37,46],"current_hp_per_floor":[74,74,75,52,41,41,47,47,47,48,48,52,52,44,44,30,64,60,60,66,66,44,67,63,63,63,34,34,38,38,25,48,22,65,67,31,31,31,31,55,55,55,55,78,79,79,79,79,79,0],"gold":47,"neow_bonus":"THREE_ENEMY_KILL","is_prod":false,"is_daily":false,"chose_seed":false,"campfire_upgraded":7,"win_rate":0,"timestamp":1569602723,"path_taken":["M","?","?","?","?","R","E","M","T","M","$","M","R","E","R","BOSS","M","$","M","$","M","R","M","R","T","E","?","M","?","M","R","BOSS","M","M","$","?","$","R","?","R","T","R","E","$","R","M","R","BOSS"],"build_version":"2019-09-26","purchased_purges":1,"victory":false,"max_hp_per_floor":[75,75,75,75,75,75,75,75,75,75,75,75,75,75,75,75,75,75,75,75,75,79,79,79,79,79,79,79,79,79,79,79,79,79,83,83,83,83,83,83,79,79,79,79,79,79,79,79,79,79],"card_choices":[{"not_picked":["Flex","Clash"],"picked":"Disarm","floor":1},{"not_picked":["Combust","Body Slam"],"picked":"Hemokinesis","floor":3},{"not_picked":["Twin Strike","Whirlwind"],"picked":"Feel No Pain","floor":7},{"not_picked":["Anger","Rupture"],"picked":"Flame Barrier","floor":8},{"not_picked":["Sword Boomerang","Searing Blow"],"picked":"Battle Trance","floor":10},{"not_picked":["Rampage","Twin Strike","Thunderclap"],"picked":"SKIP","floor":12},{"not_picked":["Pommel Strike","Intimidate"],"picked":"True Grit","floor":14},{"not_picked":["Limit Break","Demon Form"],"picked":"Barricade","floor":16},{"not_picked":["Body Slam","Cleave"],"picked":"Battle Trance","floor":18},{"not_picked":["Clash","Clothesline","Armaments"],"picked":"SKIP","floor":18},{"not_picked":["Anger","Iron Wave+1"],"picked":"Feed","floor":20},{"not_picked":["Perfected Strike","Thunderclap"],"picked":"Sentinel","floor":20},{"not_picked":["Warcry","Pummel"],"picked":"Shrug It Off","floor":21},{"not_picked":["Pommel Strike","Iron Wave"],"picked":"Battle Trance","floor":21},{"not_picked":["Thunderclap","Shrug It Off"],"picked":"Feel No Pain","floor":21},{"not_picked":["Iron Wave","Reckless Charge"],"picked":"Fiend Fire","floor":21},{"not_picked":["Clothesline","Headbutt+1","Burning Pact"],"picked":"SKIP","floor":22},{"not_picked":["Fire Breathing+1","Havoc","Pommel Strike"],"picked":"SKIP","floor":22},{"not_picked":["Disarm","Sword Boomerang"],"picked":"Immolate","floor":24},{"not_picked":["Flex","Heavy Blade","Sever Soul"],"picked":"SKIP","floor":24},{"not_picked":["Armaments","Seeing Red"],"picked":"True Grit","floor":27},{"not_picked":["Pommel Strike","Rampage"],"picked":"True Grit","floor":29},{"not_picked":["Burning Pact","Dropkick+1","Whirlwind"],"picked":"SKIP","floor":29},{"not_picked":["Dual Wield","Uppercut","Headbutt"],"picked":"SKIP","floor":31},{"not_picked":["Evolve","Warcry","Pommel Strike"],"picked":"SKIP","floor":31},{"not_picked":["Reaper","Berserk"],"picked":"Immolate","floor":33},{"not_picked":["Clash","Burning Pact","Reaper"],"picked":"SKIP","floor":35},{"not_picked":["Whirlwind","Inflame","Dual Wield"],"picked":"SKIP","floor":35},{"not_picked":["Blood for Blood","Perfected Strike"],"picked":"Shrug It Off","floor":36},{"not_picked":["Pommel Strike","Blood for Blood"],"picked":"Corruption+1","floor":36},{"not_picked":["Spot Weakness","Feed"],"picked":"Power Through","floor":45},{"not_picked":["Havoc","Heavy Blade+1"],"picked":"Second Wind+1","floor":48},{"not_picked":["Inflame+1","Twin Strike","Wild Strike+1"],"picked":"SKIP","floor":48}],"player_experience":1051092,"relics_obtained":[{"floor":7,"key":"Juzu Bracelet"},{"floor":9,"key":"Letter Opener"},{"floor":14,"key":"Prayer Wheel"},{"floor":26,"key":"Blue Candle"},{"floor":27,"key":"Whetstone"},{"floor":38,"key":"Meat on the Bone"},{"floor":43,"key":"Frozen Egg 2"},{"floor":45,"key":"Vajra"}],"event_choices":[{"damage_healed":0,"gold_gain":0,"player_choice":"0 cards matched","damage_taken":0,"max_hp_gain":0,"max_hp_loss":0,"event_name":"Match and Keep!","floor":2,"gold_loss":0,"cards_obtained":[]},{"damage_healed":0,"gold_gain":0,"player_choice":"Entered Light","damage_taken":23,"max_hp_gain":0,"max_hp_loss":0,"event_name":"Shining Light","floor":4,"gold_loss":0,"cards_upgraded":["Strike_R","Strike_R"]},{"damage_healed":0,"gold_gain":75,"player_choice":"Gather Gold","damage_taken":11,"max_hp_gain":0,"max_hp_loss":0,"event_name":"World of Goop","floor":5,"gold_loss":0},{"damage_healed":0,"gold_gain":0,"player_choice":"Traded Relic","damage_taken":0,"relics_obtained":["Nloth\u0027s Gift"],"max_hp_gain":0,"max_hp_loss":0,"event_name":"N\u0027loth","floor":28,"relics_lost":["Whetstone"],"gold_loss":0},{"damage_healed":0,"gold_gain":0,"player_choice":"Cursed","damage_taken":0,"max_hp_gain":0,"max_hp_loss":0,"event_name":"Wheel of Change","floor":30,"gold_loss":0,"cards_obtained":["Decay"]},{"damage_healed":0,"gold_gain":0,"player_choice":"Max HP","damage_taken":0,"max_hp_gain":0,"max_hp_loss":4,"event_name":"Winding Halls","floor":41,"gold_loss":0}],"is_beta":true,"boss_relics":[{"not_picked":["Philosopher\u0027s Stone","Velvet Choker"],"picked":"Runic Dome"},{"not_picked":["Cursed Key","Pandora\u0027s Box"],"picked":"Sozu"}],"items_purged_floors":[37],"is_endless":false,"potions_floor_spawned":[1,8,14,16,18,22,27,29,33,45,48],"killed_by":"Time Eater","ascension_level":20}