{"gold_per_floor":[110,123,73,84,84,84,116,116,116,116,38,38,68,78,78,180,180,192,202,217,217,233,258,258,277,277,277],"floor_reached":27,"playtime":1843,"items_purged":[],"score":243,"play_id":"9d23b728-b9c8-4496-ab3e-c1ca9cd1e683","local_time":"20190719125617","is_ascension_mode":false,"campfire_choices":[{"data":"Static Discharge","floor":6.0,"key":"SMITH"},{"data":"Fusion","floor":8.0,"key":"SMITH"},{"floor":15.0,"key":"REST"},{"floor":24,"key":"REST"}],"neow_cost":"NONE","seed_source_timestamp":0,"circlet_count":0,"master_deck":["Strike_B","Strike_B+1","Defend_B","Defend_B","Defend_B","Defend_B","Zap","Dualcast","Go for the Eyes","Lockon+1","Static Discharge+1","Fusion+1","Genetic Algorithm","Reboot","Coolheaded","Seek","FTL","Double Energy","Conserve Battery+1","Flash of Steel","Meteor Strike","BootSequence+1","Compile Driver+1"],"special_seed":0,"relics":["Cracked Core","NeowsBlessing","Dodecahedron","Whetstone","Nunchaku","White Beast Statue","Girya","Strawberry"],"potions_floor_usage":[23,23,25,27,27],"damage_taken":[{"damage":0.0,"enemies":"Small Slimes","floor":1.0,"turns":1.0},{"damage":0.0,"enemies":"2 Louse","floor":2.0,"turns":1.0},{"damage":0.0,"enemies":"Jaw Worm","floor":4.0,"turns":1.0},{"damage":17.0,"enemies":"3 Sentries","floor":7.0,"turns":4.0},{"damage":14.0,"enemies":"Gremlin Nob","floor":13.0,"turns":3.0},{"damage":2.0,"enemies":"Looter","floor":14.0,"turns":3.0},{"damage":20.0,"enemies":"The Guardian","floor":16.0,"turns":10.0},{"damage":11.0,"enemies":"Shell Parasite","floor":18.0,"turns":3.0},{"damage":4.0,"enemies":"Chosen","floor":19.0,"turns":6.0},{"damage":12.0,"enemies":"Snake Plant","floor":20.0,"turns":3.0},{"damage":14.0,"enemies":"Centurion and Healer","floor":22.0,"turns":6.0},{"damage":7,"enemies":"Book of Stabbing","floor":23,"turns":4},{"damage":27,"enemies":"Cultist and Chosen","floor":25,"turns":6},{"damage":28,"enemies":"Gremlin Leader","floor":27,"turns":3}],"seed_played":"-7702753444265763901","potions_obtained":[{"floor":2.0,"key":"Dexterity Potion"},{"floor":4.0,"key":"Block Potion"},{"floor":14.0,"key":"SkillPotion"},{"floor":18.0,"key":"FocusPotion"},{"floor":19.0,"key":"Block Potion"},{"floor":22,"key":"Energy Potion"},{"floor":23,"key":"PowerPotion"},{"floor":25,"key":"FocusPotion"}],"is_trial":false,"path_per_floor":["M","M","?","M","?","R","E","R","T","?","$","T","E","M","R","B",null,"M","M","M","?","M","E","R","M","T","E"],"character_chosen":"DEFECT","items_purchased":["Genetic Algorithm"],"campfire_rested":2,"item_purchase_floors":[11],"current_hp_per_floor":[75,75,75,75,80,80,63,63,63,56,56,56,42,40,64,44,80,69,65,53,37,23,16,40,13,20,0],"gold":277,"neow_bonus":"THREE_ENEMY_KILL","is_prod":false,"is_daily":false,"chose_seed":false,"campfire_upgraded":2,"win_rate":0,"timestamp":1563558977,"path_taken":["M","M","?","M","?","R","E","R","T","?","?","?","E","?","R","BOSS","M","M","M","?","M","E","R","?","T","E"],"build_version":"2019-07-17","purchased_purges":0,"victory":false,"max_hp_per_floor":[75,75,75,75,80,80,80,80,80,80,80,80,80,80,80,80,80,80,80,80,80,80,80,80,80,87,87],"card_choices":[{"not_picked":["Compile Driver","Steam Power"],"picked":"Go for the Eyes","floor":1.0},{"not_picked":["Turbo","Compile Driver"],"picked":"Lockon","floor":2.0},{"not_picked":["Leap","Sunder"],"picked":"Static Discharge","floor":4.0},{"not_picked":["Barrage","Scrape"],"picked":"Fusion","floor":7.0},{"not_picked":["Skim","Heatsinks"],"picked":"Reboot","floor":13.0},{"not_picked":["Hologram","Scrape"],"picked":"Coolheaded","floor":14.0},{"not_picked":["Multi-Cast","Biased Cognition"],"picked":"Seek","floor":16.0},{"not_picked":["Turbo","Sweeping Beam"],"picked":"FTL","floor":18.0},{"not_picked":["Fusion+1","Beam Cell"],"picked":"Double Energy","floor":19.0},{"not_picked":["Chill+1","Sweeping Beam"],"picked":"Conserve Battery+1","floor":20.0},{"not_picked":["Rebound","Beam Cell"],"picked":"Meteor Strike","floor":22},{"not_picked":["Force Field","Barrage"],"picked":"BootSequence+1","floor":23},{"not_picked":["Recycle+1","Conserve Battery"],"picked":"Compile Driver+1","floor":25}],"player_experience":136694,"relics_obtained":[{"floor":7.0,"key":"Dodecahedron"},{"floor":9.0,"key":"Whetstone"},{"floor":13.0,"key":"Nunchaku"},{"floor":23,"key":"Girya"},{"floor":26,"key":"Strawberry"}],"event_choices":[{"cards_removed":["Strike_B"],"damage_healed":0.0,"max_hp_gain":0.0,"max_hp_loss":0.0,"gold_gain":0.0,"event_name":"The Cleric","player_choice":"Card Removal","floor":3.0,"gold_loss":50.0,"damage_taken":0.0},{"damage_healed":0.0,"max_hp_gain":5.0,"max_hp_loss":0.0,"gold_gain":0.0,"event_name":"Big Fish","player_choice":"Donut","floor":5.0,"gold_loss":0.0,"damage_taken":0.0},{"cards_removed":["Strike_B"],"damage_healed":0.0,"max_hp_gain":0.0,"max_hp_loss":0.0,"gold_gain":0.0,"event_name":"Golden Wing","player_choice":"Card Removal","floor":10.0,"gold_loss":0.0,"damage_taken":7.0},{"damage_healed":0.0,"max_hp_gain":0.0,"max_hp_loss":0.0,"gold_gain":0.0,"event_name":"Knowing Skull","player_choice":"CARD ","floor":21.0,"potions_obtained":[],"gold_loss":0.0,"damage_taken":16.0,"cards_obtained":["Flash of Steel"]}],"is_beta":false,"boss_relics":[{"not_picked":["Pandora\u0027s Box","Philosopher\u0027s Stone"],"picked":"White Beast Statue"}],"items_purged_floors":[],"is_endless":false,"potions_floor_spawned":[2,4,14,18,19,20,22,23,25],"killed_by":"Gremlin Leader","ascension_level":0}