{"gold_per_floor":[118,130,130,140,140,174,192,192,219,246,36,65,84,94,94,198,198,214,245,263,363,288,288,303,303,303,303,15,15,29,63,63,164,164,176,176,192,49,324,324,344,378,378,390,390,401,420,430,430,430],"floor_reached":51,"playtime":9141,"items_purged":["Strike_G"],"score":819,"play_id":"7d8f894b-79e9-46fd-bda1-ddc9d9114ea8","local_time":"20190629012035","is_ascension_mode":false,"campfire_choices":[{"floor":8,"key":"REST"},{"data":"Choke","floor":15,"key":"SMITH"},{"data":"Adrenaline","floor":23,"key":"SMITH"},{"data":"Swift Strike","floor":25,"key":"SMITH"},{"floor":32,"key":"REST"},{"floor":40,"key":"REST"},{"floor":49,"key":"REST"}],"neow_cost":"NONE","seed_source_timestamp":772806628798564,"circlet_count":0,"master_deck":["Defend_G","Strike_G","Survivor+1","Neutralize","Backflip","Slice","Sucker Punch","Choke+1","Heel Hook","Flying Knee","Slice","Swift Strike+1","Quick Slash","Finisher","Adrenaline+1","After Image","Backflip+1","Backstab+1","Masterful Stab+1","Endless Agony+1","Flechettes+1","Slice","Night Terror+1","Tools of the Trade+1","Corpse Explosion+1","Prepared+1","Leg Sweep+1","PiercingWail","Flash of Steel","Discovery","Good Instincts","Cloak And Dagger","Regret","Backflip+1","Underhanded Strike+1","Deflect","PiercingWail","Tactician","Slice+1"],"relics":["Ring of the Snake","PreservedInsect","Ancient Tea Set","Dream Catcher","Happy Flower","Centennial Puzzle","Lizard Tail","Red Mask","Ice Cream","Letter Opener","Kunai","FossilizedHelix","Blue Candle","Frozen Egg 2","Astrolabe","Vajra","War Paint","Anchor"],"potions_floor_usage":[33,42,47],"damage_taken":[{"damage":0,"enemies":"Cultist","floor":1,"turns":5},{"damage":0,"enemies":"Small Slimes","floor":2,"turns":4},{"damage":0,"enemies":"2 Louse","floor":4,"turns":3},{"damage":12,"enemies":"3 Sentries","floor":6,"turns":8},{"damage":3,"enemies":"Exordium Thugs","floor":7,"turns":5},{"damage":0,"enemies":"Lagavulin","floor":10,"turns":4},{"damage":3,"enemies":"Gremlin Nob","floor":12,"turns":3},{"damage":0,"enemies":"Large Slime","floor":13,"turns":3},{"damage":2,"enemies":"Looter","floor":14,"turns":2},{"damage":34,"enemies":"Hexaghost","floor":16,"turns":11},{"damage":13,"enemies":"2 Thieves","floor":18,"turns":3},{"damage":2,"enemies":"Masked Bandits","floor":19,"turns":4},{"damage":0,"enemies":"Shell Parasite","floor":20,"turns":2},{"damage":0,"enemies":"Colosseum Slavers","floor":21,"turns":4},{"damage":0,"enemies":"Colosseum Nobs","floor":21,"turns":2},{"damage":2,"enemies":"Centurion and Healer","floor":24,"turns":3},{"damage":0,"enemies":"Shelled Parasite and Fungi","floor":30,"turns":2},{"damage":0,"enemies":"Slavers","floor":31,"turns":2},{"damage":36,"enemies":"Champ","floor":33,"turns":7},{"damage":9,"enemies":"3 Shapes","floor":35,"turns":3},{"damage":4,"enemies":"3 Darklings","floor":37,"turns":4},{"damage":0,"enemies":"Spire Growth","floor":41,"turns":2},{"damage":8,"enemies":"Reptomancer","floor":42,"turns":3},{"damage":7,"enemies":"Maw","floor":44,"turns":7},{"damage":20,"enemies":"4 Shapes","floor":46,"turns":3},{"damage":0,"enemies":"Jaw Worm Horde","floor":47,"turns":2},{"damage":0,"enemies":"Sphere and 2 Shapes","floor":48,"turns":4},{"damage":9,"enemies":"Donu and Deca","floor":50,"turns":4}],"seed_played":"1938595213817602913","potions_obtained":[{"floor":1,"key":"SteroidPotion"},{"floor":6,"key":"Energy Potion"},{"floor":7,"key":"Fire Potion"},{"floor":20,"key":"Ancient Potion"},{"floor":33,"key":"SteroidPotion"},{"floor":42,"key":"Regen Potion"}],"is_trial":false,"path_per_floor":["M","M","?","M","?","E","M","R","T","E","$","E","M","M","R","B",null,"M","?","M","?","?","R","M","R","T","?","$","T","M","E","R","B",null,"M","?","M","$","?","R","M","E","T","M","?","M","M","M","R","B",null],"character_chosen":"THE_SILENT","items_purchased":["Swift Strike","Quick Slash","FossilizedHelix","Vajra"],"campfire_rested":4,"item_purchase_floors":[11,11,28,38],"current_hp_per_floor":[70,70,63,63,60,48,45,66,66,66,66,63,63,61,61,27,70,57,55,55,55,55,55,53,53,53,53,53,53,53,53,70,34,70,61,51,47,47,47,68,68,60,60,53,53,33,42,42,63,54],"gold":430,"neow_bonus":"TRANSFORM_CARD","is_prod":false,"is_daily":false,"chose_seed":false,"campfire_upgraded":3,"win_rate":0.0,"timestamp":1561789235,"path_taken":["M","?","?","M","?","E","M","R","T","E","$","E","M","?","R","BOSS","M","?","M","?","?","R","M","R","T","?","?","?","M","E","R","BOSS","M","?","M","$","?","R","?","E","T","M","?","M","M","M","R","BOSS"],"build_version":"2019-01-23","purchased_purges":1,"victory":true,"max_hp_per_floor":[70,70,70,70,70,70,70,70,70,70,70,70,70,70,70,70,70,70,70,70,70,70,70,70,70,70,70,70,70,70,70,70,70,70,70,70,70,70,70,70,70,70,70,70,70,70,70,70,70,70],"card_choices":[{"not_picked":["Masterful Stab","Dagger Throw"],"picked":"Slice","floor":1},{"not_picked":["Outmaneuver","Underhanded Strike"],"picked":"Sucker Punch","floor":2},{"not_picked":["Prepared","Poisoned Stab"],"picked":"Choke","floor":4},{"not_picked":["Backflip","Sucker Punch"],"picked":"Heel Hook","floor":6},{"not_picked":["Sucker Punch","Tactician"],"picked":"Flying Knee","floor":7},{"not_picked":["Terror","Escape Plan"],"picked":"Slice","floor":10},{"not_picked":["Flying Knee","Noxious Fumes"],"picked":"Finisher","floor":12},{"not_picked":["Crippling Poison","PiercingWail"],"picked":"Adrenaline","floor":13},{"not_picked":["Predator","Skewer","Reflex"],"picked":"SKIP","floor":14},{"not_picked":["Malaise","Wraith Form v2"],"picked":"After Image","floor":16},{"not_picked":["Bouncing Flask","Dagger Spray"],"picked":"Backflip+1","floor":18},{"not_picked":["Footwork","Sucker Punch"],"picked":"Backstab+1","floor":20},{"not_picked":["Cloak And Dagger","Outmaneuver+1"],"picked":"Masterful Stab+1","floor":21},{"not_picked":["Dagger Throw","Dodge and Roll"],"picked":"Endless Agony+1","floor":24},{"not_picked":["Escape Plan","Sucker Punch"],"picked":"Flechettes+1","floor":30},{"not_picked":["Bouncing Flask","Prepared"],"picked":"Slice","floor":31},{"not_picked":["Dodge and Roll","Quick Slash"],"picked":"Night Terror","floor":32},{"not_picked":["Malaise","Glass Knife"],"picked":"Tools of the Trade+1","floor":33},{"not_picked":["Predator","Distraction"],"picked":"PiercingWail","floor":35},{"not_picked":["Deep Breath","Thinking Ahead"],"picked":"Flash of Steel","floor":36},{"not_picked":["Dramatic Entrance","Swift Strike"],"picked":"Discovery","floor":36},{"not_picked":["Finesse","Blind"],"picked":"Good Instincts","floor":36},{"not_picked":["Caltrops+1","Flying Knee"],"picked":"Cloak And Dagger","floor":37},{"not_picked":["Endless Agony+1","Noxious Fumes+1"],"picked":"Acrobatics+1","floor":40},{"not_picked":["Dash","Well Laid Plans+1"],"picked":"Backflip+1","floor":41},{"not_picked":["Dagger Spray","Quick Slash"],"picked":"Underhanded Strike+1","floor":42},{"not_picked":["Poisoned Stab+1","Outmaneuver"],"picked":"Deflect","floor":44},{"not_picked":["Prepared","Endless Agony+1","Predator+1"],"picked":"SKIP","floor":46},{"not_picked":["Corpse Explosion","Caltrops+1"],"picked":"PiercingWail","floor":47},{"not_picked":["Dagger Spray","Quick Slash+1"],"picked":"Tactician","floor":48},{"not_picked":["Tactician","Outmaneuver+1"],"picked":"Slice+1","floor":49}],"player_experience":88023,"relics_obtained":[{"floor":6,"key":"Ancient Tea Set"},{"floor":9,"key":"Dream Catcher"},{"floor":10,"key":"Happy Flower"},{"floor":12,"key":"Centennial Puzzle"},{"floor":19,"key":"Red Mask"},{"floor":21,"key":"Ice Cream"},{"floor":21,"key":"Letter Opener"},{"floor":26,"key":"Kunai"},{"floor":29,"key":"Blue Candle"},{"floor":31,"key":"Frozen Egg 2"},{"floor":42,"key":"War Paint"},{"floor":43,"key":"Anchor"}],"event_choices":[{"cards_removed":["Strike_G"],"damage_healed":0,"gold_gain":0,"player_choice":"Card Removal","damage_taken":7,"max_hp_gain":0,"max_hp_loss":0,"event_name":"Golden Wing","floor":3,"gold_loss":0},{"damage_healed":0,"gold_gain":0,"player_choice":"Success","damage_taken":3,"relics_obtained":["PreservedInsect"],"max_hp_gain":0,"max_hp_loss":0,"event_name":"Scrap Ooze","floor":5,"gold_loss":0},{"damage_healed":0,"gold_gain":0,"player_choice":"Fought Bandits","damage_taken":0,"max_hp_gain":0,"max_hp_loss":0,"event_name":"Masked Bandits","floor":19,"gold_loss":0},{"damage_healed":0,"gold_gain":0,"player_choice":"Fight","damage_taken":0,"max_hp_gain":0,"max_hp_loss":0,"event_name":"Colosseum","floor":21,"gold_loss":0},{"damage_healed":0,"gold_gain":0,"player_choice":"Fought Nobs","damage_taken":0,"max_hp_gain":0,"max_hp_loss":0,"event_name":"Colosseum","floor":21,"gold_loss":0},{"cards_removed":["Defend_G"],"damage_healed":0,"gold_gain":0,"player_choice":"Gave Gold","damage_taken":0,"max_hp_gain":0,"max_hp_loss":0,"event_name":"Beggar","floor":22,"gold_loss":75},{"cards_removed":["Strike_G"],"damage_healed":0,"gold_gain":0,"player_choice":"Elegance","damage_taken":0,"max_hp_gain":0,"max_hp_loss":0,"event_name":"Back to Basics","floor":27,"gold_loss":0},{"damage_healed":0,"gold_gain":0,"player_choice":"Memory 3","damage_taken":10,"max_hp_gain":0,"max_hp_loss":0,"event_name":"SensoryStone","floor":36,"gold_loss":0},{"damage_healed":0,"gold_gain":275,"player_choice":"Desecrate","damage_taken":0,"max_hp_gain":0,"max_hp_loss":0,"event_name":"Golden Shrine","floor":39,"gold_loss":0,"cards_obtained":["Regret"]},{"cards_removed":["Acrobatics"],"damage_healed":0,"gold_gain":0,"player_choice":"Removed Skill","damage_taken":0,"max_hp_gain":0,"max_hp_loss":0,"event_name":"Falling","floor":45,"gold_loss":0}],"is_beta":false,"boss_relics":[{"not_picked":["Velvet Choker","Calling Bell"],"picked":"Lizard Tail"},{"not_picked":["HoveringKite","Sozu"],"picked":"Astrolabe"}],"items_purged_floors":[11],"is_endless":false,"potions_floor_spawned":[1,6,7,10,14,20,21,33,35,42],"ascension_level":0}