{"gold_per_floor":[114,125,125,125,125,125,50,125,125,125,136,166,183,194,194,194],"floor_reached":16,"playtime":442,"items_purged":["Strike_R"],"score":200,"play_id":"ef06a17c-74ec-4e5e-b363-dc3c7abfe9e8","local_time":"20190910010955","is_ascension_mode":true,"campfire_choices":[{"data":"Bash","floor":6,"key":"SMITH"},{"data":"Shockwave","floor":10,"key":"SMITH"},{"data":"True Grit","floor":15,"key":"SMITH"}],"neow_cost":"NONE","seed_source_timestamp":306255750847703,"circlet_count":0,"master_deck":["AscendersBane","Strike_R","Defend_R","Defend_R","Defend_R","Bash+1","Dark Embrace+1","Infernal Blade+1","Body Slam+1","Shockwave+1","Metallicize+1","True Grit+1"],"relics":["Astrolabe","Boot","Frozen Egg 2","Torii"],"potions_floor_usage":[12,16],"damage_taken":[{"damage":0,"enemies":"Cultist","floor":1,"turns":3},{"damage":4,"enemies":"Small Slimes","floor":2,"turns":4},{"damage":0,"enemies":"2 Louse","floor":11,"turns":3},{"damage":5,"enemies":"3 Sentries","floor":12,"turns":2},{"damage":16,"enemies":"Exordium Thugs","floor":13,"turns":5},{"damage":0,"enemies":"Large Slime","floor":14,"turns":5},{"damage":2,"enemies":"Hexaghost","floor":16,"turns":3}],"seed_played":"8281324733455221000","potions_obtained":[{"floor":2,"key":"GamblersBrew"},{"floor":12,"key":"Regen Potion"}],"is_trial":false,"path_per_floor":["M","M","?","?","?","R","$","?","T","R","M","E","M","M","R","B"],"character_chosen":"IRONCLAD","items_purchased":[],"campfire_rested":0,"item_purchase_floors":[],"current_hp_per_floor":[68,64,64,64,53,53,53,42,42,42,42,37,21,21,21,28],"gold":194,"neow_bonus":"BOSS_RELIC","is_prod":false,"is_daily":false,"chose_seed":false,"campfire_upgraded":3,"win_rate":0,"timestamp":1568052595,"path_taken":["M","M","?","?","?","R","$","?","T","R","M","E","?","M","R","BOSS"],"build_version":"2019-08-26","purchased_purges":1,"victory":false,"max_hp_per_floor":[75,75,75,75,75,75,75,75,75,75,75,75,75,75,75,75],"card_choices":[{"not_picked":["Sword Boomerang","Armaments"],"picked":"Shockwave","floor":1},{"not_picked":["Shockwave","Armaments","Warcry"],"picked":"SKIP","floor":2},{"not_picked":["Iron Wave","Armaments","Sword Boomerang"],"picked":"SKIP","floor":11},{"not_picked":["Uppercut","Thunderclap","Dual Wield"],"picked":"SKIP","floor":12},{"not_picked":["Feel No Pain+1","Fire Breathing+1"],"picked":"Metallicize+1","floor":13},{"not_picked":["True Grit","Clothesline","Heavy Blade"],"picked":"SKIP","floor":14},{"not_picked":["Clothesline","Heavy Blade"],"picked":"True Grit","floor":14}],"player_experience":1079679,"relics_obtained":[{"floor":9,"key":"Frozen Egg 2"},{"floor":12,"key":"Torii"}],"event_choices":[{"cards_removed":["Strike_R"],"damage_healed":0,"gold_gain":0,"player_choice":"Forget","damage_taken":0,"max_hp_gain":0,"max_hp_loss":0,"event_name":"Living Wall","floor":3,"gold_loss":0},{"damage_healed":0,"gold_gain":0,"player_choice":"Ignored","damage_taken":0,"max_hp_gain":0,"max_hp_loss":0,"event_name":"Liars Game","floor":4,"gold_loss":0},{"damage_healed":0,"gold_gain":0,"player_choice":"Success","damage_taken":11,"relics_obtained":["Boot"],"max_hp_gain":0,"max_hp_loss":0,"event_name":"Scrap Ooze","floor":5,"gold_loss":0},{"damage_healed":0,"gold_gain":75,"player_choice":"Gather Gold","damage_taken":11,"max_hp_gain":0,"max_hp_loss":0,"event_name":"World of Goop","floor":8,"gold_loss":0}],"is_beta":true,"boss_relics":[],"items_purged_floors":[7],"is_endless":false,"potions_floor_spawned":[2,12],"killed_by":"Hexaghost","ascension_level":20}