{"gold_per_floor":[111,111,111,129,53,53,82,95,95,95,162,4,34,45,45,118,118,133,133,153,153,170,170,187,204,230,230,255,255,255,285,285,359,359,379,390,88,388,399,434,446,471,507,519,545,575,45,59,59,59,59],"floor_reached":52,"playtime":1924,"items_purged":["Strike_R+1","Strike_R+1"],"score":1989,"play_id":"f54f5f0f-4419-49ca-88ac-56cbbfe40f9a","local_time":"20190925165740","is_ascension_mode":true,"campfire_choices":[{"data":"Carnage","floor":6.0,"key":"SMITH"},{"data":"Anger","floor":10.0,"key":"SMITH"},{"data":"Bludgeon","floor":15.0,"key":"SMITH"},{"data":"Seeing Red","floor":23.0,"key":"SMITH"},{"data":"Flex","floor":27.0,"key":"SMITH"},{"floor":29.0,"key":"REST"},{"data":"True Grit","floor":32.0,"key":"SMITH"},{"floor":41.0,"key":"REST"},{"floor":44.0,"key":"REST"},{"floor":49,"key":"REST"}],"neow_cost":"NONE","seed_source_timestamp":749848074752500,"circlet_count":0,"master_deck":["AscendersBane","Strike_R+1","Strike_R+1","Strike_R+1","Defend_R+1","Defend_R+1","Defend_R+1","Defend_R+1","Bash+1","Carnage+1","Anger+1","Feed","Bludgeon+1","Shrug It Off","Seeing Red+1","Immolate+1","Feel No Pain","Flex+1","Seeing Red","Battle Trance","Feel No Pain","True Grit+1","Rage+1","Barricade","Entrench","Body Slam+1","Dark Embrace","Sever Soul","Body Slam+1","Second Wind","Battle Trance","Shrug It Off","Madness"],"special_seed":0,"relics":["Burning Blood","Pen Nib","Kunai","Lantern","Orrery","Anchor","Runic Pyramid","Oddly Smooth Stone","Prayer Wheel","Ancient Tea Set","Fusion Hammer","Whetstone","MawBank","Bronze Scales","Gambling Chip"],"potions_floor_usage":[51,51],"damage_taken":[{"damage":1.0,"enemies":"Cultist","floor":1.0,"turns":3.0},{"damage":5.0,"enemies":"2 Louse","floor":4.0,"turns":3.0},{"damage":55.0,"enemies":"3 Sentries","floor":7.0,"turns":10.0},{"damage":7.0,"enemies":"Jaw Worm","floor":8.0,"turns":2.0},{"damage":6.0,"enemies":"Gremlin Nob","floor":13.0,"turns":3.0},{"damage":6.0,"enemies":"3 Louse","floor":14.0,"turns":3.0},{"damage":18.0,"enemies":"Slime Boss","floor":16.0,"turns":6.0},{"damage":18.0,"enemies":"2 Thieves","floor":18.0,"turns":4.0},{"damage":3.0,"enemies":"Spheric Guardian","floor":20.0,"turns":3.0},{"damage":6.0,"enemies":"Snake Plant","floor":22.0,"turns":2.0},{"damage":12.0,"enemies":"3 Cultists","floor":24.0,"turns":4.0},{"damage":14.0,"enemies":"Snecko","floor":25.0,"turns":5.0},{"damage":27.0,"enemies":"Slavers","floor":28.0,"turns":4.0},{"damage":0.0,"enemies":"Gremlin Leader","floor":31.0,"turns":3.0},{"damage":36.0,"enemies":"Champ","floor":33.0,"turns":14.0},{"damage":0.0,"enemies":"3 Shapes","floor":35.0,"turns":3.0},{"damage":0.0,"enemies":"Orb Walker","floor":36.0,"turns":3.0},{"damage":29.0,"enemies":"Writhing Mass","floor":39.0,"turns":3.0},{"damage":36.0,"enemies":"Nemesis","floor":40.0,"turns":7.0},{"damage":0.0,"enemies":"4 Shapes","floor":42.0,"turns":4.0},{"damage":10.0,"enemies":"Sphere and 2 Shapes","floor":45.0,"turns":5.0},{"damage":23.0,"enemies":"Jaw Worm Horde","floor":46.0,"turns":5.0},{"damage":0,"enemies":"Writhing Mass","floor":48,"turns":6},{"damage":27,"enemies":"Time Eater","floor":50,"turns":13},{"damage":16,"enemies":"Awakened One","floor":51,"turns":11}],"seed_played":"2439341198946428442","potions_obtained":[{"floor":13.0,"key":"PowerPotion"},{"floor":14.0,"key":"FearPotion"},{"floor":20.0,"key":"Ancient Potion"},{"floor":28.0,"key":"SteroidPotion"},{"floor":40.0,"key":"Dexterity Potion"},{"floor":45.0,"key":"Regen Potion"}],"is_trial":false,"path_per_floor":["M","?","?","M","$","R","E","M","T","R","?","$","E","M","R","B",null,"M","?","M","?","M","R","M","M","T","R","E","R","$","E","R","B",null,"M","M","$","?","M","E","R","M","T","R","M","M","$","M","R","B","B",null],"character_chosen":"IRONCLAD","items_purchased":["Carnage","Orrery","Body Slam","Whetstone","Gambling Chip","Madness"],"campfire_rested":4,"item_purchase_floors":[5,12,37,37,47,47],"current_hp_per_floor":[73,78,78,79,79,79,30,29,29,29,29,29,29,32,32,20,67,58,58,61,61,64,64,61,56,56,56,38,67,67,73,73,43,84,93,102,102,102,79,49,80,86,86,104,103,89,89,95,110,89,94],"gold":59,"neow_bonus":"RANDOM_COMMON_RELIC","is_prod":false,"is_daily":false,"chose_seed":false,"campfire_upgraded":6,"win_rate":0,"timestamp":1569455860,"path_taken":["M","?","?","M","?","R","E","M","T","R","?","$","E","?","R","BOSS","M","?","M","?","M","R","M","M","T","R","E","R","$","E","R","BOSS","M","M","$","?","M","E","R","M","T","R","?","M","$","M","R","BOSS","BOSS"],"build_version":"2019-09-25","purchased_purges":2,"victory":true,"max_hp_per_floor":[75,80,80,80,80,80,80,80,80,80,80,80,80,83,83,83,83,86,86,86,86,89,89,92,95,95,95,98,98,98,98,98,98,98,101,104,104,104,104,104,104,104,104,104,107,110,110,110,110,110,110],"card_choices":[{"not_picked":["Twin Strike","Thunderclap","True Grit"],"picked":"SKIP","floor":1.0},{"not_picked":["Cleave","Warcry","Havoc"],"picked":"SKIP","floor":4.0},{"not_picked":["Clash","Whirlwind"],"picked":"Anger","floor":7.0},{"not_picked":["Iron Wave","Sword Boomerang","Wild Strike"],"picked":"SKIP","floor":8.0},{"not_picked":["Warcry","Body Slam"],"picked":"Feed","floor":12.0},{"not_picked":["Clash","True Grit"],"picked":"Bludgeon","floor":12.0},{"not_picked":["Havoc","Thunderclap"],"picked":"Shrug It Off","floor":13.0},{"not_picked":["Rage","Reckless Charge"],"picked":"Seeing Red","floor":14.0},{"not_picked":["Berserk","Double Tap"],"picked":"Immolate","floor":16.0},{"not_picked":["Headbutt","Perfected Strike"],"picked":"Feel No Pain","floor":18.0},{"not_picked":["Anger","Bloodletting"],"picked":"Flex","floor":20.0},{"not_picked":["Hemokinesis","Infernal Blade"],"picked":"Seeing Red","floor":22.0},{"not_picked":["Twin Strike","Intimidate"],"picked":"Battle Trance","floor":24.0},{"not_picked":["Shockwave","Flame Barrier"],"picked":"Feel No Pain","floor":25.0},{"not_picked":["Clash","Uppercut"],"picked":"True Grit","floor":28.0},{"not_picked":["Heavy Blade","Body Slam"],"picked":"Rage+1","floor":31.0},{"not_picked":["Bludgeon","Double Tap"],"picked":"Barricade","floor":33.0},{"not_picked":["Rampage","Cleave","Flame Barrier"],"picked":"SKIP","floor":35.0},{"not_picked":["Shrug It Off+1","Rampage+1","Whirlwind"],"picked":"SKIP","floor":35.0},{"not_picked":["Warcry","Sword Boomerang+1"],"picked":"Entrench","floor":36.0},{"not_picked":["Clothesline","Iron Wave","Heavy Blade"],"picked":"SKIP","floor":36.0},{"not_picked":["Flex","Sword Boomerang+1"],"picked":"Dark Embrace","floor":39.0},{"not_picked":["Twin Strike","Clash+1","Blood for Blood"],"picked":"SKIP","floor":39.0},{"not_picked":["Disarm","Evolve"],"picked":"Sever Soul","floor":40.0},{"not_picked":["Rupture","Evolve"],"picked":"Body Slam+1","floor":42.0},{"not_picked":["Twin Strike","Shrug It Off"],"picked":"Second Wind","floor":42.0},{"not_picked":["Flame Barrier","Anger","Headbutt"],"picked":"SKIP","floor":45.0},{"not_picked":["Sword Boomerang","Heavy Blade+1","Rage"],"picked":"SKIP","floor":45.0},{"not_picked":["Cleave","Clothesline+1"],"picked":"Battle Trance","floor":46.0},{"not_picked":["Armaments","Wild Strike"],"picked":"Shrug It Off","floor":46.0},{"not_picked":["Wild Strike","Havoc","Perfected Strike"],"picked":"SKIP","floor":48},{"not_picked":["Reaper","Twin Strike","Body Slam"],"picked":"SKIP","floor":48}],"player_experience":1036999,"relics_obtained":[{"floor":7.0,"key":"Kunai"},{"floor":9.0,"key":"Lantern"},{"floor":13.0,"key":"Anchor"},{"floor":26.0,"key":"Oddly Smooth Stone"},{"floor":28.0,"key":"Prayer Wheel"},{"floor":31.0,"key":"Ancient Tea Set"},{"floor":40.0,"key":"MawBank"},{"floor":43.0,"key":"Bronze Scales"}],"event_choices":[{"damage_healed":0.0,"max_hp_gain":5.0,"max_hp_loss":0.0,"gold_gain":0.0,"event_name":"Big Fish","player_choice":"Donut","floor":2.0,"gold_loss":0.0,"damage_taken":0.0},{"damage_healed":0.0,"max_hp_gain":0.0,"max_hp_loss":0.0,"gold_gain":0.0,"event_name":"Living Wall","player_choice":"Grow","floor":3.0,"gold_loss":0.0,"damage_taken":0.0,"cards_upgraded":["Bash"]},{"damage_healed":0.0,"max_hp_gain":0.0,"max_hp_loss":0.0,"gold_gain":67.0,"event_name":"Golden Wing","player_choice":"Gained Gold","floor":11.0,"gold_loss":0.0,"damage_taken":0.0},{"damage_healed":0.0,"max_hp_gain":0.0,"max_hp_loss":0.0,"gold_gain":0.0,"event_name":"Back to Basics","player_choice":"Simplicity","floor":19.0,"gold_loss":0.0,"damage_taken":0.0,"cards_upgraded":["Strike_R","Strike_R","Strike_R","Strike_R","Strike_R","Defend_R","Defend_R","Defend_R","Defend_R"]},{"damage_healed":0.0,"max_hp_gain":0.0,"max_hp_loss":0.0,"gold_gain":0.0,"event_name":"Ghosts","player_choice":"Ignored","floor":21.0,"gold_loss":0.0,"damage_taken":0.0},{"damage_healed":0.0,"max_hp_gain":0.0,"max_hp_loss":0.0,"gold_gain":300.0,"event_name":"Wheel of Change","player_choice":"Gold","floor":38.0,"gold_loss":0.0,"damage_taken":0.0}],"is_beta":true,"boss_relics":[{"not_picked":["Empty Cage","SacredBark"],"picked":"Runic Pyramid"},{"not_picked":["Black Star","Tiny House"],"picked":"Fusion Hammer"}],"items_purged_floors":[37,47],"is_endless":false,"potions_floor_spawned":[13,14,20,22,28,31,40,45,48],"ascension_level":20}