{"gold_per_floor":[144,319,364,114,159,249,249,294,294,339,12,57,57,147,147,447,447,492,537,28,28,73,163,247,247,247,337,60,159,249,294,294,594,594,639,639,639,221,221,221,311,311,336,348,405,507,564,621,633,645],"floor_reached":51,"playtime":2131,"items_purged":["Doubt"],"score":1298,"play_id":"4e255e0f-51f3-4db6-946d-dd77f80910c5","local_time":"20180812142709","daily_mods":["Specialized","Midas","Time Dilation"],"is_ascension_mode":false,"campfire_choices":[{"floor":7,"key":"REST"},{"floor":15,"key":"REST"},{"floor":25,"key":"REST"},{"floor":32,"key":"REST"},{"floor":40,"key":"REST"},{"floor":42,"key":"REST"},{"floor":49,"key":"REST"}],"neow_cost":"","seed_source_timestamp":0,"circlet_count":0,"master_deck":["Defend_G","Defend_G","Defend_G","Defend_G","Defend_G","Strike_G+1","Survivor","Neutralize","Glass Knife","Glass Knife","Glass Knife+1","Glass Knife","Glass Knife","Backstab","Quick Slash+1","All Out Attack","Backflip+1","Glass Knife","Footwork","Backflip","Skewer","Flying Knee","Quick Slash","Phantasmal Killer","Malaise+1","Die Die Die+1","Adrenaline+1","Prepared","Well Laid Plans+1","Footwork","Heel Hook","Finesse","Storm of Steel","Backflip","Caltrops","Tools of the Trade","Cloak And Dagger","Backflip","Skewer","Cloak And Dagger+1","Adrenaline","Outmaneuver+1","Violence","Discovery","Footwork","Dash","Backflip","Dagger Throw+1","Dagger Throw","Dodge and Roll+1","PiercingWail+1","Bouncing Flask+1"],"special_seed":17755,"relics":["Ring of the Snake","Kunai","Orichalcum","Anchor","Tiny Chest","The Specimen","Astrolabe","Dodecahedron","Pear","Red Mask","Art of War","Ancient Tea Set","Whetstone","Lantern","Sozu","OrangePellets","Matryoshka","Oddly Smooth Stone","Darkstone Periapt","MawBank","Tough Bandages","Juzu Bracelet"],"potions_floor_usage":[6,14,16,16,30,33,50,50,50],"damage_taken":[{"damage":0,"enemies":"Small Slimes","floor":1,"turns":2},{"damage":0,"enemies":"Jaw Worm","floor":3,"turns":2},{"damage":0,"enemies":"Cultist","floor":5,"turns":1},{"damage":9,"enemies":"3 Sentries","floor":6,"turns":3},{"damage":0,"enemies":"Exordium Thugs","floor":8,"turns":2},{"damage":0,"enemies":"Gremlin Gang","floor":10,"turns":4},{"damage":0,"enemies":"Large Slime","floor":12,"turns":5},{"damage":0,"enemies":"Gremlin Nob","floor":14,"turns":2},{"damage":0,"enemies":"Slime Boss","floor":16,"turns":4},{"damage":0,"enemies":"Spheric Guardian","floor":18,"turns":1},{"damage":0,"enemies":"3 Byrds","floor":19,"turns":4},{"damage":0,"enemies":"Snake Plant","floor":22,"turns":3},{"damage":0,"enemies":"Book of Stabbing","floor":23,"turns":4},{"damage":0,"floor":24,"turns":3},{"damage":0,"enemies":"Slavers","floor":27,"turns":4},{"damage":0,"enemies":"Gremlin Leader","floor":30,"turns":5},{"damage":0,"enemies":"Snecko","floor":31,"turns":2},{"damage":0,"enemies":"Champ","floor":33,"turns":8},{"damage":0,"enemies":"3 Darklings","floor":35,"turns":1},{"damage":0,"enemies":"Nemesis","floor":41,"turns":4},{"damage":0,"floor":44,"turns":2},{"damage":0,"enemies":"Orb Walker","floor":45,"turns":2},{"damage":0,"enemies":"Giant Head","floor":46,"turns":8},{"damage":0,"enemies":"Sphere and 2 Shapes","floor":47,"turns":3},{"damage":0,"enemies":"Maw","floor":48,"turns":6},{"damage":0,"enemies":"Donu and Deca","floor":50,"turns":11}],"seed_played":"6518817445672204880","potions_obtained":[{"floor":1,"key":"FearPotion"},{"floor":5,"key":"Explosive Potion"},{"floor":6,"key":"PowerPotion"},{"floor":22,"key":"GhostInAJar"},{"floor":24,"key":"GamblersBrew"},{"floor":30,"key":"PowerPotion"},{"floor":33,"key":"FearPotion"}],"is_trial":false,"path_per_floor":["M","?","M","$","M","E","R","M","T","M","$","M","?","E","R","B",null,"M","M","$","?","M","E","?","R","T","E","$","?","E","M","R","B",null,"M","?","?","$","?","R","E","R","T","?","M","E","M","M","R","B"],"character_chosen":"THE_SILENT","items_purchased":["Kunai","Footwork","Backflip","Tiny Chest","Skewer","AttackPotion","Dodecahedron","Footwork","Heel Hook","Finesse","GhostInAJar","Whetstone","Backflip","Footwork","OrangePellets","Dash"],"campfire_rested":7,"item_purchase_floors":[4,11,11,11,11,11,20,20,20,20,28,28,28,38,38,38],"current_hp_per_floor":[70,70,70,70,70,61,70,70,70,70,70,70,56,56,70,70,70,70,70,70,70,70,80,80,80,80,80,80,80,80,80,80,80,80,80,80,70,70,70,80,80,80,80,80,80,80,80,80,80,80],"gold":657,"neow_bonus":"","is_prod":false,"is_daily":true,"chose_seed":false,"campfire_upgraded":0,"win_rate":0,"timestamp":1534058829,"path_taken":["M","?","M","?","?","E","R","?","T","M","?","M","?","E","R","BOSS","M","?","?","?","M","E","?","R","T","E","$","?","E","M","R","BOSS","M","?","?","$","?","R","E","R","T","?","M","E","M","M","R","BOSS"],"build_version":"2018-08-08","purchased_purges":1,"victory":true,"max_hp_per_floor":[70,70,70,70,70,70,70,70,70,70,70,70,70,70,70,70,70,70,70,70,70,70,80,80,80,80,80,80,80,80,80,80,80,80,80,80,80,80,80,80,80,80,80,80,80,80,80,80,80,80],"card_choices":[{"not_picked":["Poisoned Stab","Dagger Spray","Outmaneuver"],"picked":"SKIP","floor":1},{"not_picked":["Blade Dance","Dagger Spray"],"picked":"Backstab","floor":3},{"not_picked":["Outmaneuver","Setup"],"picked":"Quick Slash","floor":5},{"not_picked":["Dodge and Roll","Slice"],"picked":"All Out Attack","floor":6},{"not_picked":["Underhanded Strike","Poisoned Stab"],"picked":"Backflip","floor":8},{"not_picked":["Eviscerate","Flechettes"],"picked":"Glass Knife","floor":10},{"not_picked":["Prepared","Expertise"],"picked":"Flying Knee","floor":12},{"not_picked":["Outmaneuver","Infinite Blades"],"picked":"Quick Slash","floor":14},{"not_picked":["Envenom","Corpse Explosion"],"picked":"Phantasmal Killer","floor":16},{"not_picked":["Slice","Masterful Stab"],"picked":"Prepared","floor":18},{"not_picked":["Outmaneuver","Deflect"],"picked":"Well Laid Plans+1","floor":19},{"not_picked":["Deflect","Slice"],"picked":"Backflip","floor":22},{"not_picked":["Choke","Bane"],"picked":"Caltrops","floor":23},{"not_picked":["Tactician","Caltrops"],"picked":"Tools of the Trade","floor":24},{"not_picked":["Sucker Punch","Dagger Spray"],"picked":"Cloak And Dagger","floor":27},{"not_picked":["Poisoned Stab","Slice"],"picked":"Skewer","floor":30},{"not_picked":["Blade Dance","Dodge and Roll+1"],"picked":"Cloak And Dagger+1","floor":31},{"not_picked":["Die Die Die","Envenom"],"picked":"Adrenaline","floor":33},{"not_picked":["Slice","Concentrate+1"],"picked":"Outmaneuver+1","floor":35},{"not_picked":["Mayhem","Discovery"],"picked":"Violence","floor":37},{"not_picked":["Enlightenment","Bandage Up"],"picked":"Discovery","floor":37},{"not_picked":["Riddle With Holes+1","Sucker Punch"],"picked":"Backflip","floor":41},{"not_picked":["Acrobatics+1","Concentrate+1"],"picked":"Dagger Throw+1","floor":44},{"not_picked":["Prepared+1","Deflect"],"picked":"Dagger Throw","floor":45},{"not_picked":["Masterful Stab","Finisher+1"],"picked":"Dodge and Roll+1","floor":46},{"not_picked":["All Out Attack","Masterful Stab+1"],"picked":"PiercingWail+1","floor":47},{"not_picked":["Bane","Prepared"],"picked":"Bouncing Flask+1","floor":48}],"player_experience":305137,"relics_obtained":[{"floor":6,"key":"Orichalcum"},{"floor":9,"key":"Anchor"},{"floor":14,"key":"The Specimen"},{"floor":23,"key":"Pear"},{"floor":24,"key":"Red Mask"},{"floor":26,"key":"Art of War"},{"floor":27,"key":"Ancient Tea Set"},{"floor":30,"key":"Lantern"},{"floor":41,"key":"Oddly Smooth Stone"},{"floor":43,"key":"Darkstone Periapt"},{"floor":43,"key":"MawBank"},{"floor":44,"key":"Tough Bandages"},{"floor":46,"key":"Juzu Bracelet"}],"event_choices":[{"event_name":"Liars Game","player_choice":"agreed","floor":2,"damage_taken":0},{"event_name":"Shining Light","player_choice":"Entered Light","floor":13,"damage_taken":0},{"event_name":"Transmorgrifier","player_choice":"Transform","floor":21,"damage_taken":0},{"event_name":"Masked Bandits","player_choice":"Fought Bandits","floor":24,"damage_taken":0},{"event_name":"Nest","player_choice":"Stole From Cult","floor":29,"damage_taken":0},{"event_name":"SecretPortal","player_choice":"Rejected Portal.","floor":36,"damage_taken":0},{"event_name":"SensoryStone","player_choice":"Memory 3","floor":37,"damage_taken":0},{"event_name":"Wheel of Change","player_choice":"Relic","floor":39,"damage_taken":0},{"event_name":"Mysterious Sphere","player_choice":"Fight","floor":44,"damage_taken":0}],"is_beta":true,"boss_relics":[{"not_picked":["Pandora\u0027s Box","Eternal Feather"],"picked":"Astrolabe"},{"not_picked":["White Beast Statue","Velvet Choker"],"picked":"Sozu"}],"items_purged_floors":[38],"is_endless":false,"potions_floor_spawned":[1,5,6,22,24,30,31,33,35,46],"ascension_level":0}