{"gold_per_floor":[117,130,130,140,140,140,168,168,168,19,52,70,70,86,86,183,183,199,215,15,15,27,27],"floor_reached":23,"playtime":1420,"items_purged":[],"score":262,"play_id":"c9e34e0d-e93a-4f37-a163-c6788d998192","local_time":"20190928213156","is_ascension_mode":true,"campfire_choices":[{"data":"FollowUp","floor":6,"key":"SMITH"},{"data":"Eruption","floor":8,"key":"SMITH"},{"floor":13,"key":"REST"},{"data":"Alpha","floor":15,"key":"SMITH"}],"neow_cost":"NONE","seed_source_timestamp":1405629864434300,"circlet_count":0,"master_deck":["Eruption+1","Vigilance","Sanctity","FollowUp","FollowUp+1","Adaptation","MentalFortress","Devotion","EmptyBody","Sanctity","Consecrate","FollowUp","Alpha+1","CutThroughFate","Conclude","DeusExMachina","Vengeance+1","MasterReality+1","ConjureBlade+1","WreathOfFlame","Evaluate","Sanctity","EmptyMind","Omniscience","Scrawl+1","FollowUp+1","ThirdEye+1","WheelKick"],"relics":["Pandora\u0027s Box","HornCleat","Prayer Wheel","Gremlin Horn","Sling","MealTicket","Astrolabe","Orrery"],"potions_floor_usage":[16,19,23,23,23],"damage_taken":[{"damage":3,"enemies":"Jaw Worm","floor":1,"turns":2},{"damage":0,"enemies":"2 Louse","floor":2,"turns":1},{"damage":0,"enemies":"Cultist","floor":4,"turns":3},{"damage":19,"enemies":"Gremlin Nob","floor":7,"turns":6},{"damage":8,"enemies":"Lagavulin","floor":11,"turns":5},{"damage":0,"enemies":"2 Fungi Beasts","floor":12,"turns":3},{"damage":0,"enemies":"Looter","floor":14,"turns":1},{"damage":20,"enemies":"The Guardian","floor":16,"turns":6},{"damage":1,"enemies":"Spheric Guardian","floor":18,"turns":3},{"damage":33,"enemies":"2 Thieves","floor":19,"turns":4},{"damage":1,"enemies":"Snecko","floor":22,"turns":5},{"damage":61,"enemies":"Gremlin Leader","floor":23,"turns":4}],"seed_played":"-1448786784871387403","potions_obtained":[{"floor":7,"key":"BottledMiracle"},{"floor":12,"key":"Explosive Potion"},{"floor":18,"key":"Swift Potion"},{"floor":22,"key":"Energy Potion"}],"is_trial":false,"path_per_floor":["M","M","?","M","?","R","E","R","T","$","E","M","R","M","R","B",null,"M","M","$","?","M","E"],"character_chosen":"WATCHER","items_purchased":["Sling","Orrery","Explosive Potion"],"campfire_rested":1,"item_purchase_floors":[10,20,20],"current_hp_per_floor":[69,69,69,69,69,69,50,50,50,50,42,42,63,63,63,43,72,71,38,53,53,52,0],"gold":27,"neow_bonus":"BOSS_RELIC","is_prod":false,"is_daily":false,"chose_seed":false,"campfire_upgraded":3,"win_rate":0,"timestamp":1569720716,"path_taken":["M","M","?","M","?","R","E","R","T","$","E","M","R","M","R","BOSS","M","M","$","?","M","E"],"build_version":"2019-09-27","purchased_purges":0,"victory":false,"max_hp_per_floor":[72,72,72,72,72,72,72,72,72,72,72,72,72,72,72,72,72,72,72,72,72,72,72],"card_choices":[{"not_picked":["Prostrate","CrushJoints"],"picked":"EmptyBody","floor":1},{"not_picked":["SashWhip","Conclude"],"picked":"Sanctity","floor":2},{"not_picked":["Vengeance","FlyingSleeves"],"picked":"Consecrate","floor":4},{"not_picked":["Weave","FlyingSleeves"],"picked":"FollowUp","floor":7},{"not_picked":["TalkToTheHand","SashWhip"],"picked":"Alpha","floor":11},{"not_picked":["Weave","SandsOfTime"],"picked":"CutThroughFate","floor":12},{"not_picked":["Consecrate","Conclude","Fasting"],"picked":"SKIP","floor":12},{"not_picked":["Consecrate","Fasting"],"picked":"Conclude","floor":12},{"not_picked":["Tantrum","Worship"],"picked":"Halt","floor":14},{"not_picked":["PathToVictory","MentalFortress","SashWhip"],"picked":"SKIP","floor":14},{"not_picked":["Adaptation","Ragnarok"],"picked":"DeusExMachina","floor":16},{"not_picked":["Halt","FlyingSleeves+1"],"picked":"WreathOfFlame","floor":18},{"not_picked":["ClearTheMind","WaveOfTheHand"],"picked":"Evaluate","floor":18},{"not_picked":["TalkToTheHand","WindmillStrike"],"picked":"Sanctity","floor":19},{"not_picked":["CrushJoints","Crescendo+1"],"picked":"EmptyMind","floor":19},{"not_picked":["ThirdEye","JustLucky"],"picked":"Omniscience","floor":20},{"not_picked":["DeceiveReality","Worship+1"],"picked":"Scrawl+1","floor":20},{"not_picked":["Consecrate+1","Indignation"],"picked":"FollowUp+1","floor":20},{"not_picked":["ClearTheMind+1","SandsOfTime"],"picked":"ThirdEye+1","floor":20},{"not_picked":["BowlingBash","Sanctity+1"],"picked":"WheelKick","floor":20},{"not_picked":["CutThroughFate+1","FlowState","FlyingSleeves"],"picked":"SKIP","floor":22},{"not_picked":["CutThroughFate","EmptyBody","Crescendo"],"picked":"SKIP","floor":22}],"player_experience":186723,"relics_obtained":[{"floor":7,"key":"Prayer Wheel"},{"floor":9,"key":"Gremlin Horn"},{"floor":11,"key":"MealTicket"}],"event_choices":[{"damage_healed":0,"gold_gain":0,"player_choice":"Leave","damage_taken":0,"max_hp_gain":0,"max_hp_loss":0,"event_name":"The Cleric","floor":3,"gold_loss":0},{"damage_healed":0,"gold_gain":0,"player_choice":"Box","damage_taken":0,"relics_obtained":["HornCleat"],"max_hp_gain":0,"max_hp_loss":0,"event_name":"Big Fish","floor":5,"gold_loss":0,"cards_obtained":["Regret"]},{"cards_removed":["Regret"],"damage_healed":0,"gold_gain":0,"player_choice":"Purged","damage_taken":0,"max_hp_gain":0,"max_hp_loss":0,"event_name":"Purifier","floor":21,"gold_loss":0}],"is_beta":true,"boss_relics":[{"not_picked":["Fusion Hammer","SacredBark"],"picked":"Astrolabe"}],"items_purged_floors":[],"is_endless":false,"potions_floor_spawned":[7,12,18,22],"killed_by":"Gremlin Leader","ascension_level":1}