{"gold_per_floor":[114,114,67,81,81,115,134,161,231,231,248,248,248,45,45,144,144,131,131,131,147,164,164,199,56,56,56,85,101,101],"floor_reached":30,"playtime":2111,"items_purged":[],"score":317,"play_id":"e85509e1-739c-4612-bd39-603cf8b40221","local_time":"20190713203935","is_ascension_mode":true,"campfire_choices":[{"floor":10,"key":"REST"},{"floor":12,"key":"REST"},{"floor":15,"key":"RECALL"},{"floor":23,"key":"REST"},{"floor":27,"key":"REST"}],"neow_cost":"NONE","seed_source_timestamp":116464082166033,"circlet_count":0,"master_deck":["Strike_B","Strike_B","Strike_B","Defend_B","Defend_B","Defend_B","Defend_B","Zap","Dualcast","Cold Snap","Multi-Cast","Sweeping Beam","Sweeping Beam","Conserve Battery","Redo","Creative AI+1","Turbo","Coolheaded","Coolheaded+1","Hologram+1","Gash+1"],"relics":["Fusion Hammer","StoneCalendar","Oddly Smooth Stone","Bottled Tornado","Runic Capacitor","Philosopher\u0027s Stone","Pear","Bronze Scales","Molten Egg 2","Smiling Mask"],"potions_floor_usage":[8,22,24,24],"damage_taken":[{"damage":1,"enemies":"Cultist","floor":1,"turns":3},{"damage":2,"enemies":"2 Louse","floor":4,"turns":3},{"damage":18,"enemies":"3 Sentries","floor":6,"turns":5},{"damage":2,"enemies":"Small Slimes","floor":7,"turns":3},{"damage":32,"enemies":"Gremlin Nob","floor":8,"turns":5},{"damage":7,"enemies":"Red Slaver","floor":11,"turns":5},{"damage":18,"enemies":"The Guardian","floor":16,"turns":10},{"damage":19,"enemies":"2 Thieves","floor":18,"turns":4},{"damage":21,"enemies":"Spheric Guardian","floor":21,"turns":6},{"damage":16,"enemies":"Centurion and Healer","floor":22,"turns":7},{"damage":42,"enemies":"Book of Stabbing","floor":24,"turns":7},{"damage":37,"enemies":"Gremlin Leader","floor":28,"turns":8},{"damage":1,"enemies":"3 Cultists","floor":29,"turns":5},{"damage":14,"enemies":"Cultist and Chosen","floor":30,"turns":1}],"seed_played":"-955835501676410962","potions_obtained":[{"floor":1,"key":"Explosive Potion"},{"floor":4,"key":"PowerPotion"},{"floor":7,"key":"PowerPotion"},{"floor":18,"key":"Regen Potion"}],"is_trial":false,"path_per_floor":["M","?","$","M","?","E","M","E","T","R","M","R","?","$","R","B",null,"M","?","?","M","M","R","E","$","T","R","E","M","M"],"character_chosen":"DEFECT","items_purchased":["Sweeping Beam","Runic Capacitor","Bronze Scales"],"campfire_rested":4,"item_purchase_floors":[3,14,25],"current_hp_per_floor":[74,74,74,72,72,54,52,20,20,42,35,57,57,57,57,39,75,56,56,56,35,34,56,24,24,24,49,12,11,0],"gold":101,"neow_bonus":"BOSS_RELIC","is_prod":false,"is_daily":false,"chose_seed":false,"campfire_upgraded":0,"win_rate":0,"timestamp":1563043175,"path_taken":["M","?","?","M","?","E","M","E","T","R","?","R","?","$","R","BOSS","M","?","?","?","M","R","E","?","T","R","E","M","M"],"build_version":"2019-07-05","purchased_purges":0,"victory":false,"max_hp_per_floor":[75,75,75,75,75,75,75,75,75,75,75,75,75,75,75,75,75,75,75,75,75,75,75,85,85,85,85,85,85,85],"card_choices":[{"not_picked":["Loop","Beam Cell"],"picked":"Cold Snap","floor":1},{"not_picked":["Beam Cell","Aggregate"],"picked":"Sweeping Beam","floor":4},{"not_picked":["Go for the Eyes","Compile Driver"],"picked":"Conserve Battery","floor":6},{"not_picked":["Barrage","Beam Cell"],"picked":"Redo","floor":7},{"not_picked":["Sweeping Beam","Beam Cell"],"picked":"Creative AI","floor":8},{"not_picked":["Barrage","Sunder","Rebound"],"picked":"SKIP","floor":11},{"not_picked":["Coolheaded","Rebound+1"],"picked":"Turbo","floor":18},{"not_picked":["Double Energy+1","Turbo"],"picked":"Coolheaded","floor":21},{"not_picked":["Leap","Sunder+1"],"picked":"Coolheaded+1","floor":22},{"not_picked":["White Noise","Streamline"],"picked":"Hologram+1","floor":24},{"not_picked":["Stack","Echo Form"],"picked":"Gash+1","floor":28},{"not_picked":["Genetic Algorithm","Steam","Rebound+1"],"picked":"SKIP","floor":29}],"player_experience":256951,"relics_obtained":[{"floor":6,"key":"StoneCalendar"},{"floor":8,"key":"Oddly Smooth Stone"},{"floor":9,"key":"Bottled Tornado"},{"floor":24,"key":"Pear"},{"floor":26,"key":"Molten Egg 2"},{"floor":28,"key":"Smiling Mask"}],"event_choices":[{"damage_healed":0,"gold_gain":0,"player_choice":"1 cards matched","damage_taken":0,"max_hp_gain":0,"max_hp_loss":0,"event_name":"Match and Keep!","floor":2,"gold_loss":0,"cards_obtained":["Multi-Cast"]},{"cards_removed":["Strike_B"],"damage_healed":0,"gold_gain":0,"player_choice":"Purged","damage_taken":0,"max_hp_gain":0,"max_hp_loss":0,"event_name":"Purifier","floor":5,"gold_loss":0},{"damage_healed":0,"gold_gain":0,"player_choice":"Grow","damage_taken":0,"max_hp_gain":0,"max_hp_loss":0,"event_name":"Living Wall","floor":13,"gold_loss":0,"cards_upgraded":["Creative AI"]},{"damage_healed":0,"gold_gain":0,"player_choice":"Ignored","damage_taken":0,"max_hp_gain":0,"max_hp_loss":0,"event_name":"Ghosts","floor":19,"gold_loss":0},{"damage_healed":0,"gold_gain":0,"player_choice":"Ignored","damage_taken":0,"max_hp_gain":0,"max_hp_loss":0,"event_name":"N\u0027loth","floor":20,"gold_loss":0}],"is_beta":false,"boss_relics":[{"not_picked":["Snecko Eye","Velvet Choker"],"picked":"Philosopher\u0027s Stone"}],"items_purged_floors":[],"is_endless":false,"potions_floor_spawned":[1,4,7,18],"killed_by":"Cultist and Chosen","ascension_level":3}