{"gold_per_floor":[114,129,144,144,159,159,189,189,239,277,296,315,315,334,334,459,459,478,497,516,516,535,573,592,630,630,630,630,649,668,687,687,812,812,831,74,74,407,422,437,452,482,532,547,547,577,577,592,592,592],"floor_reached":51,"playtime":2154,"items_purged":["Normality"],"score":1317,"play_id":"b31da1f2-aff8-4310-9577-0aa91a721aed","local_time":"20180926152940","daily_mods":["SealedDeck","Cursed Run","Binary"],"is_ascension_mode":false,"campfire_choices":[{"data":"True Grit","floor":6.0,"key":"SMITH"},{"data":"Shockwave","floor":15.0,"key":"SMITH"},{"floor":28.0,"key":"REST"},{"floor":32.0,"key":"REST"},{"floor":47.0,"key":"REST"},{"floor":49.0,"key":"REST"}],"neow_cost":"","seed_source_timestamp":0,"circlet_count":0,"master_deck":["Power Through","Headbutt","Sword Boomerang","Evolve","Twin Strike","Flame Barrier","Thunderclap","Pummel","True Grit+1","Metallicize","Pommel Strike","Thunderclap","Anger","Regret","Feel No Pain","Shockwave+1","Injury","Regret","Flex","Disarm","Flame Barrier","Clumsy","Metallicize+1","Decay","Impervious","Armaments","Combust+1","Thunderclap+1","RitualDagger+1","Whirlwind+1","Flex","Flame Barrier","True Grit+1","Injury","Burning Pact+1","Impervious","Power Through","Barricade+1","Cleave","Battle Trance","Evolve+1","Clothesline+1","Thinking Ahead","Madness","Madness","Clothesline+1","True Grit+1","Inflame+1","Dropkick+1","Doubt","Bludgeon+1","Pain","Shrug It Off+1","Ghostly Armor","Pain"],"special_seed":17800,"relics":["Cursed Key","Darkstone Periapt","Du-Vu Doll","Kunai","Frozen Egg 2","Anchor","Bag of Marbles","Mummified Hand","Fusion Hammer","Singing Bowl","Bottled Lightning","Whetstone","Runic Dome","Molten Egg 2","Blood Vial","Centennial Puzzle","Ornamental Fan","Thread and Needle"],"potions_floor_usage":[50,50,50],"damage_taken":[{"damage":0.0,"enemies":"Small Slimes","floor":1.0,"turns":3.0},{"damage":0.0,"enemies":"Cultist","floor":2.0,"turns":2.0},{"damage":0.0,"enemies":"Jaw Worm","floor":3.0,"turns":2.0},{"damage":0.0,"enemies":"Exordium Thugs","floor":5.0,"turns":2.0},{"damage":0.0,"enemies":"3 Sentries","floor":7.0,"turns":4.0},{"damage":0.0,"enemies":"Lagavulin","floor":10.0,"turns":3.0},{"damage":0.0,"enemies":"Exordium Wildlife","floor":11.0,"turns":2.0},{"damage":0.0,"enemies":"Blue Slaver","floor":12.0,"turns":2.0},{"damage":1.0,"enemies":"2 Fungi Beasts","floor":14.0,"turns":2.0},{"damage":2.0,"enemies":"Slime Boss","floor":16.0,"turns":5.0},{"damage":0.0,"enemies":"Shell Parasite","floor":18.0,"turns":3.0},{"damage":3.0,"enemies":"2 Thieves","floor":19.0,"turns":4.0},{"damage":7.0,"enemies":"Shelled Parasite and Fungi","floor":20.0,"turns":4.0},{"damage":1.0,"enemies":"Centurion and Healer","floor":22.0,"turns":4.0},{"damage":18.0,"enemies":"Gremlin Leader","floor":23.0,"turns":4.0},{"damage":2.0,"enemies":"Snecko","floor":24.0,"turns":3.0},{"damage":3.0,"enemies":"Book of Stabbing","floor":25.0,"turns":5.0},{"damage":2.0,"enemies":"Snake Plant","floor":29.0,"turns":2.0},{"damage":0.0,"enemies":"3 Cultists","floor":30.0,"turns":3.0},{"damage":1.0,"enemies":"Snecko","floor":31.0,"turns":3.0},{"damage":6.0,"enemies":"Automaton","floor":33.0,"turns":8.0},{"damage":0.0,"enemies":"Orb Walker","floor":35.0,"turns":2.0},{"damage":0.0,"enemies":"3 Shapes","floor":39.0,"turns":3.0},{"damage":3.0,"enemies":"Maw","floor":40.0,"turns":6.0},{"damage":39.0,"enemies":"Reptomancer","floor":41.0,"turns":4.0},{"damage":10.0,"enemies":"Giant Head","floor":42.0,"turns":6.0},{"damage":15.0,"enemies":"Transient","floor":44.0,"turns":5.0},{"damage":0.0,"enemies":"2 Orb Walkers","floor":46.0,"turns":2.0},{"damage":12.0,"enemies":"4 Shapes","floor":48.0,"turns":3.0},{"damage":3,"enemies":"Awakened One","floor":50,"turns":12}],"seed_played":"-9213636199092254619","potions_obtained":[{"floor":2.0,"key":"SkillPotion"},{"floor":3.0,"key":"Regen Potion"},{"floor":10.0,"key":"Weak Potion"},{"floor":12.0,"key":"Regen Potion"},{"floor":20.0,"key":"LiquidBronze"},{"floor":24.0,"key":"Weak Potion"},{"floor":33.0,"key":"PowerPotion"},{"floor":35.0,"key":"Ancient Potion"},{"floor":46.0,"key":"AttackPotion"}],"is_trial":false,"path_per_floor":["M","M","M","?","M","R","E","?","T","E","M","M","T","M","R","B",null,"M","M","M","?","M","E","M","E","T","?","R","M","M","M","R","B",null,"M","$","?","?","M","M","M","E","T","M","T","E","R","M","R","B"],"character_chosen":"IRONCLAD","items_purchased":["Molten Egg 2","Battle Trance","Evolve+1","Clothesline+1","EssenceOfSteel","Thinking Ahead"],"campfire_rested":4,"item_purchase_floors":[36,36,36,36,36,36],"current_hp_per_floor":[80,80,80,86,86,86,86,92,98,98,98,98,104,103,103,107,110,110,107,100,94,93,75,73,70,76,76,110,108,108,107,116,116,122,122,122,107,107,107,104,65,55,61,48,54,56,96,86,126,131],"gold":592,"neow_bonus":"","is_prod":false,"is_daily":true,"chose_seed":false,"campfire_upgraded":2,"win_rate":0,"timestamp":1537950580,"path_taken":["M","M","M","?","M","R","E","?","T","E","M","?","?","M","R","BOSS","M","M","M","?","M","E","M","E","T","?","R","M","M","M","R","BOSS","M","$","?","?","?","M","M","E","T","?","?","E","R","M","R","BOSS"],"build_version":"2018-09-25","purchased_purges":1,"victory":true,"max_hp_per_floor":[80,80,80,86,86,86,86,92,98,98,98,98,104,104,104,110,110,110,110,110,110,110,110,110,110,116,116,116,116,116,116,116,122,122,122,122,122,122,122,122,122,122,128,128,134,134,134,134,134,140],"card_choices":[{"not_picked":["Rampage"],"picked":"Pommel Strike","floor":1.0},{"not_picked":["Warcry"],"picked":"Thunderclap","floor":2.0},{"not_picked":["Rage"],"picked":"Anger","floor":3.0},{"not_picked":["Rampage"],"picked":"Feel No Pain","floor":5.0},{"not_picked":["Wild Strike"],"picked":"Shockwave","floor":7.0},{"not_picked":["Pommel Strike"],"picked":"Flex","floor":10.0},{"not_picked":["Intimidate"],"picked":"Disarm","floor":11.0},{"not_picked":["Reaper"],"picked":"Flame Barrier","floor":12.0},{"not_picked":["Perfected Strike"],"picked":"Metallicize+1","floor":14.0},{"not_picked":["Berserk+1"],"picked":"Impervious","floor":16.0},{"not_picked":["Anger"],"picked":"Armaments","floor":18.0},{"not_picked":["Flex"],"picked":"Combust+1","floor":19.0},{"not_picked":["Headbutt"],"picked":"Thunderclap+1","floor":20.0},{"not_picked":["Flex"],"picked":"Whirlwind","floor":22.0},{"not_picked":["Anger"],"picked":"Flex","floor":23.0},{"not_picked":["Wild Strike"],"picked":"Flame Barrier","floor":24.0},{"not_picked":["Seeing Red+1"],"picked":"True Grit+1","floor":25.0},{"not_picked":["Shockwave"],"picked":"Burning Pact+1","floor":29.0},{"not_picked":["Headbutt+1"],"picked":"Impervious","floor":30.0},{"not_picked":["Perfected Strike"],"picked":"Power Through","floor":31.0},{"not_picked":["Double Tap"],"picked":"Barricade+1","floor":33.0},{"not_picked":["Clash"],"picked":"Cleave","floor":35.0},{"not_picked":["Reckless Charge+1"],"picked":"Clothesline+1","floor":39.0},{"not_picked":["Thunderclap+1"],"picked":"True Grit+1","floor":40.0},{"not_picked":["Clothesline+1"],"picked":"Inflame+1","floor":41.0},{"not_picked":["Body Slam+1"],"picked":"Dropkick+1","floor":42.0},{"not_picked":["Pommel Strike+1"],"picked":"Bludgeon+1","floor":44.0},{"not_picked":["Inflame+1"],"picked":"Shrug It Off+1","floor":46.0},{"not_picked":["Shockwave"],"picked":"Ghostly Armor","floor":48.0}],"player_experience":381575,"relics_obtained":[{"floor":7.0,"key":"Frozen Egg 2"},{"floor":9.0,"key":"Anchor"},{"floor":10.0,"key":"Bag of Marbles"},{"floor":13.0,"key":"Mummified Hand"},{"floor":23.0,"key":"Singing Bowl"},{"floor":25.0,"key":"Bottled Lightning"},{"floor":26.0,"key":"Whetstone"},{"floor":42.0,"key":"Blood Vial"},{"floor":43.0,"key":"Centennial Puzzle"},{"floor":45.0,"key":"Ornamental Fan"},{"floor":46.0,"key":"Thread and Needle"}],"event_choices":[{"event_name":"Big Fish","player_choice":"Box","floor":4.0,"damage_taken":0.0},{"event_name":"Golden Idol","player_choice":"Take Wound","floor":8.0,"damage_taken":0.0},{"event_name":"Nest","player_choice":"Joined the Cult","floor":21.0,"damage_taken":0.0},{"event_name":"Back to Basics","player_choice":"Simplicity","floor":27.0,"damage_taken":0.0},{"event_name":"Winding Halls","player_choice":"Embrace Madness","floor":37.0,"damage_taken":0.0},{"event_name":"The Moai Head","player_choice":"Gave Idol","floor":38.0,"damage_taken":0.0}],"is_beta":true,"boss_relics":[{"not_picked":["Astrolabe","Pandora\u0027s Box"],"picked":"Fusion Hammer"},{"not_picked":["Runic Cube","Lizard Tail"],"picked":"Runic Dome"}],"items_purged_floors":[36],"is_endless":false,"potions_floor_spawned":[2,3,10,12,20,24,25,33,35,40,41,46],"ascension_level":0}