{"gold_per_floor":[110,34,134,63,13,43,54,66,92,18,45,45,73,73,73,193,193,207,207,232,9,9,9,9],"floor_reached":24,"playtime":795,"items_purged":[],"score":270,"play_id":"469fdc0e-64ad-43d0-b340-09788127ff38","local_time":"20190607183329","is_ascension_mode":true,"campfire_choices":[{"data":"Hologram","floor":12,"key":"SMITH"},{"floor":15,"key":"REST"},{"data":"Conserve Battery","floor":23,"key":"SMITH"}],"neow_cost":"NONE","seed_source_timestamp":35115939809501,"circlet_count":0,"master_deck":["Strike_B","Strike_B","Strike_B","Defend_B","Defend_B","Defend_B","Defend_B","Zap","Dualcast","Gash","Gash","Sweeping Beam","Loop","Melter","Self Repair","Cold Snap","Loop","Hologram+1","Conserve Battery+1","Injury","Electrodynamics","Conserve Battery","Capacitor"],"relics":["Cracked Core","NeowsBlessing","Regal Pillow","Blood Vial","Ornamental Fan","Orichalcum","Golden Idol","Sozu","Shuriken","Art of War","CultistMask"],"potions_floor_usage":[11],"damage_taken":[{"damage":0,"enemies":"Small Slimes","floor":1,"turns":1},{"damage":0,"enemies":"Lagavulin","floor":6,"turns":1},{"damage":0,"enemies":"Cultist","floor":7,"turns":1},{"damage":0,"enemies":"2 Louse","floor":8,"turns":2},{"damage":34,"enemies":"Gremlin Nob","floor":11,"turns":4},{"damage":34,"enemies":"Lagavulin","floor":13,"turns":6},{"damage":36,"enemies":"Hexaghost","floor":16,"turns":11},{"damage":0,"enemies":"Spheric Guardian","floor":18,"turns":2},{"damage":7,"enemies":"3 Byrds","floor":20,"turns":2},{"damage":84,"enemies":"Slavers","floor":24,"turns":4}],"seed_played":"1815509898601333685","potions_obtained":[{"floor":6,"key":"Fruit Juice"},{"floor":13,"key":"Ancient Potion"},{"floor":16,"key":"Ancient Potion"}],"is_trial":false,"path_per_floor":["M","$","?","$","?","E","M","M","T","$","E","R","E","?","R","B",null,"M","?","M","$","?","R","E"],"character_chosen":"DEFECT","items_purchased":["Gash","Sweeping Beam","Loop","Loop","Capacitor","Art of War"],"campfire_rested":1,"item_purchase_floors":[2,2,4,10,21,21],"current_hp_per_floor":[75,75,75,75,75,75,75,75,75,75,53,53,28,28,67,40,80,80,80,73,73,73,73,0],"gold":9,"neow_bonus":"THREE_ENEMY_KILL","is_prod":false,"is_daily":false,"chose_seed":false,"campfire_upgraded":2,"win_rate":0,"timestamp":1559925209,"path_taken":["M","$","?","?","?","E","M","M","T","$","E","R","E","?","R","BOSS","M","?","M","?","?","R","E"],"build_version":"2019-01-23","purchased_purges":0,"victory":false,"max_hp_per_floor":[75,75,75,75,75,75,75,75,75,75,80,80,80,80,80,80,80,80,80,80,80,80,80,80],"card_choices":[{"not_picked":["Ball Lightning","Cold Snap"],"picked":"Gash","floor":1},{"not_picked":["Stack","Ball Lightning"],"picked":"Melter","floor":6},{"not_picked":["Ball Lightning","Leap"],"picked":"Self Repair","floor":7},{"not_picked":["Stack","Redo"],"picked":"Cold Snap","floor":8},{"not_picked":["Recycle","Doom and Gloom"],"picked":"Hologram","floor":11},{"not_picked":["Recycle","Biased Cognition"],"picked":"Conserve Battery","floor":13},{"not_picked":["Core Surge","Multi-Cast"],"picked":"Electrodynamics","floor":16},{"not_picked":["Sweeping Beam+1","Compile Driver+1"],"picked":"Conserve Battery","floor":18},{"not_picked":["Melter","Aggregate","Barrage"],"picked":"SKIP","floor":20}],"player_experience":207401,"relics_obtained":[{"floor":6,"key":"Regal Pillow"},{"floor":9,"key":"Blood Vial"},{"floor":11,"key":"Ornamental Fan"},{"floor":13,"key":"Orichalcum"}],"event_choices":[{"damage_healed":0,"gold_gain":100,"player_choice":"Pray","damage_taken":0,"max_hp_gain":0,"max_hp_loss":0,"event_name":"Golden Shrine","floor":3,"gold_loss":0},{"cards_removed":["Strike_B"],"damage_healed":0,"gold_gain":0,"player_choice":"Card Removal","damage_taken":0,"max_hp_gain":0,"max_hp_loss":0,"event_name":"The Cleric","floor":5,"gold_loss":50},{"damage_healed":0,"gold_gain":0,"player_choice":"Take Wound","damage_taken":0,"relics_obtained":["Golden Idol"],"max_hp_gain":0,"max_hp_loss":0,"event_name":"Golden Idol","floor":14,"gold_loss":0,"cards_obtained":["Injury"]},{"damage_healed":0,"gold_gain":0,"player_choice":"Gave Potion","damage_taken":0,"relics_obtained":["Shuriken"],"max_hp_gain":0,"max_hp_loss":0,"event_name":"WeMeetAgain","floor":19,"gold_loss":0},{"damage_healed":0,"gold_gain":0,"player_choice":"Trade","damage_taken":0,"relics_obtained":["CultistMask"],"max_hp_gain":0,"max_hp_loss":0,"event_name":"FaceTrader","floor":22,"gold_loss":0}],"is_beta":false,"boss_relics":[{"not_picked":["Coffee Dripper","Black Star"],"picked":"Sozu"}],"items_purged_floors":[],"is_endless":false,"potions_floor_spawned":[6,13,16,18],"killed_by":"Slavers","ascension_level":3}