{"gold_per_floor":[114,73,73,88,103,133,133,163,163,193,193,223,238,253,253,353,353,368,368,383,85,100,130,130,160,160,75,105,120,135,165,165,265,265,280,280,280,295,310,340,340,370,395,425,25,25,55,70,70,70],"floor_reached":51,"playtime":2077,"items_purged":["Fission","All For One"],"score":1473,"play_id":"8064cd13-1982-47e9-adb7-7e4df673be44","local_time":"20180719184858","daily_mods":["Shiny","Elite Swarm","Terminal"],"is_ascension_mode":false,"campfire_choices":[{"data":"Electrodynamics","floor":7,"key":"SMITH"},{"data":"Buffer","floor":11,"key":"SMITH"},{"data":"Seek","floor":15,"key":"SMITH"},{"data":"Hologram","floor":24,"key":"SMITH"},{"data":"Amplify","floor":32,"key":"SMITH"},{"data":"Seek","floor":41,"key":"SMITH"},{"data":"Amplify","floor":46,"key":"SMITH"},{"data":"Defragment","floor":49,"key":"SMITH"}],"neow_cost":"","seed_source_timestamp":0,"circlet_count":0,"master_deck":["Multi-Cast","Hyperbeam","Thunder Strike+1","Biased Cognition","Machine Learning","Electrodynamics+1","Buffer+1","Rainbow","Seek+1","Meteor Strike","Echo Form","Reboot","Amplify+1","Creative AI","Core Surge","Glacier","Storm+1","Conserve Battery","Seek+1","Amplify+1","Core Surge","Amplify","Hologram+1","Force Field","Echo Form","BootSequence+1","Glacier","Leap","Conserve Battery","Core Surge","Thunder Strike","Clumsy","Biased Cognition","Biased Cognition","Seek","Conserve Battery","Writhe","Biased Cognition","Amplify","Injury","Core Surge","Defragment+1"],"special_seed":17731,"relics":["Cracked Core","Happy Flower","Thread and Needle","Bottled Lightning","Ancient Tea Set","Bottled Tornado","Cursed Key","Lantern","Boot","Sundial","Turnip","Nunchaku","Symbiotic Virus","Peace Pipe","Nuclear Battery","Bag of Marbles","Oddly Smooth Stone","DataDisk","Toxic Egg 2","Ice Cream","StoneCalendar"],"potions_floor_usage":[16,33,50,50,50,50,50,50],"damage_taken":[{"damage":0,"enemies":"2 Louse","floor":1,"turns":1},{"damage":6,"enemies":"Jaw Worm","floor":4,"turns":2},{"damage":0,"enemies":"Cultist","floor":5,"turns":2},{"damage":0,"enemies":"3 Sentries","floor":6,"turns":3},{"damage":0,"enemies":"Gremlin Nob","floor":8,"turns":3},{"damage":0,"enemies":"Lagavulin","floor":10,"turns":5},{"damage":0,"enemies":"3 Sentries","floor":12,"turns":2},{"damage":0,"enemies":"2 Fungi Beasts","floor":13,"turns":2},{"damage":0,"enemies":"Large Slime","floor":14,"turns":3},{"damage":0,"enemies":"The Guardian","floor":16,"turns":4},{"damage":0,"enemies":"2 Thieves","floor":18,"turns":2},{"damage":1,"enemies":"Shell Parasite","floor":20,"turns":3},{"damage":0,"enemies":"Snecko","floor":22,"turns":3},{"damage":0,"enemies":"Slavers","floor":23,"turns":2},{"damage":0,"enemies":"Gremlin Leader","floor":25,"turns":4},{"damage":0,"enemies":"Slavers","floor":28,"turns":2},{"damage":0,"enemies":"Centurion and Healer","floor":29,"turns":3},{"damage":0,"enemies":"Sentry and Sphere","floor":30,"turns":1},{"damage":0,"enemies":"Gremlin Leader","floor":31,"turns":4},{"damage":0,"enemies":"Collector","floor":33,"turns":3},{"damage":0,"enemies":"Flame Bruiser 1 Orb","floor":35,"turns":2},{"damage":0,"enemies":"3 Shapes","floor":38,"turns":1},{"damage":0,"enemies":"3 Darklings","floor":39,"turns":1},{"damage":0,"enemies":"Nemesis","floor":40,"turns":5},{"damage":0,"enemies":"Giant Head","floor":42,"turns":4},{"damage":0,"enemies":"2 Orb Walkers","floor":44,"turns":1},{"damage":0,"enemies":"Giant Head","floor":47,"turns":4},{"damage":0,"enemies":"Maw","floor":48,"turns":3},{"damage":0,"enemies":"Time Eater","floor":50,"turns":5}],"seed_played":"-3692985004623791933","potions_obtained":[{"floor":1,"key":"Regen Potion"},{"floor":6,"key":"Weak Potion"},{"floor":10,"key":"EssenceOfSteel"},{"floor":13,"key":"FocusPotion"},{"floor":22,"key":"EssenceOfSteel"},{"floor":28,"key":"Block Potion"},{"floor":31,"key":"FocusPotion"},{"floor":33,"key":"EntropicBrew"}],"is_trial":false,"path_per_floor":["M","$","?","M","M","E","R","E","T","E","R","E","M","M","R","B",null,"M","?","M","$","M","E","R","E","T","?","E","M","M","E","R","B",null,"M","?","?","M","M","E","R","E","T","E","$","R","E","M","R","B"],"character_chosen":"DEFECT","items_purchased":["Storm","Lantern","Leap","Conserve Battery","Ice Cream"],"campfire_rested":0,"item_purchase_floors":[2,21,21,21,45],"current_hp_per_floor":[73,72,58,52,52,52,52,52,52,52,52,52,52,52,52,52,57,56,55,54,53,52,51,50,49,48,47,46,45,44,43,42,41,40,39,38,37,36,35,34,33,32,31,30,29,28,27,26,25,24],"gold":70,"neow_bonus":"","is_prod":false,"is_daily":true,"chose_seed":false,"campfire_upgraded":8,"win_rate":0,"timestamp":1532000938,"path_taken":["M","$","?","M","?","E","R","E","T","E","R","E","M","M","R","BOSS","M","?","M","$","M","E","R","E","T","?","E","M","M","E","R","BOSS","M","?","?","?","?","E","R","E","T","E","$","R","E","M","R","BOSS"],"build_version":"2018-07-18","purchased_purges":2,"victory":true,"max_hp_per_floor":[73,72,71,70,69,68,67,66,65,64,63,62,61,60,59,58,57,56,55,54,53,52,51,50,49,48,47,46,45,44,43,42,41,40,39,38,37,36,35,34,33,32,31,30,29,28,27,26,25,24],"card_choices":[{"not_picked":["Streamline","Auto Shields"],"picked":"Glacier","floor":1},{"not_picked":["Cold Snap","Coolheaded","Doom and Gloom"],"picked":"SKIP","floor":4},{"not_picked":["Coolheaded","Rebound"],"picked":"Conserve Battery","floor":5},{"not_picked":["All For One","Meteor Strike"],"picked":"Seek","floor":6},{"not_picked":["Multi-Cast","Meteor Strike"],"picked":"Amplify","floor":8},{"not_picked":["Fission","Meteor Strike"],"picked":"Core Surge","floor":10},{"not_picked":["Creative AI","Hyperbeam"],"picked":"Amplify","floor":12},{"not_picked":["Ball Lightning","Stack"],"picked":"Hologram","floor":13},{"not_picked":["Redo","Conserve Battery"],"picked":"Force Field","floor":14},{"not_picked":["Rainbow","Multi-Cast"],"picked":"Echo Form","floor":16},{"not_picked":["Leap","Sweeping Beam"],"picked":"BootSequence+1","floor":18},{"not_picked":["Glacier","Recycle","Gash"],"picked":"SKIP","floor":20},{"not_picked":["Recycle","Gash"],"picked":"Glacier","floor":20},{"not_picked":["Stack","Gash","Turbo+1"],"picked":"SKIP","floor":22},{"not_picked":["Machine Learning","Thunder Strike"],"picked":"Core Surge","floor":23},{"not_picked":["Electrodynamics","All For One"],"picked":"Thunder Strike","floor":25},{"not_picked":["Fission","Seek"],"picked":"Biased Cognition","floor":28},{"not_picked":["Barrage+1","Turbo","Cold Snap+1"],"picked":"SKIP","floor":29},{"not_picked":["Beam Cell","Redo","Gash"],"picked":"SKIP","floor":30},{"not_picked":["Buffer","Reboot"],"picked":"Biased Cognition","floor":31},{"not_picked":["Buffer","Echo Form"],"picked":"Seek","floor":33},{"not_picked":["Conserve Battery","Streamline","Melter+1"],"picked":"SKIP","floor":35},{"not_picked":["Streamline","Melter+1"],"picked":"Conserve Battery","floor":35},{"not_picked":["Beam Cell","Rebound+1","Self Repair+1"],"picked":"SKIP","floor":38},{"not_picked":["Gash","Chill+1","Genetic Algorithm"],"picked":"SKIP","floor":39},{"not_picked":["Fission","Creative AI"],"picked":"Biased Cognition","floor":40},{"not_picked":["Buffer","Creative AI"],"picked":"Amplify","floor":42},{"not_picked":["Multi-Cast","Reboot"],"picked":"Core Surge","floor":44},{"not_picked":["Machine Learning","Meteor Strike","Electrodynamics"],"picked":"SKIP","floor":47},{"not_picked":["Rip and Tear","Hologram+1"],"picked":"Defragment","floor":48}],"player_experience":231284,"relics_obtained":[{"floor":6,"key":"Happy Flower"},{"floor":8,"key":"Thread and Needle"},{"floor":9,"key":"Bottled Lightning"},{"floor":10,"key":"Ancient Tea Set"},{"floor":12,"key":"Bottled Tornado"},{"floor":23,"key":"Boot"},{"floor":25,"key":"Sundial"},{"floor":26,"key":"Turnip"},{"floor":28,"key":"Symbiotic Virus"},{"floor":31,"key":"Peace Pipe"},{"floor":40,"key":"Bag of Marbles"},{"floor":42,"key":"Oddly Smooth Stone"},{"floor":43,"key":"DataDisk"},{"floor":44,"key":"Toxic Egg 2"},{"floor":47,"key":"StoneCalendar"}],"event_choices":[{"event_name":"Shining Light","player_choice":"Entered Light","floor":3,"damage_taken":0},{"event_name":"Vampires","player_choice":"Ignored","floor":19,"damage_taken":0},{"event_name":"Addict","player_choice":"Obtained Relic","floor":27,"damage_taken":0},{"event_name":"SecretPortal","player_choice":"Rejected Portal.","floor":36,"damage_taken":0},{"event_name":"Winding Halls","player_choice":"Writhe","floor":37,"damage_taken":0}],"is_beta":true,"boss_relics":[{"not_picked":["Philosopher\u0027s Stone","Snecko Eye"],"picked":"Cursed Key"},{"not_picked":["Fusion Hammer","Black Star"],"picked":"Nuclear Battery"}],"items_purged_floors":[21,45],"is_endless":false,"potions_floor_spawned":[1,6,10,12,13,22,28,31,33,35,38,48],"ascension_level":0}