{"gold_per_floor":[109,109,121,121,140,170,170,202,226,226,241,261,279,115,115,215,215,225,235,235,235,253,288,288],"floor_reached":24,"playtime":2080,"items_purged":[],"score":278,"play_id":"ad16464d-3a66-4e01-bd23-3e802ebac2fe","local_time":"20190425180541","is_ascension_mode":false,"campfire_choices":[{"floor":7,"key":"REST"},{"floor":10,"key":"REST"},{"floor":15,"key":"REST"}],"neow_cost":"NONE","seed_source_timestamp":452398876510655,"circlet_count":0,"master_deck":["Strike_B+1","Strike_B+1","Strike_B+1","Strike_B+1","Defend_B+1","Defend_B+1","Defend_B+1","Defend_B+1","Zap+1","Dualcast","Hyperbeam","Redo","Sunder","Conserve Battery","Rainbow","Glacier","Genetic Algorithm","Defragment","Chaos","Melter","Hello World","Beam Cell","Machine Learning","Conserve Battery","Barrage","RitualDagger","Doom and Gloom","Leap"],"relics":["Cracked Core","Boot","Blood Vial","Bronze Scales","Inserter","Shuriken"],"potions_floor_usage":[23,24],"damage_taken":[{"damage":5,"enemies":"Small Slimes","floor":1,"turns":3},{"damage":6,"enemies":"Jaw Worm","floor":3,"turns":2},{"damage":0,"enemies":"2 Louse","floor":5,"turns":2},{"damage":27,"enemies":"Lagavulin","floor":6,"turns":6},{"damage":18,"enemies":"3 Sentries","floor":8,"turns":3},{"damage":0,"enemies":"2 Fungi Beasts","floor":11,"turns":3},{"damage":5,"enemies":"Blue Slaver","floor":12,"turns":3},{"damage":3,"enemies":"Large Slime","floor":13,"turns":5},{"damage":0,"enemies":"Slime Boss","floor":16,"turns":5},{"damage":10,"enemies":"Chosen","floor":18,"turns":5},{"damage":19,"enemies":"2 Thieves","floor":19,"turns":3},{"damage":8,"enemies":"Sentry and Sphere","floor":22,"turns":3},{"damage":36,"enemies":"Slavers","floor":23,"turns":5},{"damage":9,"enemies":"Centurion and Healer","floor":24,"turns":3}],"seed_played":"-4892125236334321466","potions_obtained":[{"floor":6,"key":"FocusPotion"},{"floor":8,"key":"FearPotion"},{"floor":13,"key":"SmokeBomb"},{"floor":18,"key":"EssenceOfSteel"},{"floor":23,"key":"Swift Potion"}],"is_trial":false,"path_per_floor":["M","?","M","?","M","E","R","E","T","R","M","M","M","$","R","B",null,"M","M","?","?","M","E","M"],"character_chosen":"DEFECT","items_purchased":["Melter","Hello World","Beam Cell"],"campfire_rested":3,"item_purchase_floors":[14,14,14],"current_hp_per_floor":[70,55,49,54,54,27,51,33,33,57,59,56,55,55,79,80,80,70,53,47,47,41,7,0],"gold":288,"neow_bonus":"ONE_RANDOM_RARE_CARD","is_prod":false,"is_daily":false,"chose_seed":false,"campfire_upgraded":0,"win_rate":0.0,"timestamp":1556233541,"path_taken":["M","?","M","?","M","E","R","E","T","R","M","M","M","?","R","BOSS","M","M","?","?","M","E","M"],"build_version":"2019-01-23","purchased_purges":0,"victory":false,"max_hp_per_floor":[75,75,75,80,80,80,80,80,80,80,80,80,80,80,80,80,80,80,80,80,80,80,80,80],"card_choices":[{"not_picked":["Turbo","Compile Driver"],"picked":"Redo","floor":1},{"not_picked":["Turbo","Leap"],"picked":"Sunder","floor":3},{"not_picked":["Stack","Ball Lightning"],"picked":"Conserve Battery","floor":5},{"not_picked":["Chaos","Go for the Eyes"],"picked":"Rainbow","floor":6},{"not_picked":["Leap","Steam"],"picked":"Glacier","floor":8},{"not_picked":["Turbo","Steam"],"picked":"Genetic Algorithm","floor":11},{"not_picked":["Streamline","Steam Power"],"picked":"Defragment","floor":12},{"not_picked":["Rip and Tear","Go for the Eyes"],"picked":"Chaos","floor":13},{"not_picked":["Multi-Cast","Rainbow"],"picked":"Machine Learning","floor":16},{"not_picked":["Redo","Defragment"],"picked":"Conserve Battery","floor":18},{"not_picked":["Go for the Eyes+1","Hologram"],"picked":"Barrage","floor":19},{"not_picked":["Leap","Conserve Battery"],"picked":"Doom and Gloom","floor":22},{"not_picked":["Gash","Darkness"],"picked":"Leap","floor":23}],"player_experience":60243,"relics_obtained":[{"floor":6,"key":"Boot"},{"floor":8,"key":"Blood Vial"},{"floor":9,"key":"Bronze Scales"},{"floor":23,"key":"Shuriken"}],"event_choices":[{"damage_healed":0,"gold_gain":0,"player_choice":"Entered Light","damage_taken":15,"max_hp_gain":0,"max_hp_loss":0,"event_name":"Shining Light","floor":2,"gold_loss":0,"cards_upgraded":["Strike_B","Zap"]},{"damage_healed":0,"gold_gain":0,"player_choice":"Donut","damage_taken":0,"max_hp_gain":5,"max_hp_loss":0,"event_name":"Big Fish","floor":4,"gold_loss":0},{"damage_healed":0,"gold_gain":0,"player_choice":"Joined the Cult","damage_taken":6,"max_hp_gain":0,"max_hp_loss":0,"event_name":"Nest","floor":20,"gold_loss":0,"cards_obtained":["RitualDagger"]},{"damage_healed":0,"gold_gain":0,"player_choice":"Simplicity","damage_taken":0,"max_hp_gain":0,"max_hp_loss":0,"event_name":"Back to Basics","floor":21,"gold_loss":0,"cards_upgraded":["Strike_B","Strike_B","Strike_B","Defend_B","Defend_B","Defend_B","Defend_B"]}],"is_beta":false,"boss_relics":[{"not_picked":["Empty Cage","Tiny House"],"picked":"Inserter"}],"items_purged_floors":[],"is_endless":false,"potions_floor_spawned":[6,8,13,18,19,23],"killed_by":"Centurion and Healer","ascension_level":0}