{"gold_per_floor":[118,138,85,10,10,42,60,75,100,110,9,9,40,53,53,130,130,142,22,22,22,0,0,25,25],"floor_reached":25,"playtime":936,"items_purged":[],"score":508,"play_id":"42f75d3f-3e50-4aa2-a9e8-7f82eb10e464","local_time":"20190504194936","is_ascension_mode":true,"campfire_choices":[{"data":"Defragment","floor":12.0,"key":"SMITH"},{"floor":15,"key":"REST"},{"floor":23,"key":"REST"}],"neow_cost":"NONE","seed_source_timestamp":1108658510353611,"circlet_count":0,"master_deck":["AscendersBane","Strike_B","Strike_B","Defend_B","Defend_B","Defend_B","Defend_B","Zap","Dualcast","Static Discharge","Defragment+1","Coolheaded","Defragment","Cold Snap","Streamline","Compile Driver","Defragment","Ball Lightning","Force Field","Undo","Hyperbeam","Capacitor","Glacier","Buffer"],"special_seed":0,"relics":["Cracked Core","NeowsBlessing","Anchor","Regal Pillow","Vajra","Black Star","CultistMask","Bottled Flame","Bronze Scales"],"potions_floor_usage":[14,24,25],"damage_taken":[{"damage":0.0,"enemies":"Cultist","floor":1.0,"turns":1.0},{"damage":0.0,"enemies":"Small Slimes","floor":2.0,"turns":1.0},{"damage":0.0,"enemies":"Lagavulin","floor":6.0,"turns":2.0},{"damage":0.0,"enemies":"2 Louse","floor":7.0,"turns":3.0},{"damage":12.0,"enemies":"Exordium Wildlife","floor":8.0,"turns":5.0},{"damage":8.0,"enemies":"Large Slime","floor":10.0,"turns":5.0},{"damage":26.0,"enemies":"Gremlin Nob","floor":13.0,"turns":3.0},{"damage":0,"enemies":"Gremlin Gang","floor":14,"turns":5},{"damage":30,"enemies":"The Guardian","floor":16,"turns":12},{"damage":9,"enemies":"Spheric Guardian","floor":18,"turns":6},{"damage":13,"enemies":"2 Thieves","floor":22,"turns":4},{"damage":67,"enemies":"Gremlin Leader","floor":24,"turns":7},{"damage":10,"enemies":"Chosen and Byrds","floor":25,"turns":2}],"seed_played":"2714411644392834316","potions_obtained":[{"floor":1.0,"key":"SteroidPotion"},{"floor":2.0,"key":"SteroidPotion"},{"floor":18,"key":"FocusPotion"},{"floor":24,"key":"Weak Potion"}],"is_trial":false,"path_per_floor":["M","M","$","?","?","E","M","M","T","M","$","R","E","M","R","B",null,"M","$","?","?","M","R","E","M"],"character_chosen":"DEFECT","items_purchased":["Coolheaded","Defragment","Ball Lightning","Capacitor","Glacier"],"campfire_rested":2,"item_purchase_floors":[3,11,11,19,19],"current_hp_per_floor":[64,64,64,64,57,57,57,45,45,37,37,37,11,11,47,17,58,49,49,49,49,36,71,4,0],"gold":25,"neow_bonus":"THREE_ENEMY_KILL","is_prod":false,"is_daily":false,"chose_seed":false,"campfire_upgraded":1,"win_rate":0,"timestamp":1557013776,"path_taken":["M","?","$","?","?","E","M","M","T","M","$","R","E","M","R","BOSS","M","$","?","?","?","R","E","M"],"build_version":"2019-01-23","purchased_purges":0,"victory":false,"max_hp_per_floor":[71,71,71,71,71,71,71,71,71,71,71,71,71,71,71,71,71,71,71,71,71,71,71,71,71],"card_choices":[{"not_picked":["Turbo","Barrage"],"picked":"Static Discharge","floor":1.0},{"not_picked":["Steam","Compile Driver"],"picked":"Defragment","floor":2.0},{"not_picked":["Reboot","Loop"],"picked":"Defragment","floor":6.0},{"not_picked":["Reinforced Body","Stack"],"picked":"Cold Snap","floor":7.0},{"not_picked":["Rebound","Hologram"],"picked":"Streamline","floor":8.0},{"not_picked":["Steam Power","Leap"],"picked":"Compile Driver","floor":10.0},{"not_picked":["Loop","Reprogram"],"picked":"Force Field","floor":13},{"not_picked":["Beam Cell","Streamline"],"picked":"Undo","floor":14},{"not_picked":["Rainbow","Thunder Strike"],"picked":"Hyperbeam","floor":16},{"not_picked":["Aggregate","Sweeping Beam","Melter"],"picked":"SKIP","floor":18},{"not_picked":["Streamline","Turbo","Rebound"],"picked":"SKIP","floor":22},{"not_picked":["Ball Lightning","Barrage"],"picked":"Buffer","floor":24}],"player_experience":821947,"relics_obtained":[{"floor":6.0,"key":"Anchor"},{"floor":9.0,"key":"Regal Pillow"},{"floor":13,"key":"Vajra"},{"floor":24,"key":"Bottled Flame"},{"floor":24,"key":"Bronze Scales"}],"event_choices":[{"cards_removed":["Strike_B"],"damage_healed":0.0,"max_hp_gain":0.0,"max_hp_loss":0.0,"gold_gain":0.0,"event_name":"The Cleric","player_choice":"Card Removal","floor":4.0,"gold_loss":75.0,"damage_taken":0.0},{"cards_removed":["Strike_B"],"damage_healed":0.0,"max_hp_gain":0.0,"max_hp_loss":0.0,"gold_gain":0.0,"event_name":"Golden Wing","player_choice":"Card Removal","floor":5.0,"gold_loss":0.0,"damage_taken":7.0},{"damage_healed":0,"gold_gain":0,"player_choice":"Trade","damage_taken":0,"relics_obtained":["CultistMask"],"max_hp_gain":0,"max_hp_loss":0,"event_name":"FaceTrader","floor":21,"gold_loss":0}],"is_beta":false,"boss_relics":[{"not_picked":["Ectoplasm","Runic Dome"],"picked":"Black Star"}],"items_purged_floors":[],"is_endless":false,"potions_floor_spawned":[1,2,6,8,18,24],"killed_by":"Chosen and Byrds","ascension_level":20}