{"gold_per_floor":[109,123,136,14,34,69,69,69,92,92,92,92,92,163,163,163],"floor_reached":16,"playtime":1052,"items_purged":[],"score":108,"play_id":"bc692899-3715-40b0-bd80-6d98c8fb713a","local_time":"20190129002231","is_ascension_mode":false,"campfire_choices":[{"floor":10,"key":"REST"},{"floor":12,"key":"REST"},{"data":"Doom and Gloom","floor":15,"key":"SMITH"}],"neow_cost":"NONE","seed_source_timestamp":399149687622100,"circlet_count":0,"master_deck":["Strike_B","Strike_B","Strike_B","Strike_B","Defend_B","Defend_B","Defend_B","Defend_B","Zap","Dualcast","Fission+1","Leap","Sunder","Doom and Gloom+1","Self Repair","Flash of Steel","FTL","Biased Cognition","Injury","Parasite","Hologram"],"relics":["Cracked Core","Happy Flower","Golden Idol","Vajra","Gambling Chip","Tiny Chest"],"potions_floor_usage":[],"damage_taken":[{"damage":0,"enemies":"Cultist","floor":1,"turns":3},{"damage":3,"enemies":"Small Slimes","floor":2,"turns":2},{"damage":4,"enemies":"Jaw Worm","floor":3,"turns":4},{"damage":12,"enemies":"2 Fungi Beasts","floor":5,"turns":3},{"damage":55,"enemies":"Gremlin Nob","floor":6,"turns":5},{"damage":4,"enemies":"3 Sentries","floor":14,"turns":4},{"damage":76,"enemies":"Hexaghost","floor":16,"turns":11}],"seed_played":"-7802601459974281185","potions_obtained":[{"floor":3,"key":"Fire Potion"},{"floor":5,"key":"GamblersBrew"}],"is_trial":false,"path_per_floor":["M","M","M","$","M","E","?","?","T","R","T","R","?","E","R","B"],"character_chosen":"DEFECT","items_purchased":["Self Repair","Flash of Steel"],"campfire_rested":2,"item_purchase_floors":[4,4],"current_hp_per_floor":[75,72,68,68,56,8,8,26,26,48,48,70,70,73,73,0],"gold":163,"neow_bonus":"ONE_RANDOM_RARE_CARD","is_prod":false,"is_daily":false,"chose_seed":false,"campfire_upgraded":1,"win_rate":0.0,"timestamp":1548681751,"path_taken":["M","M","M","$","M","E","?","?","T","R","?","R","?","E","R","BOSS"],"build_version":"2019-01-23","purchased_purges":0,"victory":false,"max_hp_per_floor":[75,75,75,75,75,75,75,75,75,75,75,75,75,75,75,75],"card_choices":[{"not_picked":["Hologram","Rebound"],"picked":"Leap","floor":1},{"not_picked":["Gash","Leap"],"picked":"Sunder","floor":2},{"not_picked":["Defragment","Hello World"],"picked":"Doom and Gloom","floor":3},{"not_picked":["Reprogram","Sunder"],"picked":"FTL","floor":5},{"not_picked":["Steam","Defragment"],"picked":"Biased Cognition","floor":6},{"not_picked":["Sweeping Beam","Heatsinks"],"picked":"Hologram","floor":14}],"player_experience":39438,"relics_obtained":[{"floor":6,"key":"Happy Flower"},{"floor":9,"key":"Vajra"},{"floor":11,"key":"Gambling Chip"},{"floor":14,"key":"Tiny Chest"}],"event_choices":[{"damage_healed":0,"gold_gain":0,"player_choice":"Take Wound","damage_taken":0,"relics_obtained":["Golden Idol"],"max_hp_gain":0,"max_hp_loss":0,"event_name":"Golden Idol","floor":7,"gold_loss":0,"cards_obtained":["Injury"]},{"damage_healed":18,"gold_gain":0,"player_choice":"Healed and dodged fight","damage_taken":0,"max_hp_gain":0,"max_hp_loss":0,"event_name":"Mushrooms","floor":8,"gold_loss":0,"cards_obtained":["Parasite"]},{"damage_healed":0,"gold_gain":0,"player_choice":"Grow","damage_taken":0,"max_hp_gain":0,"max_hp_loss":0,"event_name":"Living Wall","floor":13,"gold_loss":0,"cards_upgraded":["Fission"]}],"is_beta":false,"boss_relics":[],"items_purged_floors":[],"is_endless":false,"potions_floor_spawned":[3,5],"killed_by":"Hexaghost","ascension_level":0}