{"gold_per_floor":[118,118,43,43,67,67,100,100,100,119,138,154,154,175,175,296,296,315,414,414,4,4,4,25,25,25,64,64,85,101,101,101,229,229,253,253,274,293,8,8,8],"floor_reached":41,"playtime":2405,"items_purged":["Pain"],"score":518,"play_id":"d28982ec-ee3a-4651-a032-137526cc854f","local_time":"20190304052128","is_ascension_mode":true,"campfire_choices":[{"floor":6,"key":"REST"},{"data":"Demon Form","floor":8,"key":"SMITH"},{"floor":13,"key":"REST"},{"data":"Pommel Strike","floor":15,"key":"SMITH"},{"data":"J.A.X.","floor":23,"key":"SMITH"},{"data":"Heavy Blade","floor":25,"key":"SMITH"},{"data":"Bite","floor":28,"key":"SMITH"},{"data":"Bite","floor":32,"key":"SMITH"},{"data":"Double Tap","floor":40,"key":"SMITH"}],"neow_cost":"CURSE","seed_source_timestamp":102661619925611,"circlet_count":0,"master_deck":["Defend_R","Defend_R","Defend_R+1","Defend_R","Demon Form+1","Twin Strike+1","Twin Strike","Pommel Strike+1","Heavy Blade+1","Bludgeon","Bite+1","Bite+1","Bite","Bite","Bite+1","Cleave","J.A.X.+1","Ghostly Armor+1","Double Tap+1","Shrug It Off+1","Ghostly Armor"],"relics":["Burning Blood","Golden Idol","Bottled Tornado","Blue Candle","Sozu","Singing Bowl","Oddly Smooth Stone","Whetstone","Nunchaku","Coffee Dripper","ClockworkSouvenir"],"potions_floor_usage":[16,33,33],"damage_taken":[{"damage":15,"enemies":"Jaw Worm","floor":1,"turns":3},{"damage":6,"enemies":"2 Louse","floor":5,"turns":2},{"damage":13,"enemies":"Gremlin Nob","floor":7,"turns":4},{"damage":4,"enemies":"Small Slimes","floor":10,"turns":4},{"damage":11,"enemies":"Looter","floor":11,"turns":2},{"damage":12,"enemies":"Exordium Wildlife","floor":12,"turns":3},{"damage":17,"enemies":"Lots of Slimes","floor":14,"turns":4},{"damage":25,"enemies":"The Guardian","floor":16,"turns":6},{"damage":16,"enemies":"Spheric Guardian","floor":18,"turns":4},{"damage":27,"enemies":"3 Byrds","floor":24,"turns":5},{"damage":31,"enemies":"Gremlin Leader","floor":27,"turns":4},{"damage":16,"enemies":"Snecko","floor":29,"turns":4},{"damage":6,"enemies":"3 Cultists","floor":30,"turns":4},{"damage":67,"enemies":"Collector","floor":33,"turns":7},{"damage":7,"enemies":"Orb Walker","floor":35,"turns":3},{"damage":22,"enemies":"3 Darklings","floor":37,"turns":4},{"damage":44,"enemies":"4 Shapes","floor":38,"turns":6},{"damage":51,"enemies":"Reptomancer","floor":41,"turns":3}],"seed_played":"8978925512987874400","potions_obtained":[{"floor":7,"key":"Strength Potion"},{"floor":10,"key":"Strength Potion"},{"floor":12,"key":"Dexterity Potion"}],"is_trial":false,"path_per_floor":["M","?","$","?","M","R","E","R","T","M","M","M","R","M","R","B",null,"M","?","?","$","?","R","M","R","T","E","R","M","M","?","R","B",null,"M","$","M","M","$","R","E"],"character_chosen":"IRONCLAD","items_purchased":["Singing Bowl","Oddly Smooth Stone","Cleave","ClockworkSouvenir","Ghostly Armor"],"campfire_rested":2,"item_purchase_floors":[21,21,21,39,39],"current_hp_per_floor":[71,51,51,35,35,59,52,52,52,54,49,43,67,56,56,37,80,70,70,56,56,56,56,49,49,49,33,33,35,50,50,50,12,62,64,64,65,43,43,43,0],"gold":8,"neow_bonus":"THREE_RARE_CARDS","is_prod":false,"is_daily":false,"chose_seed":false,"campfire_upgraded":7,"win_rate":0,"timestamp":1551698488,"path_taken":["M","?","$","?","M","R","E","R","T","M","M","M","R","M","R","BOSS","M","?","?","$","?","R","?","R","T","E","R","M","M","?","R","BOSS","M","?","M","M","$","R","E"],"build_version":"2019-01-23","purchased_purges":1,"victory":false,"max_hp_per_floor":[80,80,80,80,80,80,80,80,80,80,80,80,80,80,80,80,80,80,80,56,56,56,56,58,58,58,60,60,60,62,62,62,62,62,64,64,66,66,66,66,66],"card_choices":[{"not_picked":["Offering","Barricade"],"picked":"Demon Form","floor":0},{"not_picked":["Havoc","Body Slam"],"picked":"Twin Strike","floor":1},{"not_picked":["Burning Pact","Perfected Strike"],"picked":"Twin Strike","floor":5},{"not_picked":["Wild Strike","Sword Boomerang"],"picked":"Pommel Strike","floor":7},{"not_picked":["Sentinel","Perfected Strike","Cleave"],"picked":"SKIP","floor":10},{"not_picked":["Cleave","Clothesline"],"picked":"Heavy Blade","floor":11},{"not_picked":["Perfected Strike","Pommel Strike","Havoc"],"picked":"SKIP","floor":12},{"not_picked":["Shockwave","Twin Strike","Headbutt"],"picked":"SKIP","floor":14},{"not_picked":["Offering","Juggernaut"],"picked":"Bludgeon","floor":16},{"not_picked":["Pommel Strike","Warcry","True Grit"],"picked":"SKIP","floor":18},{"not_picked":["Cleave+1","Heavy Blade","Clash"],"picked":"Singing Bowl","floor":24},{"not_picked":["Dropkick","Twin Strike","Disarm"],"picked":"Singing Bowl","floor":27},{"not_picked":["Dual Wield","Burning Pact"],"picked":"Ghostly Armor+1","floor":29},{"not_picked":["Dual Wield","Blood for Blood","Clothesline"],"picked":"Singing Bowl","floor":30},{"not_picked":["Berserk","Fiend Fire"],"picked":"Double Tap","floor":33},{"not_picked":["Ghostly Armor","Heavy Blade","Cleave"],"picked":"Singing Bowl","floor":35},{"not_picked":["Twin Strike+1","Thunderclap","Pommel Strike+1"],"picked":"Singing Bowl","floor":37},{"not_picked":["Shockwave","Rage"],"picked":"Shrug It Off+1","floor":38}],"player_experience":126965,"relics_obtained":[{"floor":7,"key":"Bottled Tornado"},{"floor":9,"key":"Blue Candle"},{"floor":26,"key":"Whetstone"},{"floor":27,"key":"Nunchaku"}],"event_choices":[{"damage_healed":0,"gold_gain":0,"player_choice":"Take Damage","damage_taken":20,"relics_obtained":["Golden Idol"],"max_hp_gain":0,"max_hp_loss":0,"event_name":"Golden Idol","floor":2,"gold_loss":0},{"damage_healed":0,"gold_gain":0,"player_choice":"Entered Light","damage_taken":16,"max_hp_gain":0,"max_hp_loss":0,"event_name":"Shining Light","floor":4,"gold_loss":0,"cards_upgraded":["Strike_R","Defend_R"]},{"damage_healed":0,"gold_gain":99,"player_choice":"Stole From Cult","damage_taken":0,"max_hp_gain":0,"max_hp_loss":0,"event_name":"Nest","floor":19,"gold_loss":0},{"damage_healed":0,"gold_gain":0,"player_choice":"Became a vampire","damage_taken":0,"max_hp_gain":0,"max_hp_loss":24,"event_name":"Vampires","floor":20,"gold_loss":0,"cards_obtained":["Bite","Bite","Bite","Bite","Bite"]},{"damage_healed":0,"gold_gain":0,"player_choice":"Obtain J.A.X.","damage_taken":0,"max_hp_gain":0,"max_hp_loss":0,"event_name":"Drug Dealer","floor":22,"gold_loss":0,"cards_obtained":["J.A.X."]},{"cards_removed":["Bash"],"damage_healed":0,"gold_gain":0,"player_choice":"Offered Basic","damage_taken":0,"max_hp_gain":0,"max_hp_loss":0,"event_name":"Bonfire Elementals","floor":31,"gold_loss":0}],"is_beta":false,"boss_relics":[{"not_picked":["Black Star","Calling Bell"],"picked":"Sozu"},{"not_picked":["Eternal Feather","Orrery"],"picked":"Coffee Dripper"}],"items_purged_floors":[3],"is_endless":false,"potions_floor_spawned":[7,10,12,14,18,29,30,33,37,38],"killed_by":"Reptomancer","ascension_level":4}