{"gold_per_floor":[128,160,192,204,235,247,298,324,362,349,12,51,1,22,22,22],"floor_reached":16,"playtime":1301,"items_purged":["Bash","Strike_R"],"score":118,"play_id":"23c9df4f-0bf8-4eed-b1c9-4fae18b64b44","local_time":"20190303075458","is_ascension_mode":true,"campfire_choices":[{"data":"Body Slam","floor":6,"key":"SMITH"},{"data":"Iron Wave","floor":15,"key":"SMITH"}],"neow_cost":"NONE","seed_source_timestamp":26576117478541,"circlet_count":0,"master_deck":["Strike_R","Strike_R","Strike_R","Strike_R","Defend_R","Defend_R","Defend_R","Defend_R","Iron Wave+1","Pommel Strike","Body Slam+1","Power Through","Inflame","Shrug It Off"],"relics":["Burning Blood","MawBank","Golden Idol","Vajra","Smiling Mask","Singing Bowl","Ancient Tea Set"],"potions_floor_usage":[16,16],"damage_taken":[{"damage":0,"enemies":"Small Slimes","floor":1,"turns":3},{"damage":0,"enemies":"2 Louse","floor":2,"turns":3},{"damage":6,"enemies":"Cultist","floor":3,"turns":3},{"damage":0,"enemies":"Large Slime","floor":5,"turns":4},{"damage":33,"enemies":"3 Sentries","floor":7,"turns":10},{"damage":3,"enemies":"2 Fungi Beasts","floor":8,"turns":3},{"damage":26,"enemies":"Gremlin Nob","floor":12,"turns":5},{"damage":0,"enemies":"Gremlin Gang","floor":14,"turns":3},{"damage":39,"enemies":"The Guardian","floor":16,"turns":14}],"seed_played":"-6676327330491912515","potions_obtained":[{"floor":1,"key":"EssenceOfSteel"},{"floor":2,"key":"Block Potion"},{"floor":5,"key":"LiquidBronze"},{"floor":7,"key":"Strength Potion"}],"is_trial":false,"path_per_floor":["M","M","M","?","M","R","E","M","T","?","$","E","$","M","R","B"],"character_chosen":"IRONCLAD","items_purchased":["Singing Bowl","Shrug It Off"],"campfire_rested":0,"item_purchase_floors":[11,11],"current_hp_per_floor":[80,80,80,60,66,66,39,42,42,42,42,24,24,32,32,0],"gold":22,"neow_bonus":"RANDOM_COMMON_RELIC","is_prod":false,"is_daily":false,"chose_seed":false,"campfire_upgraded":2,"win_rate":0,"timestamp":1551621298,"path_taken":["M","M","M","?","M","R","E","M","T","?","$","E","$","M","R","BOSS"],"build_version":"2019-01-23","purchased_purges":2,"victory":false,"max_hp_per_floor":[80,80,80,80,80,80,80,80,80,80,80,82,82,84,84,84],"card_choices":[{"not_picked":["Flame Barrier","Flex"],"picked":"Iron Wave","floor":1},{"not_picked":["Iron Wave","Sentinel"],"picked":"Pommel Strike","floor":2},{"not_picked":["Warcry","Sentinel"],"picked":"Body Slam","floor":3},{"not_picked":["Twin Strike","Whirlwind","Berserk"],"picked":"SKIP","floor":5},{"not_picked":["Entrench","Heavy Blade"],"picked":"Power Through","floor":7},{"not_picked":["Pummel","Flame Barrier"],"picked":"Inflame","floor":8},{"not_picked":["Armaments","Thunderclap","Shockwave"],"picked":"Singing Bowl","floor":12},{"not_picked":["Hemokinesis","Sword Boomerang","Flame Barrier"],"picked":"Singing Bowl","floor":14}],"player_experience":79400,"relics_obtained":[{"floor":7,"key":"Vajra"},{"floor":9,"key":"Smiling Mask"},{"floor":12,"key":"Ancient Tea Set"}],"event_choices":[{"damage_healed":0,"gold_gain":0,"player_choice":"Take Damage","damage_taken":20,"relics_obtained":["Golden Idol"],"max_hp_gain":0,"max_hp_loss":0,"event_name":"Golden Idol","floor":4,"gold_loss":0},{"damage_healed":0,"gold_gain":0,"player_choice":"Left Gold","damage_taken":0,"max_hp_gain":0,"max_hp_loss":0,"event_name":"World of Goop","floor":10,"gold_loss":25}],"is_beta":false,"boss_relics":[],"items_purged_floors":[11,13],"is_endless":false,"potions_floor_spawned":[1,2,5,7,14],"killed_by":"The Guardian","ascension_level":1}