{"path_per_floor":["M","M","?","$","M","E","M","E","T","M","?","?","R","M","R"],"character_chosen":"IRONCLAD","items_purchased":["Metallicize","Dual Wield"],"gold_per_floor":[110,128,128,50,69,99,116,147,172,188,188,188,188,198,198],"floor_reached":16,"campfire_rested":2,"playtime":973,"current_hp_per_floor":[72,63,63,63,46,44,40,29,29,29,26,26,50,52,76],"items_purged":[],"gold":198,"play_id":"fd24743b-f9d7-4fd4-8ef9-747485481e03","is_prod":false,"is_daily":false,"campfire_rituals":0,"campfire_upgraded":0,"is_hardmode":false,"path_taken":["M","M","?","$","?","E","M","E","T","M","?","?","R","M","R","BOSS"],"build_version":"2017-12-21-PROD1","purchased_purges":0,"victory":false,"master_deck":["Strike_R","Strike_R","Strike_R","Strike_R","Strike_R","Defend_R","Defend_R","Defend_R","Defend_R","Bash","Pain","Shrug It Off","Infernal Blade","Metallicize","Dual Wield","Inflame","Thunderclap","Second Wind","Evolve","Bludgeon","Perfected Strike"],"max_hp_per_floor":[80,80,80,80,80,80,80,80,80,80,80,80,80,80,80],"relics":["Burning Blood","Du-Vu Doll","Mercury Hourglass","Lantern","Juzu Bracelet","Matryoshka"],"campfire_meditates":0,"card_choices":[{"not_picked":["Intimidate","Reckless Charge"],"picked":"Shrug It Off"},{"not_picked":["Perfected Strike","Sentinel"],"picked":"Infernal Blade"},{"not_picked":["Hemokinesis","Pommel Strike"],"picked":"Inflame"},{"not_picked":["True Grit","Havoc"],"picked":"Thunderclap"},{"not_picked":["Flex","Armaments"],"picked":"Second Wind"},{"not_picked":["Rampage","Heavy Blade"],"picked":"Evolve"},{"not_picked":["Pommel Strike","Flex"],"picked":"Bludgeon"},{"not_picked":["Havoc","Wild Strike"],"picked":"Perfected Strike"}],"player_experience":94789,"potions_floor_usage":[6,7,7,16],"damage_taken":[{"damage":14,"enemies":"Jaw Worm","floor":1,"turns":2},{"damage":15,"enemies":"Looter","floor":2,"turns":3},{"damage":23,"enemies":"Blue Slaver","floor":5,"turns":5},{"damage":8,"enemies":"Gremlin Nob","floor":6,"turns":3},{"damage":16,"enemies":"Gremlin Gang","floor":7,"turns":3},{"damage":17,"enemies":"3 Sentries","floor":8,"turns":4},{"damage":6,"enemies":"Large Slime","floor":10,"turns":6},{"damage":4,"enemies":"2 Fungi Beasts","floor":14,"turns":2},{"damage":76,"enemies":"Hexaghost","floor":16,"turns":9}],"event_choices":[{"event_name":"The Cleric","player_choice":"Leave","floor":3,"damage_taken":0},{"event_name":"Scrap Ooze","player_choice":"success","floor":11,"damage_taken":3},{"event_name":"Living Wall","player_choice":"Grow","floor":12,"damage_taken":0}],"boss_relics":[],"potions_floor_spawned":[1,2,6,8],"seed_played":"599612119738179348","killed_by":"Hexaghost","is_trial":false}