{"path_per_floor":["M","M","$","?","M","M","M","R","T","$","R","E","?","M","R","B",null,"M","M","?","$"],"character_chosen":"DEFECT","items_purchased":["Ball Lightning","Thunder Strike","Mummified Hand","Leap"],"gold_per_floor":[110,120,70,145,160,174,194,194,194,43,43,69,244,256,256,353,353,373,387,387,17,17],"floor_reached":22,"campfire_rested":3,"playtime":837,"current_hp_per_floor":[71,71,71,60,49,21,14,36,36,36,58,40,40,12,34,12,75,45,19,19,19,0],"items_purged":["Strike_B","Decay"],"gold":17,"score":186,"play_id":"49a10714-daa0-4a8f-a043-19697adc2eec","local_time":"20180427120843","is_prod":false,"is_daily":false,"chose_seed":false,"is_ascension_mode":false,"campfire_upgraded":0,"timestamp":1524852523,"path_taken":["M","M","$","?","M","M","M","R","T","$","R","E","?","M","R","BOSS","M","?","?","$","M"],"build_version":"2018-04-26v2","seed_source_timestamp":1371376362911331,"purchased_purges":2,"victory":false,"master_deck":["Strike_B","Strike_B","Defend_B","Defend_B","Defend_B","Defend_B","Zap","Dualcast","White Noise","Storm","Ball Lightning","Capacitor","Genetic Algorithm","Static Discharge","Thunder Strike","Capacitor","Conserve Battery","Doubt","Capacitor","Barrage","Reboot","Force Field","Impulse","Leap"],"max_hp_per_floor":[75,75,75,75,75,75,75,75,75,75,75,75,75,75,75,75,75,75,75,75,75,75],"relics":["Cracked Core","Dream Catcher","Ancient Tea Set","Inserter","Mummified Hand"],"card_choices":[{"not_picked":["Buffer","Sweeping Beam"],"picked":"White Noise","floor":1},{"not_picked":["Heatsinks","Streamline"],"picked":"Storm","floor":2},{"not_picked":["Chill","Blaster"],"picked":"Capacitor","floor":5},{"not_picked":["Chaos","Axe Kick"],"picked":"Genetic Algorithm","floor":6},{"not_picked":["Skim","Blizzard"],"picked":"Static Discharge","floor":7},{"not_picked":["Go for the Eyes","Blizzard"],"picked":"Capacitor","floor":11},{"not_picked":["Fusion","Cold Snap"],"picked":"Conserve Battery","floor":12},{"not_picked":["Coolheaded","Streamline"],"picked":"Capacitor","floor":14},{"not_picked":["Stack","Coolheaded"],"picked":"Barrage","floor":15},{"not_picked":["Fusion","Rainbow"],"picked":"Reboot","floor":16},{"not_picked":["Axe Kick","Skim"],"picked":"Force Field","floor":18},{"not_picked":["Hologram","Cold Snap"],"picked":"Impulse","floor":19}],"player_experience":287773,"potions_floor_usage":[7,16,16,16],"damage_taken":[{"damage":4,"enemies":"2 Louse","floor":1,"turns":3},{"damage":0,"enemies":"Small Slimes","floor":2,"turns":3},{"damage":11,"enemies":"Jaw Worm","floor":5,"turns":2},{"damage":28,"enemies":"Exordium Thugs","floor":6,"turns":4},{"damage":7,"enemies":"Gremlin Gang","floor":7,"turns":3},{"damage":18,"enemies":"Lagavulin","floor":12,"turns":5},{"damage":28,"enemies":"Large Slime","floor":14,"turns":4},{"damage":22,"enemies":"Hexaghost","floor":16,"turns":6},{"damage":30,"enemies":"Spheric Guardian","floor":18,"turns":5},{"damage":26,"enemies":"3 Byrds","floor":19,"turns":5},{"damage":20,"enemies":"Sentry and Sphere","floor":22,"turns":3}],"event_choices":[{"event_name":"World of Goop","player_choice":"Gather Gold","floor":4,"damage_taken":0},{"event_name":"Liars Game","player_choice":"agreed","floor":13,"damage_taken":0},{"event_name":"Forgotten Altar","player_choice":"Smashed Altar","floor":20,"damage_taken":0}],"boss_relics":[{"not_picked":["Black Star","Astrolabe"],"picked":"Inserter"}],"potions_floor_spawned":[1,2,5,14,19],"seed_played":"-2150050538521895233","killed_by":"Sentry and Sphere","ascension_level":0,"is_trial":false}