{"gold_per_floor":[119,134,134,146,157,157,188,188,212,162,162,194,209,227,227,324,324,334,349,24,24,24,24,24],"floor_reached":24,"playtime":2997,"items_purged":[],"score":288,"play_id":"ebec39f6-1e4e-44c8-adf9-fd72d746cda8","local_time":"20181101140840","is_ascension_mode":true,"campfire_choices":[{"floor":6,"key":"REST"},{"data":"Multi-Cast","floor":8,"key":"SMITH"},{"data":"Redo","floor":11,"key":"SMITH"},{"floor":15,"key":"REST"},{"floor":23,"key":"REST"}],"neow_cost":"NONE","seed_source_timestamp":253000150985365,"circlet_count":0,"master_deck":["Strike_B","Strike_B+1","Strike_B","Defend_B","Defend_B+1","Defend_B","Defend_B","Zap+1","Dualcast","Cold Snap","Redo+1","Conserve Battery","Ball Lightning","Multi-Cast+1","White Noise","Capacitor","Machine Learning","Core Surge","Cold Snap","Blizzard","Coolheaded","Rebound","Reprogram","Shame"],"relics":["Cracked Core","Juzu Bracelet","Pen Nib","DataDisk","Orrery","Membership Card","Mummified Hand","Gremlin Horn"],"potions_floor_usage":[12,16,18,24,24],"damage_taken":[{"damage":1,"enemies":"Cultist","floor":1,"turns":3},{"damage":5,"enemies":"Jaw Worm","floor":2,"turns":3},{"damage":0,"enemies":"2 Louse","floor":4,"turns":2},{"damage":16,"enemies":"Exordium Wildlife","floor":5,"turns":7},{"damage":21,"enemies":"Gremlin Nob","floor":7,"turns":4},{"damage":8,"enemies":"Lagavulin","floor":12,"turns":7},{"damage":0,"enemies":"2 Fungi Beasts","floor":13,"turns":3},{"damage":1,"enemies":"Looter","floor":14,"turns":2},{"damage":6,"enemies":"Hexaghost","floor":16,"turns":9},{"damage":8,"enemies":"Shell Parasite","floor":18,"turns":5},{"damage":43,"enemies":"3 Byrds","floor":19,"turns":5},{"damage":37,"enemies":"Slavers","floor":24,"turns":3}],"seed_played":"7214806511404165626","potions_obtained":[{"floor":7,"key":"PowerPotion"},{"floor":12,"key":"Block Potion"},{"floor":14,"key":"SpeedPotion"},{"floor":16,"key":"EssenceOfSteel"},{"floor":18,"key":"SteroidPotion"}],"is_trial":false,"path_per_floor":["M","M","?","M","M","R","E","R","T","?","R","E","M","M","R","B",null,"M","M","$","?","?","R"],"character_chosen":"DEFECT","items_purchased":["Membership Card","Mummified Hand"],"campfire_rested":3,"item_purchase_floors":[20,20],"current_hp_per_floor":[67,62,47,47,31,53,32,32,32,32,32,24,24,23,45,39,66,58,15,15,15,15,37,0],"gold":24,"neow_bonus":"UPGRADE_CARD","is_prod":false,"is_daily":false,"chose_seed":false,"campfire_upgraded":2,"win_rate":0,"timestamp":1541095720,"path_taken":["M","?","?","M","M","R","E","R","T","?","R","E","M","M","R","BOSS","M","M","$","?","?","R","E"],"build_version":"2018-10-25v2","purchased_purges":0,"victory":false,"max_hp_per_floor":[75,75,75,75,75,75,75,75,75,75,75,75,75,75,75,75,75,75,75,75,75,75,75,75],"card_choices":[{"not_picked":["Conserve Battery","Steam"],"picked":"Cold Snap","floor":1},{"not_picked":["Leap","Barrage"],"picked":"Redo","floor":2},{"not_picked":["Melter","Leap"],"picked":"Conserve Battery","floor":4},{"not_picked":["Beam Cell","Scrape"],"picked":"Ball Lightning","floor":5},{"not_picked":["Lockon","Compile Driver"],"picked":"Multi-Cast","floor":7},{"not_picked":["Streamline","Coolheaded"],"picked":"White Noise","floor":12},{"not_picked":["Force Field","Leap"],"picked":"Capacitor","floor":13},{"not_picked":["Leap","Steam"],"picked":"Machine Learning","floor":14},{"not_picked":["Seek","Amplify"],"picked":"Core Surge","floor":16},{"not_picked":["Hologram","Gash"],"picked":"Cold Snap","floor":17},{"not_picked":["FTL","Darkness"],"picked":"Blizzard","floor":17},{"not_picked":["Streamline","Conserve Battery"],"picked":"Coolheaded","floor":17},{"not_picked":["Reinforced Body","Streamline"],"picked":"Rebound","floor":18},{"not_picked":["Hologram","Steam"],"picked":"Reprogram","floor":19}],"player_experience":125755,"relics_obtained":[{"floor":7,"key":"Juzu Bracelet"},{"floor":9,"key":"Pen Nib"},{"floor":12,"key":"DataDisk"}],"event_choices":[{"damage_healed":0,"gold_gain":0,"player_choice":"Entered Light","damage_taken":15,"max_hp_gain":0,"max_hp_loss":0,"event_name":"Shining Light","floor":3,"gold_loss":0,"cards_upgraded":["Defend_B","Strike_B"]},{"cards_removed":["Strike_B"],"damage_healed":0,"gold_gain":0,"player_choice":"Card Removal","damage_taken":0,"max_hp_gain":0,"max_hp_loss":0,"event_name":"The Cleric","floor":10,"gold_loss":50},{"damage_healed":0,"gold_gain":0,"player_choice":"Stole Relic","damage_taken":0,"relics_obtained":["Gremlin Horn"],"max_hp_gain":0,"max_hp_loss":0,"event_name":"Addict","floor":21,"gold_loss":0,"cards_obtained":["Shame"]},{"damage_healed":0,"gold_gain":0,"player_choice":"Ignored","damage_taken":0,"max_hp_gain":0,"max_hp_loss":0,"event_name":"Cursed Tome","floor":22,"gold_loss":0}],"is_beta":false,"boss_relics":[{"not_picked":["Runic Dome","Velvet Choker"],"picked":"Orrery"}],"items_purged_floors":[],"is_endless":false,"potions_floor_spawned":[7,12,14,16,18],"killed_by":"Slavers","ascension_level":8}