{"gold_per_floor":[119,137,156,169,180,180,214,214,214,214,214,233,233,247,247,370,370,391,411,161,184,198,198,212,212,212,212,212,233,57,96,96,216,216,230,230,248,93,93,93,131,131,157,32,66,87,87,112,112,112],"floor_reached":51,"playtime":7767,"items_purged":["Defend_B","Defend_B","Defend_B"],"score":779,"play_id":"802a66d8-19c3-45d6-82f8-0adbebf209c5","local_time":"20190307142330","is_ascension_mode":false,"campfire_choices":[{"data":"Loop","floor":6,"key":"SMITH"},{"data":"Conserve Battery","floor":8,"key":"SMITH"},{"data":"Chill","floor":10,"key":"SMITH"},{"data":"Cold Snap","floor":15,"key":"SMITH"},{"data":"Consume","floor":23,"key":"SMITH"},{"data":"Buffer","floor":25,"key":"SMITH"},{"data":"Cold Snap","floor":27,"key":"SMITH"},{"data":"Doom and Gloom","floor":32,"key":"SMITH"},{"data":"All For One","floor":40,"key":"SMITH"},{"data":"Multi-Cast","floor":42,"key":"SMITH"},{"data":"Conserve Battery","floor":47,"key":"SMITH"},{"floor":49,"key":"REST"}],"neow_cost":"NONE","seed_source_timestamp":7496531316025,"circlet_count":0,"master_deck":["Strike_B","Strike_B","Strike_B","Strike_B","Defend_B","Zap","Dualcast","Conserve Battery+1","Cold Snap+1","Cold Snap+1","Loop+1","Chill+1","Force Field","Conserve Battery+1","Conserve Battery+1","Buffer+1","Glacier","Stack","Mayhem","Consume+1","Doom and Gloom+1","Machine Learning","Melter","Multi-Cast+1","All For One+1","Compile Driver","Zap","BootSequence","Go for the Eyes+1","Go for the Eyes+1"],"relics":["Velvet Choker","Thread and Needle","Kunai","Golden Idol","Snecko Eye","Pear","Bottled Flame","Busted Crown","Bronze Scales","Question Card","Ancient Tea Set","Omamori"],"potions_floor_usage":[33,33,33,48],"damage_taken":[{"damage":0,"enemies":"Cultist","floor":1,"turns":3},{"damage":0,"enemies":"Small Slimes","floor":2,"turns":4},{"damage":0,"enemies":"Jaw Worm","floor":3,"turns":2},{"damage":8,"enemies":"Gremlin Gang","floor":4,"turns":5},{"damage":0,"enemies":"Large Slime","floor":5,"turns":7},{"damage":8,"enemies":"Lagavulin","floor":7,"turns":8},{"damage":0,"enemies":"Exordium Wildlife","floor":12,"turns":5},{"damage":0,"enemies":"Red Slaver","floor":14,"turns":4},{"damage":14,"enemies":"The Guardian","floor":16,"turns":17},{"damage":0,"enemies":"Shell Parasite","floor":18,"turns":9},{"damage":4,"enemies":"3 Byrds","floor":19,"turns":7},{"damage":0,"enemies":"Snake Plant","floor":21,"turns":9},{"damage":0,"enemies":"Shelled Parasite and Fungi","floor":22,"turns":12},{"damage":0,"enemies":"Centurion and Healer","floor":24,"turns":18},{"damage":7,"enemies":"Snake Plant","floor":29,"turns":4},{"damage":18,"enemies":"Book of Stabbing","floor":31,"turns":8},{"damage":0,"enemies":"Collector","floor":33,"turns":17},{"damage":13,"enemies":"3 Shapes","floor":35,"turns":5},{"damage":0,"enemies":"Orb Walker","floor":37,"turns":4},{"damage":0,"enemies":"Giant Head","floor":41,"turns":7},{"damage":36,"enemies":"Nemesis","floor":45,"turns":5},{"damage":0,"enemies":"Sphere and 2 Shapes","floor":46,"turns":2},{"damage":20,"enemies":"4 Shapes","floor":48,"turns":5},{"damage":6,"enemies":"Donu and Deca","floor":50,"turns":7}],"seed_played":"6138014374127829859","potions_obtained":[{"floor":2,"key":"Strength Potion"},{"floor":5,"key":"SkillPotion"},{"floor":14,"key":"LiquidBronze"},{"floor":16,"key":"Swift Potion"},{"floor":41,"key":"Regen Potion"}],"is_trial":false,"path_per_floor":["M","M","M","M","M","R","E","R","T","R","?","M","?","M","R","B",null,"M","M","$","M","M","R","M","R","T","R","?","M","$","E","R","B",null,"M","?","M","$","?","R","E","R","T","$","E","M","R","M","R","B",null],"character_chosen":"DEFECT","items_purchased":["Mayhem","Melter","Bronze Scales"],"campfire_rested":1,"item_purchase_floors":[20,30,38],"current_hp_per_floor":[75,75,75,67,67,67,59,59,59,59,41,41,41,41,41,27,75,75,71,71,71,71,71,71,71,81,81,81,74,74,56,56,56,85,72,72,72,72,72,72,72,72,72,72,36,36,36,28,53,47],"gold":112,"neow_bonus":"BOSS_RELIC","is_prod":false,"is_daily":false,"chose_seed":false,"campfire_upgraded":11,"win_rate":0.0,"timestamp":1551965010,"path_taken":["M","?","M","M","M","R","E","R","T","R","?","M","?","M","R","BOSS","M","M","$","M","?","R","M","R","T","R","?","M","$","E","R","BOSS","M","?","M","$","?","R","E","R","T","$","E","?","R","M","R","BOSS"],"build_version":"2019-01-23","purchased_purges":3,"victory":true,"max_hp_per_floor":[75,75,75,75,75,75,75,75,75,75,75,75,75,75,75,75,75,75,75,75,75,75,75,75,75,85,85,85,85,85,85,85,85,85,85,85,85,85,85,85,85,85,85,85,85,85,85,85,85,85],"card_choices":[{"not_picked":["Redo","Compile Driver"],"picked":"Conserve Battery","floor":1},{"not_picked":["Hologram","Barrage"],"picked":"Cold Snap","floor":2},{"not_picked":["Hologram","Sweeping Beam"],"picked":"Cold Snap","floor":3},{"not_picked":["Coolheaded","Fission"],"picked":"Loop","floor":4},{"not_picked":["Go for the Eyes","Steam"],"picked":"Chill","floor":5},{"not_picked":["Gash","Sweeping Beam"],"picked":"Force Field","floor":7},{"not_picked":["Skim","Sweeping Beam"],"picked":"Conserve Battery","floor":12},{"not_picked":["Stack","Auto Shields"],"picked":"Conserve Battery","floor":14},{"not_picked":["Thunder Strike","Rainbow"],"picked":"Buffer","floor":16},{"not_picked":["Reprogram+1","Barrage"],"picked":"Glacier","floor":18},{"not_picked":["Heatsinks+1","Static Discharge+1"],"picked":"Stack","floor":19},{"not_picked":["Reinforced Body","Auto Shields"],"picked":"Consume","floor":21},{"not_picked":["Rip and Tear","Leap","Stack+1"],"picked":"SKIP","floor":22},{"not_picked":["Hologram","Steam Power+1","Streamline+1"],"picked":"SKIP","floor":24},{"not_picked":["Leap","Steam"],"picked":"Machine Learning","floor":29},{"not_picked":["Streamline","Reboot","Reprogram"],"picked":"SKIP","floor":31},{"not_picked":["Seek","Electrodynamics"],"picked":"Multi-Cast","floor":33},{"not_picked":["Auto Shields+1"],"picked":"SKIP","floor":35},{"not_picked":["Stack"],"picked":"SKIP","floor":37},{"not_picked":["Chaos"],"picked":"SKIP","floor":41},{"not_picked":["Machine Learning"],"picked":"BootSequence","floor":45},{"not_picked":["Storm"],"picked":"Go for the Eyes+1","floor":46},{"not_picked":["Loop"],"picked":"Go for the Eyes+1","floor":48}],"player_experience":44694,"relics_obtained":[{"floor":7,"key":"Thread and Needle"},{"floor":9,"key":"Kunai"},{"floor":26,"key":"Pear"},{"floor":31,"key":"Bottled Flame"},{"floor":41,"key":"Question Card"},{"floor":43,"key":"Ancient Tea Set"},{"floor":45,"key":"Omamori"}],"event_choices":[{"damage_healed":0,"gold_gain":0,"player_choice":"Take Damage","damage_taken":18,"relics_obtained":["Golden Idol"],"max_hp_gain":0,"max_hp_loss":0,"event_name":"Golden Idol","floor":11,"gold_loss":0},{"damage_healed":0,"gold_gain":0,"player_choice":"Forge","damage_taken":0,"max_hp_gain":0,"max_hp_loss":0,"event_name":"Accursed Blacksmith","floor":13,"gold_loss":0,"cards_upgraded":["Conserve Battery"]},{"damage_healed":0,"gold_gain":0,"player_choice":"Read","damage_taken":0,"max_hp_gain":0,"max_hp_loss":0,"event_name":"The Library","floor":28,"gold_loss":0,"cards_obtained":["Doom and Gloom"]},{"damage_healed":0,"gold_gain":0,"player_choice":"Ignored","damage_taken":0,"max_hp_gain":0,"max_hp_loss":0,"event_name":"Tomb of Lord Red Mask","floor":36,"gold_loss":0},{"damage_healed":0,"gold_gain":0,"player_choice":"3 cards matched","damage_taken":0,"max_hp_gain":0,"max_hp_loss":0,"event_name":"Match and Keep!","floor":39,"gold_loss":0,"cards_obtained":["All For One","Compile Driver","Zap"]}],"is_beta":false,"boss_relics":[{"not_picked":["Tiny House","Fusion Hammer"],"picked":"Snecko Eye"},{"not_picked":["White Beast Statue","Eternal Feather"],"picked":"Busted Crown"}],"items_purged_floors":[20,30,44],"is_endless":false,"potions_floor_spawned":[2,5,14,16,19,22,24,31,35,41],"ascension_level":0}