{"gold_per_floor":[20,30,44,44,54,86,100,100,100,100,112,112,146,166,166,266,266,283,363,380,23,23],"floor_reached":22,"playtime":5102,"items_purged":["Strike_R"],"score":218,"play_id":"bbfeacf6-d4d2-4db2-a172-96f1ebc10afe","local_time":"20190228154825","is_ascension_mode":true,"campfire_choices":[{"data":"Limit Break","floor":8,"key":"SMITH"},{"floor":15,"key":"REST"}],"neow_cost":"NO_GOLD","seed_source_timestamp":1195736423481100,"circlet_count":0,"master_deck":["Strike_R","Strike_R","Strike_R","Defend_R","Defend_R","Defend_R","Defend_R","Bash","Inflame+1","Shockwave","Disarm","Limit Break+1","Dropkick","Heavy Blade","Corruption","Demon Form"],"relics":["Burning Blood","WingedGreaves","Pen Nib","Dodecahedron","Incense Burner","Toxic Egg 2","Ornamental Fan","Happy Flower"],"potions_floor_usage":[5,6,13,13,16,18,22],"damage_taken":[{"damage":9,"enemies":"2 Louse","floor":1,"turns":4},{"damage":1,"enemies":"Cultist","floor":2,"turns":3},{"damage":8,"enemies":"Jaw Worm","floor":3,"turns":4},{"damage":3,"enemies":"2 Fungi Beasts","floor":5,"turns":5},{"damage":40,"enemies":"3 Sentries","floor":6,"turns":8},{"damage":6,"enemies":"Red Slaver","floor":7,"turns":5},{"damage":3,"enemies":"Looter","floor":11,"turns":3},{"damage":11,"enemies":"Gremlin Nob","floor":13,"turns":3},{"damage":12,"enemies":"3 Louse","floor":14,"turns":5},{"damage":23,"enemies":"Hexaghost","floor":16,"turns":10},{"damage":21,"enemies":"Shell Parasite","floor":18,"turns":6},{"damage":60,"enemies":"Spheric Guardian","floor":20,"turns":6},{"damage":12,"enemies":"Snake Plant","floor":22,"turns":2}],"seed_played":"6578264922113222401","potions_obtained":[{"floor":1,"key":"Energy Potion"},{"floor":3,"key":"SneckoOil"},{"floor":6,"key":"Regen Potion"},{"floor":11,"key":"AttackPotion"},{"floor":14,"key":"Block Potion"},{"floor":16,"key":"Energy Potion"}],"is_trial":false,"path_per_floor":["M","M","M","?","M","E","M","R","T","?","M","?","E","M","R","B",null,"M","T","M","$","M"],"character_chosen":"IRONCLAD","items_purchased":["LiquidBronze","Happy Flower","FearPotion"],"campfire_rested":1,"item_purchase_floors":[21,21,21],"current_hp_per_floor":[77,80,78,78,80,46,46,46,46,46,49,49,49,43,67,50,80,65,65,11,11,0],"gold":23,"neow_bonus":"ONE_RARE_RELIC","is_prod":false,"is_daily":false,"chose_seed":false,"campfire_upgraded":1,"win_rate":0,"timestamp":1551329305,"path_taken":["M","M","M","?","?","E","M","R","T","?","M","?","E","M","R","BOSS","M","?","M","$","M"],"build_version":"2019-01-23","purchased_purges":1,"victory":false,"max_hp_per_floor":[80,80,80,80,80,80,80,80,80,80,80,80,80,80,80,80,80,80,80,80,80,80],"card_choices":[{"not_picked":["Bloodletting","Sword Boomerang"],"picked":"Inflame","floor":1},{"not_picked":["Iron Wave","Cleave"],"picked":"Shockwave","floor":2},{"not_picked":["Rupture","Bloodletting"],"picked":"Disarm","floor":3},{"not_picked":["Flex","Cleave"],"picked":"Limit Break","floor":5},{"not_picked":["Clash","Flex"],"picked":"Dropkick","floor":6},{"not_picked":["Headbutt","Cleave"],"picked":"Heavy Blade","floor":7},{"not_picked":["Rampage","Sword Boomerang"],"picked":"Corruption","floor":11},{"not_picked":["Evolve","Twin Strike","Reckless Charge"],"picked":"SKIP","floor":13},{"not_picked":["Havoc+1","Sever Soul","Carnage"],"picked":"SKIP","floor":14},{"not_picked":["Limit Break+1","Dark Embrace"],"picked":"Demon Form","floor":16},{"not_picked":["Second Wind+1","Wild Strike+1","Reckless Charge"],"picked":"SKIP","floor":18},{"not_picked":["Battle Trance+1","Body Slam","True Grit+1"],"picked":"SKIP","floor":20}],"player_experience":193464,"relics_obtained":[{"floor":6,"key":"Pen Nib"},{"floor":9,"key":"Dodecahedron"},{"floor":12,"key":"Incense Burner"},{"floor":13,"key":"Toxic Egg 2"},{"floor":19,"key":"Ornamental Fan"}],"event_choices":[{"damage_healed":0,"gold_gain":0,"player_choice":"Upgraded","damage_taken":0,"max_hp_gain":0,"max_hp_loss":0,"event_name":"Upgrade Shrine","floor":4,"gold_loss":0,"cards_upgraded":["Inflame"]},{"cards_removed":["Strike_R"],"damage_healed":0,"gold_gain":0,"player_choice":"Forget","damage_taken":0,"max_hp_gain":0,"max_hp_loss":0,"event_name":"Living Wall","floor":10,"gold_loss":0},{"damage_healed":0,"gold_gain":0,"player_choice":"Relic","damage_taken":0,"max_hp_gain":0,"max_hp_loss":0,"event_name":"Wheel of Change","floor":12,"gold_loss":0}],"is_beta":false,"boss_relics":[{"not_picked":["Ectoplasm","Fusion Hammer","Runic Dome"]}],"items_purged_floors":[21],"is_endless":false,"potions_floor_spawned":[1,3,6,11,14,16],"killed_by":"Snake Plant","ascension_level":2}