{"gold_per_floor":[109,34,34,34,47,47,65,78,78,98,108,33,66,79,79,156,156,171,171],"floor_reached":19,"playtime":1767,"items_purged":["Regret"],"score":342,"play_id":"a5aa9009-a7a4-45cb-8d29-6be39bc7510e","local_time":"20181129110209","is_ascension_mode":true,"campfire_choices":[{"data":"Bash","floor":6,"key":"SMITH"},{"floor":15,"key":"REST"}],"neow_cost":"NONE","seed_source_timestamp":1286661675882197,"circlet_count":0,"master_deck":["AscendersBane","Strike_R","Strike_R","Strike_R","Strike_R","Defend_R","Defend_R","Defend_R","Defend_R","Bash+1","Armaments+1","Headbutt","Shockwave","Shrug It Off","Intimidate","Pommel Strike","Immolate","Inflame"],"relics":["Burning Blood","Bag of Preparation","Sundial","Gremlin Horn","Red Skull","Mark of Pain"],"potions_floor_usage":[13,13,16],"damage_taken":[{"damage":4,"enemies":"2 Louse","floor":1,"turns":3},{"damage":4,"enemies":"Jaw Worm","floor":5,"turns":4},{"damage":5,"enemies":"Cultist","floor":7,"turns":2},{"damage":22,"enemies":"3 Louse","floor":8,"turns":6},{"damage":5,"enemies":"Lots of Slimes","floor":10,"turns":4},{"damage":10,"enemies":"Looter","floor":11,"turns":4},{"damage":26,"enemies":"Gremlin Nob","floor":13,"turns":5},{"damage":0,"enemies":"3 Louse","floor":14,"turns":3},{"damage":57,"enemies":"Slime Boss","floor":16,"turns":14},{"damage":21,"enemies":"3 Byrds","floor":18,"turns":5},{"damage":17,"enemies":"Colosseum Slavers","floor":19,"turns":6},{"damage":50,"enemies":"Colosseum Nobs","floor":19,"turns":3}],"seed_played":"-4946101518168980336","potions_obtained":[{"floor":5,"key":"Ancient Potion"},{"floor":7,"key":"LiquidBronze"},{"floor":13,"key":"SteroidPotion"}],"is_trial":false,"path_per_floor":["M","?","?","?","M","R","M","M","T","M","M","$","E","M","R","B",null,"M","?"],"character_chosen":"IRONCLAD","items_purchased":[],"campfire_rested":1,"item_purchase_floors":[],"current_hp_per_floor":[70,70,70,70,72,72,73,57,57,58,54,54,34,40,62,11,59,44,0],"gold":171,"neow_bonus":"RANDOM_COMMON_RELIC","is_prod":false,"is_daily":false,"chose_seed":false,"campfire_upgraded":1,"win_rate":0,"timestamp":1543507329,"path_taken":["M","?","?","?","M","R","M","M","T","M","M","$","E","M","R","BOSS","M","?"],"build_version":"2018-11-15","purchased_purges":1,"victory":false,"max_hp_per_floor":[75,75,75,75,75,75,75,75,75,75,75,75,75,75,75,75,75,75,75],"card_choices":[{"not_picked":["Cleave","Second Wind"],"picked":"Armaments","floor":1},{"not_picked":["Pommel Strike","True Grit"],"picked":"Headbutt","floor":5},{"not_picked":["Ghostly Armor","Warcry"],"picked":"Shockwave","floor":7},{"not_picked":["Battle Trance","Wild Strike"],"picked":"Shrug It Off","floor":8},{"not_picked":["Entrench","Clash"],"picked":"Intimidate","floor":10},{"not_picked":["Perfected Strike","Fire Breathing"],"picked":"Pommel Strike","floor":11},{"not_picked":["Brutality","Pommel Strike","Shockwave"],"picked":"SKIP","floor":13},{"not_picked":["Hemokinesis","Havoc","Clothesline"],"picked":"SKIP","floor":14},{"not_picked":["Fiend Fire","Double Tap"],"picked":"Immolate","floor":16},{"not_picked":["Sword Boomerang","Wild Strike+1"],"picked":"Inflame","floor":18}],"player_experience":540874,"relics_obtained":[{"floor":9,"key":"Gremlin Horn"},{"floor":13,"key":"Red Skull"}],"event_choices":[{"cards_removed":["Strike_R"],"damage_healed":0,"gold_gain":0,"player_choice":"Card Removal","damage_taken":0,"max_hp_gain":0,"max_hp_loss":0,"event_name":"The Cleric","floor":2,"gold_loss":75},{"damage_healed":0,"gold_gain":0,"player_choice":"Grow","damage_taken":0,"max_hp_gain":0,"max_hp_loss":0,"event_name":"Living Wall","floor":3,"gold_loss":0,"cards_upgraded":["Armaments"]},{"damage_healed":0,"gold_gain":0,"player_choice":"Box","damage_taken":0,"relics_obtained":["Sundial"],"max_hp_gain":0,"max_hp_loss":0,"event_name":"Big Fish","floor":4,"gold_loss":0,"cards_obtained":["Regret"]},{"damage_healed":0,"gold_gain":0,"player_choice":"Fight","damage_taken":0,"max_hp_gain":0,"max_hp_loss":0,"event_name":"Colosseum","floor":19,"gold_loss":0},{"damage_healed":0,"gold_gain":0,"player_choice":"Fought Nobs","damage_taken":0,"max_hp_gain":0,"max_hp_loss":0,"event_name":"Colosseum","floor":19,"gold_loss":0}],"is_beta":false,"boss_relics":[{"not_picked":["Orrery","Ectoplasm"],"picked":"Mark of Pain"}],"items_purged_floors":[12],"is_endless":false,"potions_floor_spawned":[5,7,13],"killed_by":"Colosseum Nobs","ascension_level":20}