{"path_per_floor":["M","M","$","?","M","R","E","M","T","M","M","R","M","E","R","B",null,"M","?","?","M"],"character_chosen":"THE_SILENT","items_purchased":["Infinite Blades"],"gold_per_floor":[113,128,48,48,62,62,94,104,156,168,185,185,201,235,235,340,340,356,356,356,376],"floor_reached":22,"campfire_rested":2,"playtime":1589,"current_hp_per_floor":[63,63,63,63,63,63,35,34,34,27,16,52,52,38,70,8,70,60,60,60,20],"items_purged":[],"gold":376,"play_id":"a4dd635d-256d-4d64-835f-a8800d079e2f","is_prod":false,"is_daily":false,"campfire_rituals":0,"campfire_upgraded":1,"is_hardmode":false,"path_taken":["M","M","$","?","M","R","E","M","T","M","M","R","?","E","R","BOSS","M","?","?","M","M"],"build_version":"2017-12-21-PROD1","purchased_purges":0,"victory":false,"master_deck":["Defend_G","Defend_G","Defend_G","Defend_G","Defend_G","Strike_G","Strike_G","Strike_G","Neutralize","Endless Agony","Dash","Slice","Infinite Blades","Dagger Spray","Tools of the Trade","Backflip","All Out Attack","Acrobatics","Escape Plan","Acrobatics","A Thousand Cuts","Choke","Slice"],"max_hp_per_floor":[70,70,70,70,70,70,70,70,70,70,70,70,70,70,70,70,70,70,70,70,70],"relics":["Ring of the Snake","Regal Pillow","Vajra","Kunai","Sozu"],"campfire_meditates":0,"card_choices":[{"not_picked":["Dodge and Roll","Caltrops"],"picked":"Dash"},{"not_picked":["Masterful Stab","Dodge and Roll"],"picked":"Slice"},{"not_picked":["Bane","Prepared"],"picked":"Dagger Spray"},{"not_picked":["PiercingWail","Calculated Gamble"],"picked":"Tools of the Trade"},{"not_picked":["Masterful Stab","Caltrops"],"picked":"Backflip"},{"not_picked":["Bouncing Flask","PiercingWail"],"picked":"All Out Attack"},{"not_picked":["Flying Knee","Deflect"],"picked":"Acrobatics"},{"not_picked":["Bane","Caltrops"],"picked":"Escape Plan"},{"not_picked":["Bane","Wraith Form"],"picked":"Acrobatics"},{"not_picked":["Burst","After Image"],"picked":"A Thousand Cuts"},{"not_picked":["Sucker Punch","Endless Agony"],"picked":"Choke"},{"not_picked":["Catalyst","Footwork"],"picked":"Slice"}],"player_experience":24149,"potions_floor_usage":[8,8],"damage_taken":[{"damage":7,"enemies":"Blue Slaver","floor":1,"turns":6},{"damage":0,"enemies":"Cultist","floor":2,"turns":3},{"damage":0,"enemies":"Looter","floor":5,"turns":3},{"damage":28,"enemies":"3 Sentries","floor":7,"turns":5},{"damage":10,"enemies":"Gremlin Gang","floor":8,"turns":4},{"damage":7,"enemies":"3 Louse","floor":10,"turns":2},{"damage":11,"enemies":"Large Slime","floor":11,"turns":6},{"damage":0,"enemies":"Gremlin Gang","floor":13,"turns":3},{"damage":14,"enemies":"Gremlin Nob","floor":14,"turns":4},{"damage":62,"enemies":"Slime Boss","floor":16,"turns":9},{"damage":10,"enemies":"3 Byrds","floor":18,"turns":4},{"damage":40,"enemies":"2 Thieves","floor":21,"turns":4},{"damage":24,"enemies":"Snake Plant","floor":22,"turns":3}],"event_choices":[{"event_name":"Living Wall","player_choice":"Grow","floor":4,"damage_taken":0},{"event_name":"Bonfire Elementals","player_choice":"ATTACK","floor":19,"damage_taken":0},{"event_name":"Purifier","player_choice":"One Purge","floor":20,"damage_taken":0}],"boss_relics":[{"not_picked":["Calling Bell","White Beast Statue"],"picked":"Sozu"}],"potions_floor_spawned":[2,5,8,14,16,21],"seed_played":"-3453869949288785997","killed_by":"Snake Plant","is_trial":false}