{"path_per_floor":["M","?","M","M","?","E","T","M","T","R","$","M","R","M","R","B",null,"M","?","?","$","M","E","R","E","T","E","M","?","M","M","R","B",null,"M","$","M","M","M","E","M","E","T","R","M","R","M","M","R","B"],"character_chosen":"THE_SILENT","items_purchased":["Lantern","Well Laid Plans","Acrobatics","Du-Vu Doll"],"gold_per_floor":[114,114,130,145,110,138,162,182,205,205,23,38,38,57,57,153,153,166,166,91,46,65,95,95,129,152,186,205,205,219,235,235,333,333,353,12,24,44,55,87,105,135,161,161,176,176,191,203,203,203],"floor_reached":51,"campfire_rested":7,"playtime":29474,"current_hp_per_floor":[59,59,58,58,77,46,46,36,36,59,59,44,68,63,83,56,83,78,78,78,78,78,72,72,54,54,40,42,26,29,29,55,15,87,89,89,83,59,59,34,19,11,11,39,39,69,68,67,96,12],"items_purged":["Expertise"],"gold":203,"score":835,"play_id":"13834506-4989-4f80-819c-2972480ea2ec","local_time":"20180324005405","is_prod":false,"is_daily":false,"is_ascension_mode":true,"campfire_upgraded":1,"timestamp":1521874445,"path_taken":["M","?","M","?","?","E","?","M","T","R","$","M","R","M","R","BOSS","M","?","?","$","M","E","R","E","T","E","M","?","M","?","R","BOSS","M","$","M","?","?","E","M","E","T","R","M","R","M","M","R","BOSS"],"build_version":"2018-03-22v2","purchased_purges":1,"victory":true,"master_deck":["Survivor","Neutralize","Backflip","Terror+1","Dagger Throw","Backflip","Dagger Throw","Well Laid Plans","Sucker Punch","Cloak And Dagger+1","Tactician","Backflip","Prepared","Prepared+1","Riddle With Holes","Quick Slash","Flechettes","Backstab","Slice","Blur","Dagger Throw","Acrobatics","Underhanded Strike","Sucker Punch","Masterful Stab","Dagger Throw","Concentrate","Finisher","A Thousand Cuts","Leg Sweep","Adrenaline","Choke+1","Pain","All Out Attack+1","Quick Slash+1","Escape Plan","Reflex+1","Reflex+1"],"max_hp_per_floor":[70,77,77,77,77,77,77,79,79,79,79,81,81,81,83,83,83,83,83,83,83,83,85,85,85,85,85,87,87,87,87,87,87,87,89,89,89,91,91,93,93,95,95,95,95,97,97,97,97,97],"relics":["Ring of the Snake","Strawberry","Singing Bowl","Dream Catcher","Bag of Preparation","Lantern","Pandora\u0027s Box","Vajra","Smiling Mask","War Paint","Bag of Marbles","Art of War","Nilry\u0027s Codex","Cursed Key","Du-Vu Doll","Bottled Lightning","Gremlin Horn","Oddly Smooth Stone"],"card_choices":[{"not_picked":["Eviscerate","All Out Attack"],"picked":"Backflip","floor":1},{"not_picked":["Dash","Outmaneuver"],"picked":"Terror","floor":3},{"not_picked":["Backflip","Poisoned Stab"],"picked":"Dagger Throw","floor":4},{"not_picked":["Flechettes","PiercingWail"],"picked":"Backflip","floor":6},{"not_picked":["Night Terror","Poisoned Stab"],"picked":"Dagger Throw","floor":10},{"not_picked":["Catalyst","Bouncing Flask"],"picked":"Sucker Punch","floor":13},{"not_picked":["Riddle With Holes","Malaise"],"picked":"Cloak And Dagger","floor":14},{"not_picked":["Night Terror","Burst"],"picked":"Tactician","floor":16},{"not_picked":["Slice","Deflect"],"picked":"Dagger Throw","floor":18},{"not_picked":["Slice","Sucker Punch"],"picked":"Underhanded Strike","floor":22},{"not_picked":["Bane","Expertise"],"picked":"Sucker Punch","floor":25},{"not_picked":["Deadly Poison","Deflect"],"picked":"Masterful Stab","floor":27},{"not_picked":["All Out Attack","Expertise"],"picked":"Dagger Throw","floor":30},{"not_picked":["Malaise","Quick Slash"],"picked":"Concentrate","floor":31},{"not_picked":["Blade Dance","Dagger Spray"],"picked":"Finisher","floor":32},{"not_picked":["Glass Knife","Doppelganger"],"picked":"A Thousand Cuts","floor":33},{"not_picked":["Catalyst","Deadly Poison"],"picked":"Leg Sweep","floor":37},{"not_picked":["Expertise","Quick Slash"],"picked":"Adrenaline","floor":39},{"not_picked":["Bane","Dodge and Roll"],"picked":"Choke","floor":41},{"not_picked":["Deflect","Deadly Poison"],"picked":"All Out Attack","floor":44},{"not_picked":["Dagger Spray","Backflip"],"picked":"Quick Slash","floor":45},{"not_picked":["Corpse Explosion","Sucker Punch"],"picked":"Escape Plan","floor":47},{"not_picked":["Sucker Punch","Quick Slash"],"picked":"Reflex","floor":48},{"not_picked":["Dagger Throw","PiercingWail"],"picked":"Reflex","floor":49}],"player_experience":168832,"potions_floor_usage":[6,30,31,31,33,40,41,50,50],"damage_taken":[{"damage":11,"enemies":"Jaw Worm","floor":1,"turns":5},{"damage":1,"enemies":"2 Louse","floor":3,"turns":3},{"damage":0,"enemies":"Cultist","floor":4,"turns":4},{"damage":37,"enemies":"Gremlin Nob","floor":6,"turns":5},{"damage":12,"enemies":"Looter","floor":8,"turns":3},{"damage":17,"enemies":"Exordium Wildlife","floor":12,"turns":4},{"damage":5,"enemies":"3 Louse","floor":14,"turns":3},{"damage":27,"enemies":"The Guardian","floor":16,"turns":15},{"damage":5,"enemies":"3 Byrds","floor":18,"turns":4},{"damage":0,"enemies":"Shell Parasite","floor":22,"turns":1},{"damage":8,"enemies":"Book of Stabbing","floor":23,"turns":3},{"damage":18,"enemies":"Gremlin Leader","floor":25,"turns":5},{"damage":14,"enemies":"Slavers","floor":27,"turns":4},{"damage":0,"enemies":"Centurion and Healer","floor":28,"turns":3},{"damage":3,"enemies":"3 Cultists","floor":30,"turns":4},{"damage":0,"enemies":"Snecko","floor":31,"turns":1},{"damage":55,"enemies":"Automaton","floor":33,"turns":8},{"damage":0,"enemies":"Orb Walker","floor":35,"turns":1},{"damage":6,"enemies":"3 Darklings","floor":37,"turns":2},{"damage":26,"enemies":"4 Shapes","floor":38,"turns":4},{"damage":0,"enemies":"Maw","floor":39,"turns":5},{"damage":27,"enemies":"Nemesis","floor":40,"turns":3},{"damage":15,"enemies":"Sphere and 2 Shapes","floor":41,"turns":2},{"damage":10,"enemies":"2 Orb Walkers","floor":42,"turns":2},{"damage":0,"enemies":"4 Shapes","floor":45,"turns":1},{"damage":1,"enemies":"3 Darklings","floor":47,"turns":1},{"damage":1,"enemies":"Maw","floor":48,"turns":4},{"damage":84,"enemies":"Donu and Deca","floor":50,"turns":11}],"event_choices":[{"event_name":"Scrap Ooze","player_choice":"success","floor":2,"damage_taken":7},{"event_name":"The Cleric","player_choice":"Healed","floor":5,"damage_taken":0},{"event_name":"Accursed Blacksmith","player_choice":"Rummage","floor":19,"damage_taken":0},{"event_name":"Beggar","player_choice":"Gave Gold","floor":20,"damage_taken":0},{"event_name":"Cursed Tome","player_choice":"Obtained Book","floor":29,"damage_taken":0}],"boss_relics":[{"not_picked":["Astrolabe","Orrery"],"picked":"Pandora\u0027s Box"},{"not_picked":["Question Card","Philosopher\u0027s Stone"],"picked":"Cursed Key"}],"potions_floor_spawned":[1,4,8,16,22,23,28,31,38,40,42,45,47],"seed_played":"-8955042745510724357","ascension_level":1,"is_trial":false}