{"gold_per_floor":[217,217,227,247,422,422,422,422,422,722,791,92,107,120,120,244,244,263,276,276,276,299,299,337,360,360,381,395,53,53,53,53,53],"floor_reached":33,"playtime":2411,"items_purged":["Strike_R","Doubt"],"score":257,"play_id":"9b24469f-5927-4f25-b967-a5809ac24189","local_time":"20190131021817","is_ascension_mode":false,"campfire_choices":[{"data":"Shockwave","floor":6,"key":"SMITH"},{"data":"Carnage","floor":8,"key":"SMITH"},{"data":"Secret Technique","floor":15,"key":"SMITH"},{"data":"Adrenaline","floor":23,"key":"SMITH"},{"data":"Discovery","floor":30,"key":"SMITH"},{"data":"Armaments","floor":32,"key":"SMITH"}],"neow_cost":"NONE","seed_source_timestamp":577530315987800,"circlet_count":0,"master_deck":["Strike_R","Strike_R","Strike_R","Defend_R","Defend_R","Defend_R","Bash","Carnage+1","Shockwave+1","Bandage Up","Secret Technique+1","Shrug It Off","Carnage","Streamline","Adrenaline+1","Dramatic Entrance+1","Hologram","Carnage+1","Armaments+1","Acrobatics","Mind Blast+1","Discovery+1"],"relics":["Burning Blood","Golden Idol","Pear","Old Coin","Meat on the Bone","PrismaticShard","Runic Pyramid","Oddly Smooth Stone","Self Forming Clay","Pen Nib","MutagenicStrength"],"potions_floor_usage":[16,16,18,24,24,33],"damage_taken":[{"damage":0,"enemies":"Small Slimes","floor":1,"turns":4},{"damage":3,"enemies":"Jaw Worm","floor":3,"turns":4},{"damage":2,"enemies":"2 Louse","floor":4,"turns":3},{"damage":5,"enemies":"2 Fungi Beasts","floor":13,"turns":3},{"damage":11,"enemies":"3 Louse","floor":14,"turns":5},{"damage":70,"enemies":"The Guardian","floor":16,"turns":11},{"damage":47,"enemies":"Spheric Guardian","floor":18,"turns":8},{"damage":20,"enemies":"Shell Parasite","floor":19,"turns":6},{"damage":39,"enemies":"Snake Plant","floor":22,"turns":3},{"damage":12,"enemies":"Book of Stabbing","floor":24,"turns":5},{"damage":17,"enemies":"Cultist and Chosen","floor":25,"turns":7},{"damage":12,"enemies":"Centurion and Healer","floor":27,"turns":8},{"damage":18,"enemies":"Snake Plant","floor":28,"turns":3},{"damage":59,"enemies":"Automaton","floor":33,"turns":6}],"seed_played":"-4466771947345178124","potions_obtained":[{"floor":1,"key":"Poison Potion"},{"floor":3,"key":"Regen Potion"},{"floor":16,"key":"Dexterity Potion"},{"floor":19,"key":"Block Potion"},{"floor":22,"key":"Weak Potion"},{"floor":24,"key":"Dexterity Potion"}],"is_trial":false,"path_per_floor":["M","?","M","M","?","R","?","R","T","?","T","$","M","M","R","B",null,"M","M","?","?","M","R","E","M","T","M","M","$","R","?","R","B"],"character_chosen":"IRONCLAD","items_purchased":["Bandage Up","Secret Technique","Shrug It Off","PrismaticShard","Carnage","Discovery","Pen Nib"],"campfire_rested":0,"item_purchase_floors":[12,12,12,12,12,29,29],"current_hp_per_floor":[80,73,76,80,80,80,74,74,84,84,84,84,84,83,83,50,84,59,49,49,49,32,32,42,47,47,57,49,49,49,49,49,0],"gold":53,"neow_bonus":"HUNDRED_GOLD","is_prod":false,"is_daily":false,"chose_seed":false,"campfire_upgraded":6,"win_rate":0.0,"timestamp":1548861497,"path_taken":["M","?","M","M","?","R","?","R","T","?","?","$","M","M","R","BOSS","M","M","?","?","?","R","E","M","T","M","M","$","R","?","R","BOSS"],"build_version":"2019-01-23","purchased_purges":2,"victory":false,"max_hp_per_floor":[80,80,80,80,80,80,74,74,84,84,84,84,84,84,84,84,84,84,84,84,84,84,84,84,84,84,84,84,84,84,84,84,84],"card_choices":[{"not_picked":["Clash","Pommel Strike"],"picked":"Carnage","floor":1},{"not_picked":["Anger","Body Slam","Clothesline"],"picked":"SKIP","floor":3},{"not_picked":["Wild Strike","Combust"],"picked":"Shockwave","floor":4},{"not_picked":["Compile Driver","Seeing Red","Bane"],"picked":"SKIP","floor":13},{"not_picked":["Shrug It Off","Leg Sweep"],"picked":"Streamline","floor":14},{"not_picked":["Thunder Strike","Core Surge"],"picked":"Adrenaline","floor":16},{"not_picked":["Shrug It Off","Riddle With Holes"],"picked":"Dramatic Entrance+1","floor":18},{"not_picked":["Caltrops","Clothesline"],"picked":"Hologram","floor":19},{"not_picked":["Beam Cell+1","Sucker Punch+1","Outmaneuver"],"picked":"SKIP","floor":22},{"not_picked":["Clash","Genetic Algorithm","Madness"],"picked":"SKIP","floor":24},{"not_picked":["Dramatic Entrance","Feel No Pain"],"picked":"Armaments","floor":25},{"not_picked":["Turbo","Glacier"],"picked":"Acrobatics","floor":27},{"not_picked":["Sunder","Second Wind"],"picked":"Mind Blast+1","floor":28}],"player_experience":57549,"relics_obtained":[{"floor":9,"key":"Pear"},{"floor":11,"key":"Meat on the Bone"},{"floor":24,"key":"Oddly Smooth Stone"},{"floor":26,"key":"Self Forming Clay"}],"event_choices":[{"cards_removed":["Strike_R"],"damage_healed":0,"gold_gain":0,"player_choice":"Card Removal","damage_taken":7,"max_hp_gain":0,"max_hp_loss":0,"event_name":"Golden Wing","floor":2,"gold_loss":0},{"damage_healed":0,"gold_gain":175,"player_choice":"AGREE","damage_taken":0,"max_hp_gain":0,"max_hp_loss":0,"event_name":"Liars Game","floor":5,"gold_loss":0,"cards_obtained":["Doubt"]},{"damage_healed":0,"gold_gain":0,"player_choice":"Lose Max HP","damage_taken":0,"relics_obtained":["Golden Idol"],"max_hp_gain":0,"max_hp_loss":6,"event_name":"Golden Idol","floor":7,"gold_loss":0},{"damage_healed":0,"gold_gain":0,"player_choice":"Searched \u00272\u0027 times","damage_taken":0,"relics_obtained":["Old Coin"],"max_hp_gain":0,"max_hp_loss":0,"event_name":"Dead Adventurer","floor":10,"gold_loss":0},{"cards_removed":["Defend_R"],"damage_healed":0,"gold_gain":0,"player_choice":"Elegance","damage_taken":0,"max_hp_gain":0,"max_hp_loss":0,"event_name":"Back to Basics","floor":20,"gold_loss":0},{"damage_healed":0,"gold_gain":0,"player_choice":"Copied","damage_taken":0,"max_hp_gain":0,"max_hp_loss":0,"event_name":"Duplicator","floor":21,"gold_loss":0,"cards_obtained":["Carnage"]},{"damage_healed":0,"gold_gain":0,"player_choice":"Inject Mutagens","damage_taken":0,"relics_obtained":["MutagenicStrength"],"max_hp_gain":0,"max_hp_loss":0,"event_name":"Drug Dealer","floor":31,"gold_loss":0}],"is_beta":false,"boss_relics":[{"not_picked":["Velvet Choker","Fusion Hammer"],"picked":"Runic Pyramid"}],"items_purged_floors":[12,29],"is_endless":false,"potions_floor_spawned":[1,3,16,19,22,24],"killed_by":"Automaton","ascension_level":0}