{"gold_per_floor":[113,113,124,124,124,124,151,161,238,251,262,262,272,298,298,298],"floor_reached":16,"playtime":730,"items_purged":[],"score":179,"play_id":"a79ee020-db6e-430d-8d41-2f567a1172d4","local_time":"20181102214017","is_ascension_mode":true,"campfire_choices":[{"data":"Zap","floor":6,"key":"SMITH"},{"floor":12,"key":"REST"},{"floor":15,"key":"REST"}],"neow_cost":"PERCENT_DAMAGE","seed_source_timestamp":368766550432561,"circlet_count":0,"master_deck":["AscendersBane","Strike_B","Strike_B","Strike_B+1","Defend_B","Defend_B","Defend_B","Defend_B+1","Zap+1","Dualcast","Go for the Eyes","Recycle","Biased Cognition","Coolheaded","Sweeping Beam","BootSequence","Hologram","Machine Learning"],"relics":["Cracked Core","Potion Belt","Kunai","Oddly Smooth Stone"],"potions_floor_usage":[7,7,14,14],"damage_taken":[{"damage":4,"enemies":"Jaw Worm","floor":1,"turns":4},{"damage":8,"enemies":"2 Louse","floor":3,"turns":2},{"damage":20,"enemies":"3 Sentries","floor":7,"turns":10},{"damage":0,"enemies":"Small Slimes","floor":8,"turns":3},{"damage":13,"enemies":"Exordium Thugs","floor":10,"turns":6},{"damage":3,"enemies":"Blue Slaver","floor":11,"turns":3},{"damage":14,"enemies":"Lots of Slimes","floor":13,"turns":3},{"damage":19,"enemies":"Gremlin Nob","floor":14,"turns":4},{"damage":39,"enemies":"Hexaghost","floor":16,"turns":9}],"seed_played":"-749888486077991630","potions_obtained":[{"floor":1,"key":"EssenceOfSteel"},{"floor":3,"key":"SkillPotion"},{"floor":8,"key":"Weak Potion"},{"floor":10,"key":"Poison Potion"}],"is_trial":false,"path_per_floor":["M","?","M","?","?","R","E","M","T","M","M","R","M","E","R","B"],"character_chosen":"DEFECT","items_purchased":[],"campfire_rested":2,"item_purchase_floors":[],"current_hp_per_floor":[60,42,34,27,56,56,36,36,36,23,20,46,32,13,39,0],"gold":298,"neow_bonus":"TWENTY_PERCENT_HP_BONUS","is_prod":false,"is_daily":false,"chose_seed":false,"campfire_upgraded":1,"win_rate":0,"timestamp":1541209217,"path_taken":["M","?","M","?","?","R","E","M","T","M","M","R","M","E","R","BOSS"],"build_version":"2018-11-01","purchased_purges":0,"victory":false,"max_hp_per_floor":[89,89,89,89,89,89,89,89,89,89,89,89,89,89,89,89],"card_choices":[{"not_picked":["Beam Cell","Hello World"],"picked":"Go for the Eyes","floor":1},{"not_picked":["Turbo","Fusion"],"picked":"Recycle","floor":3},{"not_picked":["Coolheaded","Fusion"],"picked":"Biased Cognition","floor":7},{"not_picked":["Steam","Rip and Tear"],"picked":"Coolheaded","floor":8},{"not_picked":["Steam","Redo"],"picked":"Sweeping Beam","floor":10},{"not_picked":["Steam","Barrage"],"picked":"BootSequence","floor":11},{"not_picked":["Undo","Redo"],"picked":"Hologram","floor":13},{"not_picked":["Rebound","Go for the Eyes"],"picked":"Machine Learning","floor":14}],"player_experience":163881,"relics_obtained":[{"floor":7,"key":"Potion Belt"},{"floor":9,"key":"Kunai"},{"floor":14,"key":"Oddly Smooth Stone"}],"event_choices":[{"damage_healed":0,"gold_gain":0,"player_choice":"Entered Light","damage_taken":18,"max_hp_gain":0,"max_hp_loss":0,"event_name":"Shining Light","floor":2,"gold_loss":0,"cards_upgraded":["Defend_B","Strike_B"]},{"cards_removed":["Strike_B"],"damage_healed":0,"gold_gain":0,"player_choice":"Card Removal","damage_taken":7,"max_hp_gain":0,"max_hp_loss":0,"event_name":"Golden Wing","floor":4,"gold_loss":0},{"damage_healed":29,"gold_gain":0,"player_choice":"Banana","damage_taken":0,"max_hp_gain":0,"max_hp_loss":0,"event_name":"Big Fish","floor":5,"gold_loss":0}],"is_beta":false,"boss_relics":[],"items_purged_floors":[],"is_endless":false,"potions_floor_spawned":[1,3,8,10],"killed_by":"Hexaghost","ascension_level":12}