{"gold_per_floor":[110,110,126,189,189,189,216,216,216,2,77,77,88,119,119,195,195,209,209,33,49,99,99,133,133,133,150,163,163,191,205,205,205],"floor_reached":33,"playtime":1177,"items_purged":["Strike_R","Strike_R"],"score":682,"play_id":"2616aff9-7e5c-4eea-9453-4dc6feb9599b","local_time":"20190225183823","is_ascension_mode":true,"campfire_choices":[{"data":"Bash","floor":6,"key":"SMITH"},{"data":"Pommel Strike","floor":8,"key":"SMITH"},{"data":"Whirlwind","floor":12,"key":"SMITH"},{"data":"Body Slam","floor":15,"key":"SMITH"},{"data":"Immolate","floor":23,"key":"SMITH"},{"floor":25,"key":"REST"},{"floor":32,"key":"REST"}],"neow_cost":"NONE","seed_source_timestamp":943413062166,"circlet_count":0,"master_deck":["AscendersBane","Strike_R","Strike_R","Defend_R","Defend_R","Defend_R","Defend_R+1","Bash+1","Sentinel+1","Pommel Strike+1","Feel No Pain","Pommel Strike+1","Whirlwind+1","Ghostly Armor","Body Slam+1","Immolate+1","Flame Barrier","Body Slam+1","Impervious","Metallicize"],"relics":["Burning Blood","War Paint","Paper Frog","Bird Faced Urn","Velvet Choker","Blood Vial","Bottled Flame","Centennial Puzzle"],"potions_floor_usage":[7,14,16,16],"damage_taken":[{"damage":4,"enemies":"2 Louse","floor":1,"turns":4},{"damage":2,"enemies":"Jaw Worm","floor":3,"turns":3},{"damage":30,"enemies":"Lagavulin","floor":7,"turns":7},{"damage":8,"enemies":"Small Slimes","floor":13,"turns":2},{"damage":8,"enemies":"Gremlin Nob","floor":14,"turns":3},{"damage":0,"enemies":"Slime Boss","floor":16,"turns":6},{"damage":8,"enemies":"2 Thieves","floor":18,"turns":4},{"damage":17,"enemies":"Shell Parasite","floor":21,"turns":6},{"damage":25,"enemies":"Gremlin Leader","floor":24,"turns":7},{"damage":16,"enemies":"Snake Plant","floor":27,"turns":4},{"damage":0,"enemies":"3 Cultists","floor":28,"turns":2},{"damage":23,"enemies":"Book of Stabbing","floor":30,"turns":4},{"damage":18,"enemies":"Centurion and Healer","floor":31,"turns":4},{"damage":62,"enemies":"Collector","floor":33,"turns":6}],"seed_played":"-8600736261972191185","potions_obtained":[{"floor":1,"key":"PowerPotion"},{"floor":7,"key":"Poison Potion"},{"floor":13,"key":"Ancient Potion"},{"floor":14,"key":"Explosive Potion"},{"floor":18,"key":"Fire Potion"},{"floor":27,"key":"Poison Potion"},{"floor":28,"key":"Fire Potion"}],"is_trial":false,"path_per_floor":["M","?","M","?","T","R","E","R","T","$","?","R","M","E","R","B",null,"M","?","$","M","?","R","E","R","T","M","M","?","E","M","R","B"],"character_chosen":"IRONCLAD","items_purchased":["Whirlwind","SkillPotion","Flame Barrier"],"campfire_rested":2,"item_purchase_floors":[10,10,20],"current_hp_per_floor":[70,70,74,74,74,74,50,50,50,50,39,39,37,35,35,43,67,65,65,65,56,56,56,39,61,61,55,63,42,27,19,43,0],"gold":205,"neow_bonus":"TRANSFORM_CARD","is_prod":false,"is_daily":false,"chose_seed":false,"campfire_upgraded":5,"win_rate":0,"timestamp":1551137903,"path_taken":["M","?","M","?","?","R","E","R","T","$","?","R","M","E","R","BOSS","M","?","$","M","?","R","E","R","T","M","M","?","E","M","R","BOSS"],"build_version":"2019-01-23","purchased_purges":2,"victory":false,"max_hp_per_floor":[75,75,75,75,75,75,75,75,75,75,75,75,75,75,75,75,75,75,75,75,75,75,75,75,75,75,75,75,80,80,80,80,80],"card_choices":[{"not_picked":["Second Wind","Sword Boomerang"],"picked":"Pommel Strike","floor":1},{"not_picked":["Sentinel","Wild Strike"],"picked":"Feel No Pain","floor":3},{"not_picked":["Flex","Impervious"],"picked":"Pommel Strike","floor":7},{"not_picked":["Anger","Pommel Strike"],"picked":"Ghostly Armor","floor":13},{"not_picked":["Headbutt","Sword Boomerang"],"picked":"Body Slam","floor":14},{"not_picked":["Berserk","Exhume"],"picked":"Immolate","floor":16},{"not_picked":["Entrench","Twin Strike","Cleave"],"picked":"SKIP","floor":18},{"not_picked":["Flex","Iron Wave","Pommel Strike"],"picked":"SKIP","floor":21},{"not_picked":["Corruption","Flex"],"picked":"Body Slam+1","floor":24},{"not_picked":["Clothesline+1","Warcry","Body Slam"],"picked":"SKIP","floor":27},{"not_picked":["Uppercut","Battle Trance","Clothesline"],"picked":"SKIP","floor":28},{"not_picked":["Twin Strike+1","Clash"],"picked":"Impervious","floor":30},{"not_picked":["Havoc","Sword Boomerang+1"],"picked":"Metallicize","floor":31}],"player_experience":711241,"relics_obtained":[{"floor":7,"key":"War Paint"},{"floor":9,"key":"Paper Frog"},{"floor":14,"key":"Bird Faced Urn"},{"floor":24,"key":"Blood Vial"},{"floor":26,"key":"Bottled Flame"},{"floor":30,"key":"Centennial Puzzle"}],"event_choices":[{"damage_healed":0,"gold_gain":0,"player_choice":"Grow","damage_taken":0,"max_hp_gain":0,"max_hp_loss":0,"event_name":"Living Wall","floor":2,"gold_loss":0,"cards_upgraded":["Pommel Strike"]},{"damage_healed":0,"gold_gain":63,"player_choice":"Gained Gold","damage_taken":0,"max_hp_gain":0,"max_hp_loss":0,"event_name":"Golden Wing","floor":4,"gold_loss":0},{"damage_healed":0,"gold_gain":75,"player_choice":"Gather Gold","damage_taken":11,"max_hp_gain":0,"max_hp_loss":0,"event_name":"World of Goop","floor":11,"gold_loss":0},{"damage_healed":0,"gold_gain":0,"player_choice":"Ignored","damage_taken":0,"max_hp_gain":0,"max_hp_loss":0,"event_name":"Ghosts","floor":19,"gold_loss":0},{"damage_healed":0,"gold_gain":50,"player_choice":"Stole From Cult","damage_taken":0,"max_hp_gain":0,"max_hp_loss":0,"event_name":"Nest","floor":22,"gold_loss":0},{"damage_healed":0,"gold_gain":0,"player_choice":"Shed Blood","damage_taken":26,"max_hp_gain":5,"max_hp_loss":0,"event_name":"Forgotten Altar","floor":29,"gold_loss":0}],"is_beta":false,"boss_relics":[{"not_picked":["Black Star","Ectoplasm"],"picked":"Velvet Choker"}],"items_purged_floors":[10,20],"is_endless":false,"potions_floor_spawned":[1,7,13,14,18,27,28],"killed_by":"Collector","ascension_level":20}