{"path_per_floor":["M","?","M","?","?","R","$","M","T","M","M","R","M","$","R","B",null,"M","?","M","M","M","R","M","M","T","M","$","E","?","?","R","B",null,"M","M","?","$","?","R","M","R","T"],"character_chosen":"THE_SILENT","items_purchased":["Infinite Blades","Prepared","Footwork","Backflip","Outmaneuver","Madness","Noxious Fumes","Blur"],"gold_per_floor":[114,114,128,128,128,128,0,17,41,57,77,77,93,57,57,155,155,167,82,100,116,135,135,146,156,156,171,7,34,34,34,34,131,131,145,155,155,43,43,43,54,54,136],"floor_reached":44,"campfire_rested":3,"playtime":4592,"current_hp_per_floor":[70,70,70,56,56,56,56,56,56,55,46,46,44,44,44,29,70,59,59,55,34,14,35,36,38,38,25,25,28,28,28,51,30,77,75,41,41,41,41,41,31,54,54],"items_purged":[],"gold":136,"score":422,"play_id":"956618c4-0789-4cd1-a6a7-90df5bd23c23","is_prod":false,"is_daily":false,"is_ascension_mode":false,"campfire_upgraded":4,"path_taken":["M","?","M","?","?","R","?","?","T","M","M","R","M","$","R","BOSS","M","?","?","M","M","R","M","M","T","M","$","E","?","?","R","BOSS","M","M","?","$","?","R","M","R","T","E"],"build_version":"2018-02-08-PROD1","purchased_purges":0,"victory":false,"master_deck":["Defend_G+1","Defend_G","Defend_G","Defend_G","Defend_G","Strike_G","Strike_G","Strike_G","Strike_G+1","Survivor","Neutralize","Noxious Fumes+1","Flying Knee","Bane","PiercingWail","Infinite Blades+1","Catalyst","Dagger Throw","Flying Knee","Infinite Blades","Footwork+1","After Image+1","Prepared+1","Dash+1","Escape Plan","Escape Plan+1","Endless Agony","Malaise+1","Sucker Punch+1","Backflip","Outmaneuver","Madness","Backflip","Noxious Fumes+1","Envenom","Bouncing Flask","Backflip+1","Noxious Fumes","Blur","Deflect+1"],"max_hp_per_floor":[70,70,70,70,70,70,70,70,70,70,70,70,70,70,70,70,70,70,70,70,70,70,70,70,70,70,70,70,77,77,77,77,77,77,77,77,77,77,77,77,77,77,77],"relics":["Ring of the Snake","Bag of Marbles","Question Card","Blood Vial","Juzu Bracelet","Strawberry","Sozu","Toxic Egg 2"],"card_choices":[{"not_picked":["Predator","Bane"],"picked":"Noxious Fumes"},{"not_picked":["Distraction","Dodge and Roll"],"picked":"Flying Knee"},{"not_picked":["Underhanded Strike","Riddle With Holes"],"picked":"Bane"},{"not_picked":["Phantasmal Killer","Acrobatics"],"picked":"Catalyst"},{"not_picked":["Finisher","Backstab"],"picked":"Dagger Throw"},{"not_picked":["Outmaneuver","Eviscerate"],"picked":"Flying Knee"},{"not_picked":["Sucker Punch","Underhanded Strike"],"picked":"Infinite Blades"},{"not_picked":["Unload","Wraith Form"],"picked":"After Image"},{"not_picked":["Riddle With Holes","Dagger Throw","Flying Knee"],"picked":"Prepared"},{"not_picked":["Flying Knee","All Out Attack","Outmaneuver"],"picked":"Dash"},{"not_picked":["Dagger Spray","Poisoned Stab","PiercingWail"],"picked":"Escape Plan"},{"not_picked":["Terror","Poisoned Stab","Quick Slash"],"picked":"Escape Plan"},{"not_picked":["Poisoned Stab","Acrobatics","Quick Slash"],"picked":"Endless Agony"},{"not_picked":["Finisher","Caltrops","All Out Attack"],"picked":"Malaise"},{"not_picked":["Slice","Choke","Prepared"],"picked":"Sucker Punch"},{"not_picked":["Heel Hook","Slice","Flying Knee"],"picked":"Backflip"},{"not_picked":["Glass Knife","Die Die Die","After Image"],"picked":"Envenom"},{"not_picked":["Dagger Spray","Bane","Underhanded Strike"],"picked":"Bouncing Flask"},{"not_picked":["Deflect","Masterful Stab","Crippling Poison"],"picked":"Backflip"},{"not_picked":["Flying Knee","Quick Slash","Night Terror"],"picked":"Deflect"}],"player_experience":42302,"potions_floor_usage":[29,33,33],"damage_taken":[{"damage":0.0,"enemies":"2 Louse","floor":1.0,"turns":3.0},{"damage":0.0,"enemies":"Cultist","floor":3.0,"turns":4.0},{"damage":0.0,"enemies":"Jaw Worm","floor":8.0,"turns":4.0},{"damage":1.0,"enemies":"Large Slime","floor":10.0,"turns":4.0},{"damage":9.0,"enemies":"Exordium Thugs","floor":11.0,"turns":4.0},{"damage":2.0,"enemies":"2 Fungi Beasts","floor":13.0,"turns":3.0},{"damage":15.0,"enemies":"Slime Boss","floor":16.0,"turns":9.0},{"damage":11.0,"enemies":"3 Byrds","floor":18.0,"turns":5.0},{"damage":6.0,"enemies":"Shell Parasite","floor":20.0,"turns":7.0},{"damage":23.0,"enemies":"3 Cultists","floor":21.0,"turns":7.0},{"damage":22.0,"enemies":"Cultist and Chosen","floor":22.0,"turns":7.0},{"damage":1,"enemies":"Snecko","floor":24,"turns":6},{"damage":0,"enemies":"Snake Plant","floor":25,"turns":5},{"damage":15,"enemies":"Centurion and Healer","floor":27,"turns":7},{"damage":6,"enemies":"Book of Stabbing","floor":29,"turns":7},{"damage":23,"enemies":"Champ","floor":33,"turns":12},{"damage":2,"enemies":"3 Shapes","floor":35,"turns":6},{"damage":36,"enemies":"3 Darklings","floor":36,"turns":7},{"damage":12,"enemies":"Maw","floor":41,"turns":7},{"damage":58,"enemies":"2 Orb Walkers","floor":44,"turns":4}],"event_choices":[{"event_name":"The Woman in Blue","player_choice":"Bought 0 Potions","floor":2.0,"damage_taken":0.0},{"event_name":"Shining Light","player_choice":"Entered Light","floor":4.0,"damage_taken":0.0},{"event_name":"Transmorgrifier","player_choice":"Transform","floor":5.0,"damage_taken":0.0},{"event_name":"Addict","player_choice":"Obtained Relic","floor":19.0,"damage_taken":0.0},{"event_name":"Beggar","player_choice":"Ignored","floor":30,"damage_taken":0},{"event_name":"Duplicator","player_choice":"One dupe","floor":31,"damage_taken":0},{"event_name":"Tomb of Lord Red Mask","player_choice":"Ignored","floor":37,"damage_taken":0}],"boss_relics":[{"not_picked":["Philosopher\u0027s Stone","Runic Dome"],"picked":"Sozu"}],"potions_floor_spawned":[1,8,13,22,25,27,33,35],"seed_played":"-8333395066632977401","killed_by":"2 Orb Walkers","ascension_level":0,"is_trial":false}