{"gold_per_floor":[115,127,141,141,66,100,100,114,114,144,144,319,334,353,353,353],"floor_reached":16,"playtime":1505,"items_purged":["Writhe"],"score":148,"play_id":"d93fece9-2cd3-4715-a25a-3f22d29f0d65","local_time":"20190228215517","is_ascension_mode":true,"campfire_choices":[{"data":"Bash","floor":7,"key":"SMITH"},{"floor":11,"key":"REST"},{"floor":15,"key":"REST"}],"neow_cost":"CURSE","seed_source_timestamp":1221346575502300,"circlet_count":0,"master_deck":["Strike_R","Strike_R","Strike_R","Strike_R","Strike_R","Defend_R","Defend_R","Defend_R","Defend_R","Bash+1","Rage","Headbutt","Carnage","Body Slam","Doubt","Anger","Immolate"],"relics":["Burning Blood","Letter Opener","Kunai","Question Card"],"potions_floor_usage":[6,6,13],"damage_taken":[{"damage":0,"enemies":"Small Slimes","floor":1,"turns":3},{"damage":4,"enemies":"2 Louse","floor":2,"turns":3},{"damage":4,"enemies":"Jaw Worm","floor":3,"turns":4},{"damage":43,"enemies":"Lagavulin","floor":6,"turns":9},{"damage":9,"enemies":"Exordium Thugs","floor":8,"turns":5},{"damage":34,"enemies":"Gremlin Nob","floor":10,"turns":5},{"damage":1,"enemies":"3 Louse","floor":13,"turns":3},{"damage":19,"enemies":"Large Slime","floor":14,"turns":7},{"damage":91,"enemies":"Hexaghost","floor":16,"turns":11}],"seed_played":"-5645363786741355045","potions_obtained":[{"floor":2,"key":"GamblersBrew"},{"floor":3,"key":"Block Potion"},{"floor":10,"key":"AttackPotion"}],"is_trial":false,"path_per_floor":["M","M","M","?","$","E","R","M","T","E","R","?","M","M","R","B"],"character_chosen":"IRONCLAD","items_purchased":[],"campfire_rested":2,"item_purchase_floors":[],"current_hp_per_floor":[96,96,96,101,101,64,64,61,61,33,63,63,68,55,85,0],"gold":353,"neow_bonus":"TWENTY_PERCENT_HP_BONUS","is_prod":false,"is_daily":false,"chose_seed":false,"campfire_upgraded":1,"win_rate":0,"timestamp":1551351317,"path_taken":["M","M","M","?","$","E","R","M","T","E","R","?","M","M","R","BOSS"],"build_version":"2019-01-23","purchased_purges":1,"victory":false,"max_hp_per_floor":[96,96,96,101,101,101,101,101,101,101,101,101,101,101,101,101],"card_choices":[{"not_picked":["True Grit","Heavy Blade"],"picked":"Rage","floor":1},{"not_picked":["Evolve","Flex","Clothesline"],"picked":"SKIP","floor":2},{"not_picked":["Feel No Pain","Perfected Strike"],"picked":"Headbutt","floor":3},{"not_picked":["Headbutt","Sever Soul"],"picked":"Carnage","floor":6},{"not_picked":["Ghostly Armor","Disarm"],"picked":"Body Slam","floor":8},{"not_picked":["Wild Strike","Perfected Strike","Flex"],"picked":"SKIP","floor":10},{"not_picked":["Carnage","Fire Breathing","True Grit"],"picked":"Anger","floor":13},{"not_picked":["Cleave","True Grit","Clothesline"],"picked":"Immolate","floor":14}],"player_experience":205697,"relics_obtained":[{"floor":6,"key":"Letter Opener"},{"floor":9,"key":"Kunai"},{"floor":10,"key":"Question Card"}],"event_choices":[{"damage_healed":0,"gold_gain":0,"player_choice":"Donut","damage_taken":0,"max_hp_gain":5,"max_hp_loss":0,"event_name":"Big Fish","floor":4,"gold_loss":0},{"damage_healed":0,"gold_gain":175,"player_choice":"AGREE","damage_taken":0,"max_hp_gain":0,"max_hp_loss":0,"event_name":"Liars Game","floor":12,"gold_loss":0,"cards_obtained":["Doubt"]}],"is_beta":false,"boss_relics":[],"items_purged_floors":[5],"is_endless":false,"potions_floor_spawned":[2,3,10],"killed_by":"Hexaghost","ascension_level":2}