{"gold_per_floor":[110,136,146,321,332,362,362,392,473,504,504],"floor_reached":11,"playtime":367,"items_purged":[],"score":150,"play_id":"d5919503-6350-4bd4-b614-5fd8703bcc4c","local_time":"20181103174055","is_ascension_mode":true,"campfire_choices":[{"data":"Electrodynamics","floor":7,"key":"SMITH"}],"neow_cost":"NONE","seed_source_timestamp":18625917944761,"circlet_count":0,"master_deck":["AscendersBane","Strike_B+1","Strike_B","Strike_B","Strike_B","Defend_B","Defend_B","Defend_B","Defend_B","Zap","Dualcast","Seek","Doom and Gloom+1","Doubt","Electrodynamics+1","Cold Snap","Conserve Battery"],"relics":["Cracked Core","PreservedInsect","Whetstone","Bag of Preparation","Bottled Flame","Ancient Tea Set"],"potions_floor_usage":[6,8],"damage_taken":[{"damage":0,"enemies":"Cultist","floor":1,"turns":4},{"damage":0,"enemies":"Small Slimes","floor":3,"turns":2},{"damage":0,"enemies":"2 Louse","floor":5,"turns":2},{"damage":20,"enemies":"3 Sentries","floor":6,"turns":4},{"damage":16,"enemies":"Gremlin Nob","floor":8,"turns":3},{"damage":26,"enemies":"Lagavulin","floor":10,"turns":4},{"damage":9,"enemies":"The Mushroom Lair","floor":11,"turns":1}],"seed_played":"8934740360809317453","potions_obtained":[{"floor":1,"key":"Explosive Potion"},{"floor":6,"key":"Poison Potion"},{"floor":10,"key":"SteroidPotion"}],"is_trial":false,"path_per_floor":["M","T","M","?","M","E","R","E","T","E","?"],"character_chosen":"DEFECT","items_purchased":[],"campfire_rested":0,"item_purchase_floors":[],"current_hp_per_floor":[68,68,68,68,68,48,48,32,32,6,0],"gold":504,"neow_bonus":"ONE_RANDOM_RARE_CARD","is_prod":false,"is_daily":false,"chose_seed":false,"campfire_upgraded":1,"win_rate":0,"timestamp":1541281255,"path_taken":["M","?","?","?","M","E","R","E","T","E","?"],"build_version":"2018-11-01","purchased_purges":0,"victory":false,"max_hp_per_floor":[75,75,75,75,75,75,75,75,75,75,75],"card_choices":[{"not_picked":["Rip and Tear","Coolheaded"],"picked":"Doom and Gloom","floor":1},{"not_picked":["Steam","Beam Cell","Scrape"],"picked":"SKIP","floor":3},{"not_picked":["Heatsinks","Barrage","Redo"],"picked":"SKIP","floor":5},{"not_picked":["Amplify","Hyperbeam"],"picked":"Electrodynamics","floor":6},{"not_picked":["FTL","Ball Lightning"],"picked":"Cold Snap","floor":8},{"not_picked":["Gash","Compile Driver"],"picked":"Conserve Battery","floor":10}],"player_experience":179655,"relics_obtained":[{"floor":2,"key":"PreservedInsect"},{"floor":6,"key":"Whetstone"},{"floor":8,"key":"Bag of Preparation"},{"floor":9,"key":"Bottled Flame"},{"floor":10,"key":"Ancient Tea Set"}],"event_choices":[{"damage_healed":0,"gold_gain":175,"player_choice":"AGREE","damage_taken":0,"max_hp_gain":0,"max_hp_loss":0,"event_name":"Liars Game","floor":4,"gold_loss":0,"cards_obtained":["Doubt"]},{"damage_healed":0,"gold_gain":0,"player_choice":"Fought Mushrooms","damage_taken":0,"max_hp_gain":0,"max_hp_loss":0,"event_name":"Mushrooms","floor":11,"gold_loss":0}],"is_beta":false,"boss_relics":[],"items_purged_floors":[],"is_endless":false,"potions_floor_spawned":[1,6,10],"killed_by":"The Mushroom Lair","ascension_level":13}