{"path_per_floor":["M","?","M","$","M","R","M","R","T","M","E","M","$","E","R","B",null,"M","M","M","?"],"character_chosen":"DEFECT","items_purchased":["Capacitor","Static Discharge"],"gold_per_floor":[110,110,121,0,10,10,24,24,24,44,76,89,17,46,46,141,141,158,174,186,186,186],"floor_reached":22,"campfire_rested":1,"playtime":912,"current_hp_per_floor":[75,75,75,75,75,75,69,69,69,46,44,43,43,29,51,36,75,35,17,4,4,0],"items_purged":["Strike_B"],"gold":186,"score":198,"play_id":"05845a7d-3c88-4634-a0b5-3ef192a93ad2","local_time":"20180428073133","is_prod":false,"is_daily":false,"chose_seed":false,"is_ascension_mode":false,"campfire_upgraded":2,"timestamp":1524922293,"path_taken":["M","?","?","?","M","R","?","R","T","M","E","M","$","E","R","BOSS","M","M","M","?","?"],"build_version":"2018-04-27v3","seed_source_timestamp":1441073845913729,"purchased_purges":1,"victory":false,"master_deck":["Strike_B","Strike_B","Strike_B","Defend_B","Defend_B","Defend_B","Defend_B","Zap+1","Dualcast","Darkness","Panacea","Sweeping Beam","Biased Cognition","Coolheaded","Capacitor+1","Thunder Strike","Force Field","Capacitor+1","Ball Lightning","Static Discharge+1","White Noise","Rainbow","Skim","Blizzard"],"max_hp_per_floor":[75,75,75,75,75,75,75,75,75,75,75,75,75,75,75,75,75,75,75,75,75,75],"relics":["Cracked Core","NeowsBlessing","Blood Vial","Frozen Egg 2","Oddly Smooth Stone","Black Star"],"card_choices":[{"not_picked":["Rebound","Glacier"],"picked":"Darkness","floor":1},{"not_picked":["Melter","Leap"],"picked":"Coolheaded","floor":3},{"not_picked":["Skim","Go for the Eyes"],"picked":"Thunder Strike","floor":7},{"not_picked":["Flux Capacitor","Axe Kick"],"picked":"Force Field","floor":10},{"not_picked":["Skim","Axe Kick"],"picked":"Capacitor","floor":11},{"not_picked":["Coolheaded","Beam Cell"],"picked":"Ball Lightning","floor":12},{"not_picked":["Double Energy","Go for the Eyes"],"picked":"White Noise","floor":14},{"not_picked":["Hyperbeam","Seek"],"picked":"Rainbow","floor":16},{"not_picked":["Turbo","Cold Snap"],"picked":"Skim","floor":18},{"not_picked":["Force Field","Barrage"],"picked":"Blizzard","floor":19}],"player_experience":306691,"potions_floor_usage":[11,11,16,19,20],"damage_taken":[{"damage":0,"enemies":"Cultist","floor":1,"turns":1},{"damage":0,"enemies":"2 Louse","floor":3,"turns":1},{"damage":0,"enemies":"Small Slimes","floor":5,"turns":1},{"damage":6,"enemies":"Blue Slaver","floor":7,"turns":4},{"damage":25,"enemies":"Lots of Slimes","floor":10,"turns":4},{"damage":25,"enemies":"3 Sentries","floor":11,"turns":7},{"damage":3,"enemies":"Large Slime","floor":12,"turns":5},{"damage":16,"enemies":"Gremlin Nob","floor":14,"turns":4},{"damage":17,"enemies":"Slime Boss","floor":16,"turns":6},{"damage":40,"enemies":"3 Byrds","floor":18,"turns":4},{"damage":20,"enemies":"Shell Parasite","floor":19,"turns":5},{"damage":30,"enemies":"Centurion and Healer","floor":20,"turns":8},{"damage":8,"enemies":"Sentry and Sphere","floor":22,"turns":2}],"event_choices":[{"event_name":"Match and Keep!","player_choice":"3 cards matched","floor":2,"damage_taken":0},{"event_name":"Drug Dealer","player_choice":"Ignored","floor":21,"damage_taken":0}],"boss_relics":[{"not_picked":["Cursed Key","Snecko Eye"],"picked":"Black Star"}],"potions_floor_spawned":[1,5,10,16,18],"seed_played":"8692658786025048796","killed_by":"Sentry and Sphere","ascension_level":0,"is_trial":false}