{"gold_per_floor":[113,36,36,36,46,46,73,73,99,109,34,49,49,66,66,140,140,154,154,15,33,53,53,86,86,86,123,135,147,173,185],"floor_reached":31,"playtime":1215,"items_purged":["Meteor Strike","Pain"],"score":646,"play_id":"0739b4ee-636b-4899-ae7d-c3900969c1b6","local_time":"20190228171110","is_ascension_mode":true,"campfire_choices":[{"data":"Defragment","floor":6,"key":"SMITH"},{"floor":8,"key":"REST"},{"data":"Doom and Gloom","floor":15,"key":"SMITH"},{"floor":23,"key":"REST"},{"floor":25,"key":"REST"}],"neow_cost":"NONE","seed_source_timestamp":29485111263800,"circlet_count":0,"master_deck":["AscendersBane","Strike_B","Strike_B","Strike_B","Defend_B","Defend_B","Defend_B","Defend_B","Zap+1","Dualcast","Compile Driver+1","Defragment+1","Coolheaded","Conserve Battery","Doom and Gloom+1","Cold Snap","Echo Form","Blizzard+1","Static Discharge","Blizzard","Biased Cognition","Hologram","Necronomicurse","Conserve Battery"],"relics":["Cracked Core","Anchor","PreservedInsect","Inserter","WarpedTongs","Mercury Hourglass","MawBank","Whetstone","Necronomicon"],"potions_floor_usage":[16,24,27,30],"damage_taken":[{"damage":2,"enemies":"Jaw Worm","floor":1,"turns":4},{"damage":1,"enemies":"Cultist","floor":5,"turns":3},{"damage":39,"enemies":"Gremlin Nob","floor":7,"turns":4},{"damage":0,"enemies":"Small Slimes","floor":10,"turns":3},{"damage":0,"enemies":"Red Slaver","floor":12,"turns":4},{"damage":3,"enemies":"3 Louse","floor":14,"turns":4},{"damage":0,"enemies":"Slime Boss","floor":16,"turns":4},{"damage":11,"enemies":"3 Byrds","floor":18,"turns":6},{"damage":22,"enemies":"Spheric Guardian","floor":21,"turns":4},{"damage":34,"enemies":"Centurion and Healer","floor":22,"turns":6},{"damage":10,"enemies":"Gremlin Leader","floor":24,"turns":5},{"damage":15,"enemies":"Book of Stabbing","floor":27,"turns":4},{"damage":10,"enemies":"Snecko","floor":30,"turns":7},{"damage":3,"enemies":"Sentry and Sphere","floor":31,"turns":3}],"seed_played":"6158942122385918011","potions_obtained":[{"floor":7,"key":"Energy Potion"},{"floor":10,"key":"PowerPotion"},{"floor":16,"key":"Ancient Potion"},{"floor":22,"key":"Regen Potion"},{"floor":27,"key":"Block Potion"}],"is_trial":false,"path_per_floor":["M","$","?","$","M","R","E","R","T","M","$","M","?","M","R","B",null,"M","?","$","M","M","R","E","R","T","E","?","?","M","M"],"character_chosen":"DEFECT","items_purchased":["Defragment","Static Discharge"],"campfire_rested":3,"item_purchase_floors":[2,20],"current_hp_per_floor":[62,62,62,62,61,61,22,43,43,43,43,43,71,68,68,68,70,59,59,59,37,3,24,28,49,49,34,34,13,3,0],"gold":185,"neow_bonus":"UPGRADE_CARD","is_prod":false,"is_daily":false,"chose_seed":false,"campfire_upgraded":2,"win_rate":0,"timestamp":1551391870,"path_taken":["M","$","?","?","M","R","E","R","T","M","$","M","?","M","R","BOSS","M","?","$","M","?","R","E","R","T","E","?","?","M","M"],"build_version":"2019-01-23","purchased_purges":2,"victory":false,"max_hp_per_floor":[71,71,71,71,71,71,71,71,71,71,71,71,71,71,71,71,71,71,71,71,71,71,71,71,71,71,71,71,71,71,71],"card_choices":[{"not_picked":["Hologram","Steam Power"],"picked":"Compile Driver","floor":1},{"not_picked":["Stack","Melter"],"picked":"Coolheaded","floor":5},{"not_picked":["Machine Learning","Sweeping Beam"],"picked":"FTL","floor":7},{"not_picked":["Go for the Eyes","White Noise"],"picked":"Conserve Battery","floor":10},{"not_picked":["Sweeping Beam","Beam Cell"],"picked":"Doom and Gloom","floor":12},{"not_picked":["Gash","Hologram"],"picked":"Cold Snap","floor":14},{"not_picked":["Meteor Strike","Electrodynamics"],"picked":"Echo Form","floor":16},{"not_picked":["Redo","Go for the Eyes"],"picked":"Blizzard","floor":18},{"not_picked":["Stack","Tempest","Ball Lightning"],"picked":"SKIP","floor":21},{"not_picked":["Gash","Blizzard","Aggregate"],"picked":"SKIP","floor":22},{"not_picked":["Gash","Aggregate"],"picked":"Blizzard","floor":22},{"not_picked":["Stack","Doom and Gloom"],"picked":"Biased Cognition","floor":24},{"not_picked":["Creative AI","Static Discharge"],"picked":"Hologram","floor":27},{"not_picked":["Fusion","Sweeping Beam"],"picked":"Conserve Battery","floor":30}],"player_experience":730284,"relics_obtained":[{"floor":7,"key":"Anchor"},{"floor":9,"key":"PreservedInsect"},{"floor":24,"key":"Mercury Hourglass"},{"floor":26,"key":"MawBank"},{"floor":27,"key":"Whetstone"},{"floor":29,"key":"Necronomicon"}],"event_choices":[{"damage_healed":0,"gold_gain":0,"cards_transformed":["Strike_B"],"player_choice":"Transformed","damage_taken":0,"max_hp_gain":0,"max_hp_loss":0,"event_name":"Transmorgrifier","floor":3,"gold_loss":0,"cards_obtained":["Meteor Strike"]},{"cards_removed":["FTL"],"damage_healed":28,"gold_gain":0,"player_choice":"Offered Uncommon","damage_taken":0,"max_hp_gain":0,"max_hp_loss":0,"event_name":"Bonfire Elementals","floor":13,"gold_loss":0},{"damage_healed":0,"gold_gain":0,"player_choice":"Rummage","damage_taken":0,"relics_obtained":["WarpedTongs"],"max_hp_gain":0,"max_hp_loss":0,"event_name":"Accursed Blacksmith","floor":19,"gold_loss":0,"cards_obtained":["Pain"]},{"damage_healed":0,"gold_gain":0,"player_choice":"Ignored","damage_taken":0,"max_hp_gain":0,"max_hp_loss":0,"event_name":"The Mausoleum","floor":28,"gold_loss":0},{"damage_healed":0,"gold_gain":0,"player_choice":"Obtained Book","damage_taken":21,"max_hp_gain":0,"max_hp_loss":0,"event_name":"Cursed Tome","floor":29,"gold_loss":0}],"is_beta":false,"boss_relics":[{"not_picked":["Cursed Key","Empty Cage"],"picked":"Inserter"}],"items_purged_floors":[11,20],"is_endless":false,"potions_floor_spawned":[7,10,12,16,22,27],"killed_by":"Sentry and Sphere","ascension_level":20}