{"gold_per_floor":[109,127,139,149,167,167,197,228,255,280,292,320,9,20,20,91,91,110,210,210,226,226],"floor_reached":22,"playtime":1617,"items_purged":[],"score":396,"play_id":"b3c268bc-e937-479b-8a9a-95010f661d93","local_time":"20190304093102","is_ascension_mode":true,"campfire_choices":[{"data":"Perfected Strike","floor":6,"key":"SMITH"},{"data":"Perfected Strike","floor":11,"key":"SMITH"},{"data":"Armaments","floor":15,"key":"SMITH"}],"neow_cost":"NONE","seed_source_timestamp":256724670123079,"circlet_count":0,"master_deck":["AscendersBane","Strike_R","Strike_R","Strike_R","Strike_R","Strike_R","Defend_R+1","Defend_R","Defend_R","Defend_R+1","Bash","Cleave","Twin Strike","Shrug It Off","Shrug It Off","Perfected Strike+1","Perfected Strike+1","Offering","Armaments+1","Shrug It Off","Perfected Strike","Impervious","Clothesline","Thunderclap","True Grit"],"relics":["Burning Blood","Ancient Tea Set","Odd Mushroom","Meat on the Bone","War Paint","MawBank","Paper Frog","Black Star","Shovel","Kunai"],"potions_floor_usage":[7,8,10,16,19,19,22],"damage_taken":[{"damage":1,"enemies":"Cultist","floor":1,"turns":3},{"damage":19,"enemies":"Jaw Worm","floor":2,"turns":5},{"damage":7,"enemies":"Small Slimes","floor":3,"turns":3},{"damage":10,"enemies":"3 Louse","floor":4,"turns":4},{"damage":14,"enemies":"Lots of Slimes","floor":5,"turns":4},{"damage":0,"enemies":"The Mushroom Lair","floor":7,"turns":4},{"damage":20,"enemies":"Lagavulin","floor":8,"turns":6},{"damage":32,"enemies":"3 Sentries","floor":10,"turns":9},{"damage":0,"enemies":"Looter","floor":12,"turns":1},{"damage":0,"enemies":"2 Fungi Beasts","floor":14,"turns":3},{"damage":24,"enemies":"The Guardian","floor":16,"turns":10},{"damage":12,"enemies":"2 Thieves","floor":18,"turns":4},{"damage":24,"enemies":"Colosseum Slavers","floor":19,"turns":6},{"damage":50,"enemies":"Colosseum Nobs","floor":19,"turns":7},{"damage":22,"enemies":"3 Byrds","floor":21,"turns":6},{"damage":59,"enemies":"Sentry and Sphere","floor":22,"turns":7}],"seed_played":"5225570262306641092","potions_obtained":[{"floor":3,"key":"EssenceOfSteel"},{"floor":5,"key":"Fire Potion"},{"floor":8,"key":"BloodPotion"},{"floor":10,"key":"Dexterity Potion"},{"floor":12,"key":"GamblersBrew"},{"floor":16,"key":"Regen Potion"},{"floor":19,"key":"Weak Potion"}],"is_trial":false,"path_per_floor":["M","M","M","M","M","R","?","E","T","E","R","M","$","M","R","B",null,"M","?","?","M","M"],"character_chosen":"IRONCLAD","items_purchased":["Paper Frog","Shrug It Off"],"campfire_rested":0,"item_purchase_floors":[13,13],"current_hp_per_floor":[73,60,59,55,47,47,53,39,39,32,32,50,50,56,56,50,69,63,28,75,59,0],"gold":226,"neow_bonus":"RANDOM_COMMON_RELIC","is_prod":false,"is_daily":false,"chose_seed":false,"campfire_upgraded":3,"win_rate":0,"timestamp":1551709862,"path_taken":["M","M","?","M","?","R","?","E","T","E","R","M","$","M","R","BOSS","M","?","?","M","?"],"build_version":"2019-01-23","purchased_purges":0,"victory":false,"max_hp_per_floor":[75,75,75,75,75,75,75,75,75,75,75,75,75,75,75,75,75,75,75,75,75,75],"card_choices":[{"not_picked":["Reckless Charge","Corruption"],"picked":"Cleave","floor":1},{"not_picked":["Sever Soul","Intimidate"],"picked":"Twin Strike","floor":2},{"not_picked":["Metallicize","Heavy Blade"],"picked":"Shrug It Off","floor":3},{"not_picked":["Clash","Sever Soul"],"picked":"Shrug It Off","floor":4},{"not_picked":["Infernal Blade","Cleave"],"picked":"Perfected Strike","floor":5},{"not_picked":["Flame Barrier","Clothesline"],"picked":"Perfected Strike","floor":7},{"not_picked":["Sever Soul","Power Through"],"picked":"Offering","floor":8},{"not_picked":["Body Slam","Combust"],"picked":"Battle Trance","floor":10},{"not_picked":["Clothesline","Hemokinesis"],"picked":"Armaments","floor":12},{"not_picked":["Thunderclap","True Grit"],"picked":"Perfected Strike","floor":14},{"not_picked":["Brutality","Berserk"],"picked":"Impervious","floor":16},{"not_picked":["Hemokinesis","Thunderclap"],"picked":"Clothesline","floor":18},{"not_picked":["Twin Strike","Iron Wave"],"picked":"Thunderclap","floor":19},{"not_picked":["Thunderclap","Bludgeon"],"picked":"True Grit","floor":21}],"player_experience":736800,"relics_obtained":[{"floor":7,"key":"Odd Mushroom"},{"floor":8,"key":"Meat on the Bone"},{"floor":9,"key":"War Paint"},{"floor":10,"key":"MawBank"},{"floor":19,"key":"Shovel"},{"floor":19,"key":"Kunai"}],"event_choices":[{"damage_healed":0,"gold_gain":0,"player_choice":"Fought Mushrooms","damage_taken":0,"max_hp_gain":0,"max_hp_loss":0,"event_name":"Mushrooms","floor":7,"gold_loss":0},{"damage_healed":0,"gold_gain":0,"player_choice":"Fight","damage_taken":0,"max_hp_gain":0,"max_hp_loss":0,"event_name":"Colosseum","floor":19,"gold_loss":0},{"damage_healed":0,"gold_gain":0,"player_choice":"Fought Nobs","damage_taken":0,"max_hp_gain":0,"max_hp_loss":0,"event_name":"Colosseum","floor":19,"gold_loss":0},{"cards_removed":["Battle Trance"],"damage_healed":47,"gold_gain":0,"player_choice":"Offered Uncommon","damage_taken":0,"max_hp_gain":0,"max_hp_loss":0,"event_name":"Bonfire Elementals","floor":20,"gold_loss":0}],"is_beta":false,"boss_relics":[{"not_picked":["Runic Cube","Eternal Feather"],"picked":"Black Star"}],"items_purged_floors":[],"is_endless":false,"potions_floor_spawned":[3,5,8,10,12,16,18,19],"killed_by":"Sentry and Sphere","ascension_level":20}