{"gold_per_floor":[19,19,44,44,57,57,97,97,97,141,141,164,189,189,189,320,320,345,9,9,33,49,80,80,115,139,151,177,224,236,273,285,297],"floor_reached":33,"playtime":3285,"items_purged":["Strike_B"],"score":466,"play_id":"32b836b5-d850-4e47-9298-80cb0bc37816","local_time":"20181101131831","is_ascension_mode":true,"campfire_choices":[{"data":"Zap","floor":6,"key":"SMITH"},{"data":"Tempest","floor":8,"key":"SMITH"},{"floor":11,"key":"REST"},{"floor":15,"key":"REST"},{"floor":24,"key":"REST"},{"data":"Static Discharge","floor":27,"key":"SMITH"},{"floor":30,"key":"REST"},{"floor":32,"key":"REST"}],"neow_cost":"NO_GOLD","seed_source_timestamp":249704183306513,"circlet_count":0,"master_deck":["Strike_B","Defend_B","Defend_B","Defend_B","Zap+1","Dualcast","Multi-Cast","Tempest+1","Steam","Static Discharge+1","Coolheaded","Coolheaded+1","FTL","Chill+1","Conserve Battery+1","Fission+1","Gash+1","Go for the Eyes+1","Recycle+1","Cold Snap","Amplify+1","Rebound","Machine Learning","Fusion+1"],"relics":["Cracked Core","Golden Idol","Strawberry","Toxic Egg 2","Pear","Kunai","Black Star","OrangePellets","Darkstone Periapt","Bottled Lightning","Letter Opener","Bottled Tornado","MawBank","DataDisk","Whetstone"],"potions_floor_usage":[22,23,23,25,33],"damage_taken":[{"damage":3,"enemies":"Small Slimes","floor":1,"turns":3},{"damage":2,"enemies":"2 Louse","floor":3,"turns":3},{"damage":0,"enemies":"Cultist","floor":5,"turns":3},{"damage":34,"enemies":"3 Sentries","floor":7,"turns":7},{"damage":15,"enemies":"Lagavulin","floor":10,"turns":9},{"damage":7,"enemies":"Exordium Thugs","floor":12,"turns":3},{"damage":0,"enemies":"Blue Slaver","floor":13,"turns":4},{"damage":10,"enemies":"The Guardian","floor":16,"turns":13},{"damage":10,"enemies":"Spheric Guardian","floor":18,"turns":4},{"damage":0,"enemies":"Shell Parasite","floor":21,"turns":5},{"damage":12,"enemies":"Sentry and Sphere","floor":22,"turns":8},{"damage":20,"enemies":"Gremlin Leader","floor":23,"turns":10},{"damage":20,"enemies":"Slavers","floor":25,"turns":6},{"damage":19,"enemies":"Shelled Parasite and Fungi","floor":28,"turns":4},{"damage":13,"enemies":"Gremlin Leader","floor":29,"turns":7},{"damage":9,"enemies":"Snecko","floor":31,"turns":4},{"damage":85,"enemies":"Collector","floor":33,"turns":14}],"seed_played":"-4889149446771856534","potions_obtained":[{"floor":1,"key":"FearPotion"},{"floor":13,"key":"Block Potion"},{"floor":16,"key":"AttackPotion"},{"floor":18,"key":"Poison Potion"},{"floor":21,"key":"Weak Potion"},{"floor":23,"key":"Regen Potion"},{"floor":31,"key":"SneckoOil"}],"is_trial":false,"path_per_floor":["M","?","M","?","M","R","E","R","T","E","R","M","M","?","R","B",null,"M","$","?","M","M","E","R","E","T","R","M","E","R","M","R"],"character_chosen":"DEFECT","items_purchased":["OrangePellets","Go for the Eyes"],"campfire_rested":5,"item_purchase_floors":[19,19],"current_hp_per_floor":[65,47,45,52,52,52,18,18,28,13,40,33,33,26,53,43,80,70,70,70,70,58,38,65,60,60,60,41,28,55,46,73,0],"gold":297,"neow_bonus":"TRANSFORM_TWO_CARDS","is_prod":false,"is_daily":false,"chose_seed":false,"campfire_upgraded":3,"win_rate":0,"timestamp":1541092711,"path_taken":["M","?","?","?","M","R","E","R","T","E","R","M","?","?","R","BOSS","M","$","?","M","?","E","R","E","T","R","M","E","R","M","R","BOSS"],"build_version":"2018-10-25v2","purchased_purges":1,"victory":false,"max_hp_per_floor":[75,75,75,82,82,82,82,82,92,92,92,92,92,92,92,92,92,92,92,92,92,92,92,92,92,92,92,92,92,92,92,92,92],"card_choices":[{"not_picked":["Consume","Chaos"],"picked":"Steam","floor":1},{"not_picked":["Sweeping Beam","Streamline"],"picked":"Static Discharge","floor":3},{"not_picked":["Beam Cell","Steam"],"picked":"Coolheaded","floor":5},{"not_picked":["Loop","Streamline"],"picked":"Coolheaded","floor":7},{"not_picked":["Melter","Static Discharge"],"picked":"FTL","floor":10},{"not_picked":["Darkness+1","Turbo+1"],"picked":"Chill+1","floor":12},{"not_picked":["Chaos+1","Leap+1"],"picked":"Conserve Battery+1","floor":13},{"not_picked":["Rainbow+1","Hyperbeam"],"picked":"Fission+1","floor":16},{"not_picked":["Barrage","Sweeping Beam"],"picked":"Gash","floor":18},{"not_picked":["Ball Lightning+1","Steam+1"],"picked":"Recycle+1","floor":21},{"not_picked":["Sweeping Beam+1","Turbo+1","Barrage+1"],"picked":"SKIP","floor":22},{"not_picked":["Scrape+1","Steam+1"],"picked":"Cold Snap","floor":23},{"not_picked":["Streamline","Leap+1"],"picked":"Amplify+1","floor":25},{"not_picked":["Leap+1","Cold Snap"],"picked":"Rebound","floor":28},{"not_picked":["Sweeping Beam","FTL"],"picked":"Machine Learning","floor":29},{"not_picked":["BootSequence+1","Heatsinks"],"picked":"Fusion+1","floor":31}],"player_experience":122470,"relics_obtained":[{"floor":7,"key":"Toxic Egg 2"},{"floor":9,"key":"Pear"},{"floor":10,"key":"Kunai"},{"floor":23,"key":"Darkstone Periapt"},{"floor":23,"key":"Bottled Lightning"},{"floor":25,"key":"Letter Opener"},{"floor":25,"key":"Bottled Tornado"},{"floor":26,"key":"MawBank"},{"floor":29,"key":"DataDisk"},{"floor":29,"key":"Whetstone"}],"event_choices":[{"damage_healed":0,"gold_gain":0,"player_choice":"Take Damage","damage_taken":18,"relics_obtained":["Golden Idol"],"max_hp_gain":0,"max_hp_loss":0,"event_name":"Golden Idol","floor":2,"gold_loss":0},{"damage_healed":0,"gold_gain":0,"player_choice":"Gave Potion","damage_taken":0,"relics_obtained":["Strawberry"],"max_hp_gain":0,"max_hp_loss":0,"event_name":"WeMeetAgain","floor":4,"gold_loss":0},{"cards_removed":["Defend_B"],"damage_healed":0,"gold_gain":0,"player_choice":"Card Removal","damage_taken":7,"max_hp_gain":0,"max_hp_loss":0,"event_name":"Golden Wing","floor":14,"gold_loss":0},{"damage_healed":0,"gold_gain":0,"player_choice":"Ignored","damage_taken":0,"max_hp_gain":0,"max_hp_loss":0,"event_name":"Vampires","floor":20,"gold_loss":0}],"is_beta":false,"boss_relics":[{"not_picked":["Calling Bell","Fusion Hammer"],"picked":"Black Star"}],"items_purged_floors":[19],"is_endless":false,"potions_floor_spawned":[1,13,16,18,21,23,31],"killed_by":"Collector","ascension_level":8}