{"gold_per_floor":[119,44,57,70,70,70,95,95,122,165,189,216,228,240,252,264],"floor_reached":16,"playtime":571,"items_purged":["Normality"],"score":220,"play_id":"f848ca81-4391-48f6-b36a-a97034b8ea95","local_time":"20190221124348","is_ascension_mode":true,"campfire_choices":[{"data":"Ball Lightning","floor":6,"key":"SMITH"},{"floor":8,"key":"REST"},{"floor":13,"key":"REST"},{"data":"Defragment","floor":15,"key":"SMITH"}],"neow_cost":"CURSE","seed_source_timestamp":368050967356533,"circlet_count":0,"master_deck":["AscendersBane","Strike_B","Strike_B","Defend_B","Defend_B","Defend_B","Defend_B","Zap","Dualcast","Blizzard","Core Surge","Chill","Coolheaded","Ball Lightning+1","Leap","Hologram","Defragment+1"],"relics":["Cracked Core","Lantern","MawBank","Mummified Hand"],"potions_floor_usage":[10,16],"damage_taken":[{"damage":14,"enemies":"Small Slimes","floor":1,"turns":4},{"damage":0,"enemies":"2 Louse","floor":3,"turns":1},{"damage":2,"enemies":"Cultist","floor":4,"turns":4},{"damage":43,"enemies":"Gremlin Nob","floor":7,"turns":5},{"damage":5,"enemies":"3 Sentries","floor":10,"turns":10},{"damage":12,"enemies":"Red Slaver","floor":11,"turns":3},{"damage":3,"enemies":"Blue Slaver","floor":12,"turns":3},{"damage":33,"enemies":"Hexaghost","floor":16,"turns":9}],"seed_played":"-3646294017850488641","potions_obtained":[{"floor":4,"key":"EssenceOfSteel"},{"floor":11,"key":"Strength Potion"},{"floor":12,"key":"Fire Potion"}],"is_trial":false,"path_per_floor":["M","$","M","M","?","R","E","R","T","E","M","M","R","?","R","B"],"character_chosen":"DEFECT","items_purchased":[],"campfire_rested":2,"item_purchase_floors":[],"current_hp_per_floor":[50,50,50,48,48,48,5,26,26,21,9,6,27,32,32,0],"gold":264,"neow_bonus":"TRANSFORM_TWO_CARDS","is_prod":false,"is_daily":false,"chose_seed":false,"campfire_upgraded":2,"win_rate":0,"timestamp":1550771028,"path_taken":["M","$","M","M","?","R","E","R","T","E","M","M","R","?","R","BOSS"],"build_version":"2019-01-23","purchased_purges":1,"victory":false,"max_hp_per_floor":[71,71,71,71,71,71,71,71,71,71,71,71,71,76,76,76],"card_choices":[{"not_picked":["Auto Shields","Conserve Battery"],"picked":"Chill","floor":1},{"not_picked":["Aggregate","Beam Cell"],"picked":"Coolheaded","floor":3},{"not_picked":["Beam Cell","Chill"],"picked":"Ball Lightning","floor":4},{"not_picked":["Steam Power","Streamline"],"picked":"Leap","floor":7},{"not_picked":["Stack","Beam Cell","Rebound"],"picked":"SKIP","floor":10},{"not_picked":["Barrage","Go for the Eyes"],"picked":"Hologram","floor":11},{"not_picked":["Rebound","Undo"],"picked":"Defragment","floor":12}],"player_experience":684475,"relics_obtained":[{"floor":7,"key":"Lantern"},{"floor":9,"key":"MawBank"},{"floor":10,"key":"Mummified Hand"}],"event_choices":[{"damage_healed":0,"gold_gain":0,"player_choice":"Ignored","damage_taken":0,"max_hp_gain":0,"max_hp_loss":0,"event_name":"Liars Game","floor":5,"gold_loss":0},{"damage_healed":0,"gold_gain":0,"player_choice":"Donut","damage_taken":0,"max_hp_gain":5,"max_hp_loss":0,"event_name":"Big Fish","floor":14,"gold_loss":0}],"is_beta":false,"boss_relics":[],"items_purged_floors":[2],"is_endless":false,"potions_floor_spawned":[4,11,12],"killed_by":"Hexaghost","ascension_level":20}