{"gold_per_floor":[113,124,124,142,142,142,169,179,179,179,5,26,26,44,44,144,144,160,176,176,194,20,20,45,45,97,97,12,12,29,55,55,153,153,169,186,0,14,14],"floor_reached":39,"playtime":1722,"items_purged":["Strike_B","Strike_B"],"score":654,"play_id":"cff11c11-ad61-41ae-bdd8-35c608b10f20","local_time":"20181102145113","is_ascension_mode":true,"campfire_choices":[{"data":"Go for the Eyes","floor":6,"key":"SMITH"},{"data":"Defragment","floor":10,"key":"SMITH"},{"floor":15,"key":"REST"},{"floor":23,"key":"REST"},{"floor":25,"key":"REST"},{"floor":29,"key":"REST"},{"floor":32,"key":"REST"}],"neow_cost":"NONE","seed_source_timestamp":343228914987356,"circlet_count":0,"master_deck":["AscendersBane","Strike_B","Defend_B","Defend_B","Defend_B","Defend_B","Zap+1","Dualcast","Go for the Eyes+1","Ball Lightning","Skim","Gash","Defragment+1","Chill","Cold Snap","Compile Driver","Electrodynamics","Biased Cognition","Ball Lightning+1","Coolheaded","Glacier","Aggregate+1","Writhe","Doom and Gloom","Turbo+1","Multi-Cast","Compile Driver+1","Hologram+1"],"relics":["FrozenCore","Letter Opener","Bottled Flame","Odd Mushroom","Dodecahedron","Centennial Puzzle","Blood Vial","Vajra","White Beast Statue","Red Mask"],"potions_floor_usage":[12,13,16,24,31,31,33,33,39],"damage_taken":[{"damage":4,"enemies":"Jaw Worm","floor":1,"turns":4},{"damage":0,"enemies":"Cultist","floor":2,"turns":3},{"damage":0,"enemies":"2 Louse","floor":4,"turns":2},{"damage":35,"enemies":"3 Sentries","floor":7,"turns":7},{"damage":6,"enemies":"Blue Slaver","floor":8,"turns":3},{"damage":15,"enemies":"The Mushroom Lair","floor":12,"turns":4},{"damage":0,"enemies":"Large Slime","floor":14,"turns":3},{"damage":4,"enemies":"The Guardian","floor":16,"turns":9},{"damage":12,"enemies":"2 Thieves","floor":18,"turns":4},{"damage":5,"enemies":"Spheric Guardian","floor":19,"turns":3},{"damage":15,"enemies":"Snake Plant","floor":21,"turns":4},{"damage":46,"enemies":"Gremlin Leader","floor":24,"turns":6},{"damage":9,"enemies":"Chosen and Byrds","floor":30,"turns":5},{"damage":28,"enemies":"Slavers","floor":31,"turns":2},{"damage":64,"enemies":"Automaton","floor":33,"turns":10},{"damage":47,"enemies":"3 Darklings","floor":35,"turns":3},{"damage":7,"enemies":"3 Shapes","floor":36,"turns":3},{"damage":6,"enemies":"Jaw Worm Horde","floor":38,"turns":4},{"damage":24,"enemies":"2 Orb Walkers","floor":39,"turns":2}],"seed_played":"5386926453747500466","potions_obtained":[{"floor":2,"key":"Regen Potion"},{"floor":8,"key":"SkillPotion"},{"floor":12,"key":"Fire Potion"},{"floor":13,"key":"Fruit Juice"},{"floor":13,"key":"SkillPotion"},{"floor":21,"key":"Energy Potion"},{"floor":31,"key":"Poison Potion"},{"floor":33,"key":"Swift Potion"},{"floor":35,"key":"Ancient Potion"},{"floor":36,"key":"FearPotion"},{"floor":38,"key":"Energy Potion"}],"is_trial":false,"path_per_floor":["M","M","?","M","?","R","E","M","T","R","$","?","?","M","R","B",null,"M","M","?","M","$","R","E","R","T","?","$","R","M","E","R","B",null,"M","M","?","M","?"],"character_chosen":"DEFECT","items_purchased":["Chill","Cold Snap","Glacier","Doom and Gloom","AttackPotion"],"campfire_rested":5,"item_purchase_floors":[11,11,22,28,28],"current_hp_per_floor":[71,71,71,71,71,71,36,30,30,30,30,15,20,20,46,42,76,64,59,42,27,27,54,8,35,35,35,35,62,55,29,56,9,71,26,21,21,17,0],"gold":14,"neow_bonus":"TEN_PERCENT_HP_BONUS","is_prod":false,"is_daily":false,"chose_seed":false,"campfire_upgraded":2,"win_rate":0,"timestamp":1541184673,"path_taken":["M","M","?","?","?","R","E","M","T","R","$","?","?","?","R","BOSS","M","M","?","M","$","R","E","R","T","?","?","R","M","E","R","BOSS","M","M","?","M","?"],"build_version":"2018-11-01","purchased_purges":2,"victory":false,"max_hp_per_floor":[82,82,82,82,82,82,82,82,82,82,82,82,87,87,87,87,87,87,87,92,92,92,92,92,92,92,92,92,92,92,92,92,92,92,92,92,92,92,92],"card_choices":[{"not_picked":["Gash","Rebound"],"picked":"Go for the Eyes","floor":1},{"not_picked":["Blizzard","Heatsinks"],"picked":"Ball Lightning","floor":2},{"not_picked":["Steam","Blizzard","Chaos"],"picked":"SKIP","floor":4},{"not_picked":["Loop","Rebound"],"picked":"Gash","floor":7},{"not_picked":["Fusion","Turbo"],"picked":"Defragment","floor":8},{"not_picked":["Streamline","Lockon"],"picked":"Compile Driver","floor":12},{"not_picked":["Skim","Ball Lightning"],"picked":"Electrodynamics","floor":14},{"not_picked":["Meteor Strike","Hyperbeam"],"picked":"Biased Cognition","floor":16},{"not_picked":["Redo","Beam Cell+1","Streamline"],"picked":"SKIP","floor":18},{"not_picked":["Barrage+1","Turbo"],"picked":"Ball Lightning+1","floor":19},{"not_picked":["Streamline","Sweeping Beam"],"picked":"Coolheaded","floor":21},{"not_picked":["Darkness+1","Rebound+1"],"picked":"Aggregate+1","floor":24},{"not_picked":["Rebound","Scrape+1"],"picked":"Turbo+1","floor":30},{"not_picked":["Hyperbeam","Beam Cell","Turbo"],"picked":"SKIP","floor":31},{"not_picked":["Meteor Strike","Fission"],"picked":"Multi-Cast","floor":33},{"not_picked":["Steam","Redo"],"picked":"Compile Driver+1","floor":35},{"not_picked":["Stack+1","Barrage+1"],"picked":"Hologram+1","floor":36},{"not_picked":["Blizzard+1","Aggregate","Sunder"],"picked":"SKIP","floor":38}],"player_experience":157249,"relics_obtained":[{"floor":7,"key":"Letter Opener"},{"floor":9,"key":"Bottled Flame"},{"floor":12,"key":"Odd Mushroom"},{"floor":24,"key":"Dodecahedron"},{"floor":26,"key":"Centennial Puzzle"},{"floor":31,"key":"Vajra"}],"event_choices":[{"damage_healed":0,"gold_gain":0,"cards_transformed":["Strike_B"],"player_choice":"Transformed","damage_taken":0,"max_hp_gain":0,"max_hp_loss":0,"event_name":"Transmorgrifier","floor":3,"gold_loss":0,"cards_obtained":["Skim"]},{"damage_healed":0,"gold_gain":0,"player_choice":"Grow","damage_taken":0,"max_hp_gain":0,"max_hp_loss":0,"event_name":"Living Wall","floor":5,"gold_loss":0,"cards_upgraded":["Zap"]},{"damage_healed":0,"gold_gain":0,"player_choice":"Fought Mushrooms","damage_taken":0,"max_hp_gain":0,"max_hp_loss":0,"event_name":"Mushrooms","floor":12,"gold_loss":0},{"damage_healed":0,"gold_gain":0,"player_choice":"Got Potions","damage_taken":0,"max_hp_gain":0,"max_hp_loss":0,"event_name":"Lab","floor":13,"gold_loss":0},{"damage_healed":0,"gold_gain":0,"player_choice":"Shed Blood","damage_taken":22,"max_hp_gain":5,"max_hp_loss":0,"event_name":"Forgotten Altar","floor":20,"gold_loss":0},{"damage_healed":0,"gold_gain":0,"player_choice":"Opened","damage_taken":0,"relics_obtained":["Blood Vial"],"max_hp_gain":0,"max_hp_loss":0,"event_name":"The Mausoleum","floor":27,"gold_loss":0,"cards_obtained":["Writhe"]},{"damage_healed":0,"gold_gain":0,"player_choice":"Paid","damage_taken":0,"relics_obtained":["Red Mask"],"max_hp_gain":0,"max_hp_loss":0,"event_name":"Tomb of Lord Red Mask","floor":37,"gold_loss":186},{"damage_healed":0,"gold_gain":0,"player_choice":"Fight","damage_taken":0,"max_hp_gain":0,"max_hp_loss":0,"event_name":"Mysterious Sphere","floor":39,"gold_loss":0}],"is_beta":false,"boss_relics":[{"not_picked":["Runic Dome","Calling Bell"],"picked":"FrozenCore"},{"not_picked":["Snecko Eye","Cursed Key"],"picked":"White Beast Statue"}],"items_purged_floors":[11,22],"is_endless":false,"potions_floor_spawned":[2,8,12,21,31,33,35,36,38],"killed_by":"2 Orb Walkers","ascension_level":10}