{"path_per_floor":["M","?","M","M","$","R","E","R","T","?","T","M","M","E","R","B",null,"M","?","?","?","?"],"character_chosen":"THE_SILENT","items_purchased":["Dodge and Roll"],"gold_per_floor":[110,110,123,133,7,7,40,40,40,40,91,111,130,160,160,259,259,273,273,273,273,198],"floor_reached":23,"campfire_rested":0,"playtime":1647,"current_hp_per_floor":[68,68,68,64,64,64,57,57,57,57,64,59,57,50,50,14,77,65,65,65,51,51],"items_purged":["Strike_G"],"gold":198,"score":207,"play_id":"0e7502d5-1ca8-4d33-9c2c-6cb353cb2359","is_prod":false,"is_daily":false,"is_ascension_mode":true,"campfire_upgraded":2,"path_taken":["M","?","M","M","$","R","E","R","T","?","?","M","M","E","R","BOSS","M","?","?","?","?","E"],"build_version":"2018-02-12-PROD1","purchased_purges":1,"victory":false,"master_deck":["Defend_G","Defend_G","Defend_G","Defend_G","Strike_G","Strike_G","Strike_G","Survivor","Neutralize","Deadly Poison+1","Deadly Poison+1","Expertise","Dodge and Roll","Sucker Punch+1","Dagger Throw","Heel Hook","Poisoned Stab","Envenom","Burst","Quick Slash","Deadly Poison"],"max_hp_per_floor":[70,70,70,70,70,70,70,70,70,70,77,77,77,77,77,77,77,77,77,77,82,82],"relics":["Ring of the Snake","Paper Crane","Regal Pillow","Strawberry","Shovel","Dream Catcher","Cursed Key"],"card_choices":[{"not_picked":["Escape Plan","Cloak And Dagger"],"picked":"Deadly Poison"},{"not_picked":["Cloak And Dagger","Backflip"],"picked":"Deadly Poison"},{"not_picked":["All Out Attack","Quick Slash"],"picked":"Expertise"},{"not_picked":["Setup","Caltrops"],"picked":"Sucker Punch"},{"not_picked":["Expertise","Concentrate"],"picked":"Heel Hook"},{"not_picked":["A Thousand Cuts","Dagger Throw"],"picked":"Poisoned Stab"},{"not_picked":["Leg Sweep","All Out Attack"],"picked":"Envenom"},{"not_picked":["A Thousand Cuts","Phantasmal Killer"],"picked":"Burst"},{"not_picked":["Infinite Blades","Predator"],"picked":"Quick Slash"}],"player_experience":112147,"potions_floor_usage":[3,7,14,23],"damage_taken":[{"damage":2,"enemies":"Small Slimes","floor":1,"turns":3},{"damage":0,"enemies":"2 Louse","floor":3,"turns":2},{"damage":4,"enemies":"Blue Slaver","floor":4,"turns":3},{"damage":7,"enemies":"3 Sentries","floor":7,"turns":10},{"damage":5,"enemies":"Looter","floor":12,"turns":3},{"damage":2,"enemies":"2 Fungi Beasts","floor":13,"turns":3},{"damage":7,"enemies":"Gremlin Nob","floor":14,"turns":3},{"damage":36,"enemies":"Slime Boss","floor":16,"turns":12},{"damage":12,"enemies":"Spheric Guardian","floor":18,"turns":5},{"damage":61,"enemies":"Book of Stabbing","floor":23,"turns":5}],"event_choices":[{"event_name":"Living Wall","player_choice":"Grow","floor":2,"damage_taken":0},{"event_name":"Transmorgrifier","player_choice":"Transform","floor":10,"damage_taken":0},{"event_name":"The Library","player_choice":"Read","floor":19,"damage_taken":0},{"event_name":"Drug Dealer","player_choice":"Ignored","floor":20,"damage_taken":0},{"event_name":"Forgotten Altar","player_choice":"Shed Blood","floor":21,"damage_taken":0},{"event_name":"Beggar","player_choice":"Gave Gold","floor":22,"damage_taken":0}],"boss_relics":[{"not_picked":["Black Star","Velvet Choker"],"picked":"Cursed Key"}],"potions_floor_spawned":[1,4,7,12],"seed_played":"4623180432410224752","killed_by":"Book of Stabbing","ascension_level":1,"is_trial":false}