{"gold_per_floor":[115,190,365,365,365,365,386,386,433,456,476,489,509,527,527,650,650,674,674,51,55,14,14,78,99,122,122,122,122],"floor_reached":29,"playtime":1925,"items_purged":["Doubt"],"score":217,"play_id":"d9f54ca9-0aa1-40be-8c1e-688934686f10","local_time":"20190205224646","is_ascension_mode":false,"campfire_choices":[{"data":"Zap","floor":6.0,"key":"SMITH"},{"floor":8.0,"key":"REST"},{"floor":15.0,"key":"REST"},{"data":"Sunder","floor":23.0,"key":"SMITH"}],"neow_cost":"NONE","seed_source_timestamp":0,"circlet_count":0,"master_deck":["Strike_B","Strike_B","Strike_B","Strike_B","Defend_B","Defend_B","Defend_B","Defend_B","Zap+1","Dualcast","Leap","Conserve Battery+1","Darkness","Double Energy","Melter","Sunder","Hologram","Echo Form","Cold Snap+1","Hologram","Defragment","Sunder+1","Rebound","HandOfGreed","Sweeping Beam","Storm","Hologram","Turbo+1"],"special_seed":0,"relics":["Cracked Core","Anchor","Golden Idol","Potion Belt","Eternal Feather","Orichalcum","Smiling Mask","Nilry\u0027s Codex"],"potions_floor_usage":[29],"damage_taken":[{"damage":0.0,"enemies":"Small Slimes","floor":1.0,"turns":3.0},{"damage":3.0,"enemies":"Jaw Worm","floor":7.0,"turns":3.0},{"damage":0.0,"enemies":"Cultist","floor":10.0,"turns":4.0},{"damage":0.0,"enemies":"Red Slaver","floor":11.0,"turns":4.0},{"damage":3.0,"enemies":"3 Louse","floor":12.0,"turns":4.0},{"damage":3.0,"enemies":"Looter","floor":13.0,"turns":4.0},{"damage":15.0,"enemies":"Exordium Wildlife","floor":14.0,"turns":5.0},{"damage":26.0,"enemies":"Slime Boss","floor":16.0,"turns":9.0},{"damage":0.0,"enemies":"Spheric Guardian","floor":18.0,"turns":3.0},{"damage":9.0,"enemies":"2 Thieves","floor":21.0,"turns":5.0},{"damage":26,"enemies":"Shelled Parasite and Fungi","floor":24,"turns":6},{"damage":28,"enemies":"Snake Plant","floor":25,"turns":6},{"damage":12,"enemies":"Centurion and Healer","floor":29,"turns":4}],"seed_played":"-1590406710273052217","potions_obtained":[{"floor":7.0,"key":"AttackPotion"},{"floor":10.0,"key":"SkillPotion"},{"floor":12.0,"key":"Poison Potion"},{"floor":14.0,"key":"PowerPotion"},{"floor":16.0,"key":"Dexterity Potion"},{"floor":25,"key":"Poison Potion"}],"is_trial":false,"path_per_floor":["M","?","?","T","?","R","M","R","T","M","M","M","M","M","R","B",null,"M","?","$","M","$","R","M","M","T","?","?","M"],"character_chosen":"DEFECT","items_purchased":["Orichalcum","Hologram","Defragment","Sunder","Rebound","HandOfGreed","Storm"],"campfire_rested":2,"item_purchase_floors":[20,20,20,20,20,20,22],"current_hp_per_floor":[82,71,71,71,51,51,48,72,72,72,72,69,66,51,75,49,82,82,82,82,73,73,82,56,28,28,28,12,0],"gold":122,"neow_bonus":"TEN_PERCENT_HP_BONUS","is_prod":false,"is_daily":false,"chose_seed":false,"campfire_upgraded":2,"win_rate":0.0,"timestamp":1549367206,"path_taken":["M","?","?","?","?","R","?","R","T","M","M","M","M","M","R","BOSS","M","?","$","M","?","R","M","?","T","?","?","M"],"build_version":"2019-01-23","purchased_purges":1,"victory":false,"max_hp_per_floor":[82,82,82,82,82,82,82,82,82,82,82,82,82,82,82,82,82,82,82,82,82,82,82,82,82,82,82,82,82],"card_choices":[{"not_picked":["Beam Cell","Stack"],"picked":"Leap","floor":1.0},{"not_picked":["Coolheaded","Streamline"],"picked":"Conserve Battery","floor":7.0},{"not_picked":["Ball Lightning","White Noise"],"picked":"Darkness","floor":10.0},{"not_picked":["Reprogram","Multi-Cast"],"picked":"Double Energy","floor":11.0},{"not_picked":["Go for the Eyes","Glacier"],"picked":"Melter","floor":12.0},{"not_picked":["Steam","Static Discharge"],"picked":"Sunder","floor":13.0},{"not_picked":["Gash","Sweeping Beam"],"picked":"Hologram","floor":14.0},{"not_picked":["Core Surge","Reboot"],"picked":"Echo Form","floor":16.0},{"not_picked":["Undo+1","Aggregate"],"picked":"Cold Snap+1","floor":18.0},{"not_picked":["Leap","Reprogram+1"],"picked":"Sweeping Beam","floor":21.0},{"not_picked":["Cold Snap","Tempest+1"],"picked":"Hologram","floor":24},{"not_picked":["Cold Snap","Beam Cell"],"picked":"Turbo+1","floor":25}],"player_experience":81763,"relics_obtained":[{"floor":4.0,"key":"Anchor"},{"floor":9.0,"key":"Potion Belt"},{"floor":26,"key":"Smiling Mask"},{"floor":28,"key":"Nilry\u0027s Codex"}],"event_choices":[{"damage_healed":0.0,"max_hp_gain":0.0,"max_hp_loss":0.0,"gold_gain":75.0,"event_name":"World of Goop","player_choice":"Gather Gold","floor":2.0,"gold_loss":0.0,"damage_taken":11.0},{"damage_healed":0.0,"max_hp_gain":0.0,"max_hp_loss":0.0,"gold_gain":175.0,"event_name":"Liars Game","player_choice":"AGREE","floor":3.0,"gold_loss":0.0,"damage_taken":0.0,"cards_obtained":["Doubt"]},{"damage_healed":0.0,"max_hp_gain":0.0,"max_hp_loss":0.0,"gold_gain":0.0,"event_name":"Golden Idol","player_choice":"Take Damage","floor":5.0,"gold_loss":0.0,"damage_taken":20.0,"relics_obtained":["Golden Idol"]},{"damage_healed":0.0,"max_hp_gain":0.0,"max_hp_loss":0.0,"gold_gain":0.0,"event_name":"Accursed Blacksmith","player_choice":"Forge","floor":19.0,"gold_loss":0.0,"damage_taken":0.0,"cards_upgraded":["Conserve Battery"]},{"damage_healed":0,"gold_gain":0,"player_choice":"Ignored","damage_taken":0,"max_hp_gain":0,"max_hp_loss":0,"event_name":"Vampires","floor":27,"gold_loss":0},{"damage_healed":0,"gold_gain":0,"player_choice":"Obtained Book","damage_taken":16,"max_hp_gain":0,"max_hp_loss":0,"event_name":"Cursed Tome","floor":28,"gold_loss":0}],"is_beta":false,"boss_relics":[{"not_picked":["Ectoplasm","Runic Dome"],"picked":"Eternal Feather"}],"items_purged_floors":[20],"is_endless":false,"potions_floor_spawned":[7,10,12,14,16,25],"killed_by":"Centurion and Healer","ascension_level":0}