{"gold_per_floor":[111,111,111,124,136,136,146,146,146,180,180,211,211,223,223,300,300,312,17,17,292,292,292,312,344,394,309,309,342,342,362,362,362],"floor_reached":33,"playtime":1842,"items_purged":[],"score":657,"play_id":"92486ceb-1522-49b2-bfa2-b792d9c2e5c2","local_time":"20190212215245","is_ascension_mode":true,"campfire_choices":[{"data":"Sucker Punch","floor":6,"key":"SMITH"},{"floor":8,"key":"REST"},{"floor":11,"key":"REST"},{"data":"Eviscerate","floor":13,"key":"SMITH"},{"data":"Acrobatics","floor":15,"key":"SMITH"},{"floor":23,"key":"REST"},{"data":"Prepared","floor":30,"key":"SMITH"},{"floor":32,"key":"REST"}],"neow_cost":"NONE","seed_source_timestamp":640158498689286,"circlet_count":0,"master_deck":["AscendersBane","Survivor","Neutralize","Sucker Punch+1","Acrobatics+1","Backstab","Eviscerate+1","Crippling Poison","Corpse Explosion","Dagger Throw","Choke","Sucker Punch","Bane","Prepared+1","Envenom","Catalyst","Dagger Throw","Dagger Throw","Distraction","Expertise","PiercingWail","Noxious Fumes","Reflex","Reflex","Cloak And Dagger+1"],"relics":["HoveringKite","Vajra","Darkstone Periapt","Meat on the Bone","Pear","Pandora\u0027s Box","Juzu Bracelet","Bag of Marbles","Omamori","Happy Flower","Oddly Smooth Stone"],"potions_floor_usage":[4,10,12,25,31,33],"damage_taken":[{"damage":12,"enemies":"Small Slimes","floor":1,"turns":5},{"damage":7,"enemies":"Jaw Worm","floor":4,"turns":4},{"damage":0,"enemies":"2 Louse","floor":5,"turns":4},{"damage":20,"enemies":"Gremlin Gang","floor":7,"turns":7},{"damage":24,"enemies":"3 Sentries","floor":10,"turns":8},{"damage":22,"enemies":"Lagavulin","floor":12,"turns":4},{"damage":8,"enemies":"3 Louse","floor":14,"turns":4},{"damage":20,"enemies":"The Guardian","floor":16,"turns":11},{"damage":0,"enemies":"Chosen","floor":18,"turns":3},{"damage":17,"enemies":"Shell Parasite","floor":24,"turns":4},{"damage":0,"enemies":"Gremlin Leader","floor":25,"turns":5},{"damage":24,"enemies":"Slavers","floor":29,"turns":3},{"damage":34,"enemies":"Shelled Parasite and Fungi","floor":31,"turns":4},{"damage":57,"enemies":"Champ","floor":33,"turns":5}],"seed_played":"-6106531266892308624","potions_obtained":[{"floor":1,"key":"Swift Potion"},{"floor":4,"key":"AttackPotion"},{"floor":10,"key":"Poison Potion"},{"floor":12,"key":"Poison Potion"},{"floor":25,"key":"EssenceOfSteel"},{"floor":31,"key":"Strength Potion"}],"is_trial":false,"path_per_floor":["M","?","T","M","M","R","M","R","T","E","R","E","R","M","R","B",null,"M","$","?","?","?","R","M","E","T","?","?","E","R","M","R","B"],"character_chosen":"THE_SILENT","items_purchased":["PiercingWail","Juzu Bracelet","Noxious Fumes"],"campfire_rested":4,"item_purchase_floors":[19,19,19],"current_hp_per_floor":[47,52,52,45,45,45,25,46,46,22,43,43,43,47,47,39,71,71,71,48,54,54,81,64,64,64,64,64,52,52,30,57,0],"gold":362,"neow_bonus":"BOSS_RELIC","is_prod":false,"is_daily":false,"chose_seed":false,"campfire_upgraded":4,"win_rate":0,"timestamp":1550026365,"path_taken":["M","?","?","M","M","R","M","R","T","E","R","E","R","M","R","BOSS","M","$","?","?","?","R","M","E","T","?","?","E","R","M","R","BOSS"],"build_version":"2019-01-23","purchased_purges":0,"victory":false,"max_hp_per_floor":[66,71,71,71,71,71,71,71,71,71,71,81,81,81,81,81,81,81,81,86,92,92,92,92,92,92,92,92,92,92,92,92,92],"card_choices":[{"not_picked":["Calculated Gamble","Blade Dance","Flying Knee"],"picked":"SKIP","floor":1},{"not_picked":["Escape Plan","Flechettes"],"picked":"Sucker Punch","floor":4},{"not_picked":["PiercingWail","After Image"],"picked":"Acrobatics","floor":5},{"not_picked":["Bane","Eviscerate"],"picked":"Backstab","floor":7},{"not_picked":["Noxious Fumes","Cloak And Dagger"],"picked":"Eviscerate","floor":10},{"not_picked":["Bane","Distraction","Finisher"],"picked":"SKIP","floor":12},{"not_picked":["Blade Dance","Dagger Spray"],"picked":"Crippling Poison","floor":14},{"not_picked":["Die Die Die","Doppelganger"],"picked":"Corpse Explosion","floor":16},{"not_picked":["Dodge and Roll","Deadly Poison"],"picked":"Expertise","floor":18},{"not_picked":["Quick Slash","Infinite Blades"],"picked":"Reflex","floor":24},{"not_picked":["Noxious Fumes","Poisoned Stab","Escape Plan"],"picked":"SKIP","floor":25},{"not_picked":["Deflect+1","Outmaneuver+1"],"picked":"Reflex","floor":29},{"not_picked":["Escape Plan","Quick Slash"],"picked":"Cloak And Dagger+1","floor":31}],"player_experience":638991,"relics_obtained":[{"floor":3,"key":"Vajra"},{"floor":9,"key":"Darkstone Periapt"},{"floor":10,"key":"Meat on the Bone"},{"floor":12,"key":"Pear"},{"floor":25,"key":"Bag of Marbles"},{"floor":26,"key":"Omamori"},{"floor":29,"key":"Oddly Smooth Stone"}],"event_choices":[{"damage_healed":0,"gold_gain":0,"player_choice":"Donut","damage_taken":0,"max_hp_gain":5,"max_hp_loss":0,"event_name":"Big Fish","floor":2,"gold_loss":0},{"damage_healed":0,"gold_gain":0,"player_choice":"Shed Blood","damage_taken":28,"max_hp_gain":5,"max_hp_loss":0,"event_name":"Forgotten Altar","floor":20,"gold_loss":0},{"damage_healed":0,"gold_gain":275,"player_choice":"Desecrate","damage_taken":0,"max_hp_gain":0,"max_hp_loss":0,"event_name":"Golden Shrine","floor":21,"gold_loss":0,"cards_obtained":["Regret"]},{"cards_removed":["Regret"],"damage_healed":0,"gold_gain":0,"player_choice":"Elegance","damage_taken":0,"max_hp_gain":0,"max_hp_loss":0,"event_name":"Back to Basics","floor":22,"gold_loss":0},{"damage_healed":0,"gold_gain":0,"player_choice":"Obtained Relic","damage_taken":0,"relics_obtained":["Happy Flower"],"max_hp_gain":0,"max_hp_loss":0,"event_name":"Addict","floor":27,"gold_loss":85},{"damage_healed":0,"gold_gain":0,"player_choice":"Ignored","damage_taken":0,"max_hp_gain":0,"max_hp_loss":0,"event_name":"Vampires","floor":28,"gold_loss":0}],"is_beta":false,"boss_relics":[{"not_picked":["Ectoplasm","Astrolabe"],"picked":"Pandora\u0027s Box"}],"items_purged_floors":[],"is_endless":false,"potions_floor_spawned":[1,4,10,12,25,31],"killed_by":"Champ","ascension_level":20}