{"gold_per_floor":[114,114,114,114,134,174,174,213,259,259,283,298,298,54,54,185,185,208,158,173,192,45,80,80,100,100,131,145,189,189,203,203,324,324,344,344,365,381,394,430,430,471,471,509,509,529,529,553,553,553],"floor_reached":51,"playtime":2626,"items_purged":["Deadly Poison"],"score":1071,"play_id":"6c62ecda-16b8-4a92-97a5-3a977f5859dd","local_time":"20190302154938","daily_mods":["SealedDeck"],"is_ascension_mode":true,"campfire_choices":[{"floor":7.0,"key":"REST"},{"data":"Blade Dance","floor":10.0,"key":"SMITH"},{"data":"Cloak And Dagger","floor":13.0,"key":"SMITH"},{"data":"Well Laid Plans","floor":15.0,"key":"SMITH"},{"floor":24.0,"key":"REST"},{"floor":32.0,"key":"REST"},{"floor":41.0,"key":"REST"},{"floor":47,"key":"REST"},{"floor":49,"key":"REST"}],"neow_cost":"","seed_source_timestamp":311049742826105,"circlet_count":0,"master_deck":["PiercingWail+1","PiercingWail","Blade Dance+1","Blade Dance+1","Cloak And Dagger+1","Dodge and Roll","Accuracy+1","Leg Sweep","Well Laid Plans+1","Finisher","Backstab","Die Die Die","Cloak And Dagger+1","Infinite Blades","Malaise","Backstab+1","Footwork","Caltrops","Noxious Fumes","Malaise","Backstab","Adrenaline","Backstab+1","Terror+1","Infinite Blades+1","After Image","After Image","Neutralize","Dodge and Roll+1"],"special_seed":0,"relics":["Ring of the Snake","Golden Idol","Potion Belt","Dodecahedron","War Paint","Shuriken","Nunchaku","Blue Candle","Question Card","Singing Bowl","Fusion Hammer","Bag of Marbles","Snake Skull","Mango","Vajra"],"potions_floor_usage":[],"damage_taken":[{"damage":0.0,"enemies":"Jaw Worm","floor":1.0,"turns":2.0},{"damage":0.0,"enemies":"Small Slimes","floor":5.0,"turns":2.0},{"damage":16.0,"enemies":"Lagavulin","floor":6.0,"turns":4.0},{"damage":12.0,"enemies":"3 Sentries","floor":8.0,"turns":3.0},{"damage":0.0,"enemies":"Cultist","floor":11.0,"turns":2.0},{"damage":0.0,"enemies":"Exordium Wildlife","floor":12.0,"turns":2.0},{"damage":9.0,"enemies":"The Guardian","floor":16.0,"turns":7.0},{"damage":6.0,"enemies":"2 Thieves","floor":18.0,"turns":3.0},{"damage":0.0,"enemies":"Chosen","floor":20.0,"turns":3.0},{"damage":0.0,"enemies":"Snake Plant","floor":21.0,"turns":4.0},{"damage":21.0,"enemies":"Book of Stabbing","floor":23.0,"turns":5.0},{"damage":6.0,"enemies":"3 Cultists","floor":25.0,"turns":4.0},{"damage":14.0,"enemies":"Slavers","floor":27.0,"turns":2.0},{"damage":0.0,"enemies":"Centurion and Healer","floor":28.0,"turns":2.0},{"damage":18.0,"enemies":"Gremlin Leader","floor":29.0,"turns":5.0},{"damage":0.0,"enemies":"Chosen and Byrds","floor":31.0,"turns":4.0},{"damage":46.0,"enemies":"Automaton","floor":33.0,"turns":7.0},{"damage":0.0,"enemies":"Orb Walker","floor":35.0,"turns":2.0},{"damage":2.0,"enemies":"3 Shapes","floor":37.0,"turns":5.0},{"damage":16.0,"enemies":"Maw","floor":38.0,"turns":5.0},{"damage":13.0,"enemies":"Writhing Mass","floor":39.0,"turns":5.0},{"damage":13.0,"enemies":"Giant Head","floor":40.0,"turns":5.0},{"damage":11,"enemies":"Reptomancer","floor":42,"turns":5},{"damage":27,"enemies":"Nemesis","floor":44,"turns":5},{"damage":19,"enemies":"Transient","floor":46,"turns":5},{"damage":21,"enemies":"Maw","floor":48,"turns":6},{"damage":25,"enemies":"Awakened One","floor":50,"turns":9}],"seed_played":"3914109297593210826","potions_obtained":[{"floor":5.0,"key":"Ancient Potion"},{"floor":18.0,"key":"GhostInAJar"},{"floor":25.0,"key":"GhostInAJar"},{"floor":27.0,"key":"Poison Potion"},{"floor":28.0,"key":"Dexterity Potion"},{"floor":31.0,"key":"PowerPotion"},{"floor":33.0,"key":"Dexterity Potion"}],"is_trial":true,"path_per_floor":["M","?","?","?","M","E","R","E","T","R","M","M","R","$","R","B",null,"M","?","M","M","$","E","R","M","T","E","M","E","$","M","R","B",null,"M","$","M","M","M","E","R","E","T","E","?","M","R","M","R","B",null],"character_chosen":"THE_SILENT","items_purchased":["Shuriken","Caltrops"],"campfire_rested":6,"item_purchase_floors":[14,22],"current_hp_per_floor":[70,75,57,42,42,26,48,36,36,36,36,36,36,36,36,27,63,57,57,57,57,57,36,58,52,52,38,38,22,22,24,47,1,60,62,62,60,46,35,22,47,36,50,23,23,4,33,14,44,19],"gold":553,"neow_bonus":"","is_prod":false,"is_daily":false,"chose_seed":false,"campfire_upgraded":3,"win_rate":0,"timestamp":1551538178,"path_taken":["M","?","?","?","M","E","R","E","T","R","M","M","R","$","R","BOSS","M","?","?","M","$","E","R","M","T","E","M","E","$","M","R","BOSS","M","$","M","M","M","E","R","E","T","E","?","M","R","?","R","BOSS"],"build_version":"2019-01-23","purchased_purges":1,"victory":true,"max_hp_per_floor":[70,75,75,75,75,75,75,75,75,75,75,75,75,75,75,75,75,75,75,75,75,75,75,75,75,75,75,75,77,77,79,79,79,79,81,81,81,83,85,85,85,85,99,99,99,99,99,101,101,101],"card_choices":[{"not_picked":["Bane","Deadly Poison"],"picked":"Finisher","floor":1.0},{"not_picked":["Deadly Poison","Heel Hook"],"picked":"Backstab","floor":5.0},{"not_picked":["Outmaneuver","Flying Knee"],"picked":"Die Die Die","floor":6.0},{"not_picked":["Deadly Poison","Masterful Stab"],"picked":"Cloak And Dagger","floor":8.0},{"not_picked":["Reflex","Poisoned Stab","Leg Sweep"],"picked":"SKIP","floor":11.0},{"not_picked":["Backflip","Slice"],"picked":"Infinite Blades","floor":12.0},{"not_picked":["Adrenaline","Doppelganger"],"picked":"Malaise","floor":16.0},{"not_picked":["Blade Dance+1","Tactician"],"picked":"Backstab+1","floor":18.0},{"not_picked":["Flying Knee","Masterful Stab","Blade Dance"],"picked":"SKIP","floor":20.0},{"not_picked":["Blade Dance","Flying Knee"],"picked":"Footwork","floor":21.0},{"not_picked":["Cloak And Dagger+1","Setup"],"picked":"Noxious Fumes","floor":23.0},{"not_picked":["Prepared","Outmaneuver+1","Cloak And Dagger"],"picked":"SKIP","floor":25.0},{"not_picked":["Caltrops","Heel Hook+1"],"picked":"Malaise","floor":27.0},{"not_picked":["Quick Slash+1","Deadly Poison","Catalyst"],"picked":"Backstab","floor":28.0},{"not_picked":["Poisoned Stab","Skewer","Slice+1","Noxious Fumes+1"],"picked":"Singing Bowl","floor":29.0},{"not_picked":["Calculated Gamble+1","Escape Plan+1","Cloak And Dagger","Endless Agony"],"picked":"Singing Bowl","floor":31.0},{"not_picked":["Corpse Explosion","Venomology","Night Terror"],"picked":"Adrenaline","floor":33.0},{"not_picked":["Acrobatics+1","Quick Slash","Deadly Poison+1","Calculated Gamble+1"],"picked":"Singing Bowl","floor":35.0},{"not_picked":["Underhanded Strike","Endless Agony+1","Deflect+1"],"picked":"Backstab+1","floor":37.0},{"not_picked":["Underhanded Strike","Deadly Poison+1","Dagger Spray+1","Slice"],"picked":"Singing Bowl","floor":38.0},{"not_picked":["Blade Dance+1","Noxious Fumes","Cloak And Dagger+1","Acrobatics+1"],"picked":"Singing Bowl","floor":39.0},{"not_picked":["Acrobatics+1","PiercingWail","Backflip"],"picked":"Terror+1","floor":40.0},{"not_picked":["Setup+1","Terror+1","Underhanded Strike"],"picked":"Infinite Blades+1","floor":42},{"not_picked":["Expertise","Flying Knee","Infinite Blades+1"],"picked":"After Image","floor":44},{"not_picked":["Noxious Fumes","Quick Slash+1","Escape Plan+1"],"picked":"Dodge and Roll+1","floor":46},{"not_picked":["Dagger Throw+1","Dagger Spray+1","Setup+1","Cloak And Dagger"],"picked":"Singing Bowl","floor":48}],"player_experience":310219,"relics_obtained":[{"floor":6.0,"key":"Potion Belt"},{"floor":8.0,"key":"Dodecahedron"},{"floor":9.0,"key":"War Paint"},{"floor":23.0,"key":"Nunchaku"},{"floor":26.0,"key":"Blue Candle"},{"floor":27.0,"key":"Question Card"},{"floor":29.0,"key":"Singing Bowl"},{"floor":40.0,"key":"Bag of Marbles"},{"floor":42,"key":"Snake Skull"},{"floor":43,"key":"Mango"},{"floor":44,"key":"Vajra"}],"event_choices":[{"damage_healed":0.0,"max_hp_gain":5.0,"max_hp_loss":0.0,"gold_gain":0.0,"event_name":"Big Fish","player_choice":"Donut","floor":2.0,"gold_loss":0.0,"damage_taken":0.0},{"damage_healed":0.0,"max_hp_gain":0.0,"max_hp_loss":0.0,"gold_gain":0.0,"event_name":"Golden Idol","player_choice":"Take Damage","floor":3.0,"gold_loss":0.0,"damage_taken":18.0,"relics_obtained":["Golden Idol"]},{"damage_healed":0.0,"max_hp_gain":0.0,"max_hp_loss":0.0,"gold_gain":0.0,"event_name":"Shining Light","player_choice":"Entered Light","floor":4.0,"gold_loss":0.0,"damage_taken":15.0,"cards_upgraded":["Blade Dance","Accuracy"]},{"damage_healed":0.0,"max_hp_gain":0.0,"max_hp_loss":0.0,"gold_gain":0.0,"event_name":"The Joust","player_choice":"Bet on Murderer","floor":19.0,"gold_loss":50.0,"damage_taken":0.0},{"damage_healed":0,"gold_gain":0,"player_choice":"2 cards matched","damage_taken":0,"max_hp_gain":0,"max_hp_loss":0,"event_name":"Match and Keep!","floor":45,"gold_loss":0,"cards_obtained":["After Image","Neutralize"]}],"is_beta":false,"boss_relics":[{"not_picked":["Astrolabe","Philosopher\u0027s Stone","Calling Bell"]},{"not_picked":["Runic Pyramid","Velvet Choker"],"picked":"Fusion Hammer"}],"items_purged_floors":[22],"is_endless":false,"potions_floor_spawned":[5,18,25,27,28,31,33,35,42,46],"ascension_level":5}