{"gold_per_floor":[110,123,139,64,81,106,281,281,335,335,45,45,64,64,64,159,159,172,47,65,65,83,83,0,0,24,24,24,49,99],"floor_reached":30,"playtime":2154,"items_purged":["Strike_R","Strike_R","Doubt"],"score":271,"play_id":"c5463ec2-540e-47ff-a731-6727d2ac413b","local_time":"20190228142306","is_ascension_mode":true,"campfire_choices":[{"data":"Rampage","floor":10.0,"key":"SMITH"},{"data":"Magnetism","floor":12.0,"key":"SMITH"},{"data":"Bash","floor":15.0,"key":"SMITH"},{"data":"Offering","floor":23.0,"key":"SMITH"},{"floor":25.0,"key":"REST"},{"data":"Inflame","floor":28.0,"key":"SMITH"}],"neow_cost":"NONE","seed_source_timestamp":0,"circlet_count":0,"master_deck":["Bash+1","Dropkick","Rampage+1","Power Through+1","Heavy Blade","Dropkick","Magnetism+1","Feed","Iron Wave","Offering+1","Headbutt","Armaments","Rupture","Infernal Blade","Metallicize","Inflame+1"],"special_seed":0,"relics":["Burning Blood","Dream Catcher","Ornamental Fan","War Paint","Pandora\u0027s Box","Bag of Marbles","SsserpentHead","Anchor"],"potions_floor_usage":[30,30,30],"damage_taken":[{"damage":0.0,"enemies":"Small Slimes","floor":1.0,"turns":3.0},{"damage":13.0,"enemies":"Jaw Worm","floor":2.0,"turns":5.0},{"damage":0.0,"enemies":"Cultist","floor":3.0,"turns":3.0},{"damage":4.0,"enemies":"Red Slaver","floor":5.0,"turns":4.0},{"damage":14.0,"enemies":"Gremlin Nob","floor":6.0,"turns":3.0},{"damage":2.0,"enemies":"2 Fungi Beasts","floor":13.0,"turns":4.0},{"damage":37.0,"enemies":"The Guardian","floor":16.0,"turns":12.0},{"damage":12.0,"enemies":"Chosen","floor":18.0,"turns":3.0},{"damage":21.0,"enemies":"3 Byrds","floor":20.0,"turns":7.0},{"damage":43.0,"enemies":"Shelled Parasite and Fungi","floor":22.0,"turns":5.0},{"damage":54.0,"enemies":"Gremlin Leader","floor":29.0,"turns":9.0},{"damage":9,"enemies":"Centurion and Healer","floor":30,"turns":2}],"seed_played":"-2780762436406490876","potions_obtained":[{"floor":2.0,"key":"Fire Potion"},{"floor":3.0,"key":"BloodPotion"},{"floor":21.0,"key":"SteroidPotion"},{"floor":21.0,"key":"AttackPotion"},{"floor":22.0,"key":"GamblersBrew"},{"floor":29,"key":"Poison Potion"}],"is_trial":false,"path_per_floor":["M","M","M","$","M","E","?","?","T","R","$","R","M","$","R","B",null,"M","$","M","?","M","R","?","R","T","?","R","E","M"],"character_chosen":"IRONCLAD","items_purchased":["Magnetism"],"campfire_rested":1,"item_purchase_floors":[11],"current_hp_per_floor":[80,73,79,79,80,72,72,72,72,72,72,72,76,76,76,45,80,74,74,59,59,33,33,33,57,57,57,57,9,0],"gold":99,"neow_bonus":"RANDOM_COMMON_RELIC","is_prod":false,"is_daily":false,"chose_seed":false,"campfire_upgraded":5,"win_rate":0,"timestamp":1551324186,"path_taken":["M","M","M","$","M","E","?","?","T","R","$","R","M","$","R","BOSS","M","$","M","?","?","R","?","R","T","?","R","E","?"],"build_version":"2019-01-23","purchased_purges":3,"victory":false,"max_hp_per_floor":[80,80,80,80,80,80,80,80,80,80,80,80,80,80,80,80,80,80,80,80,80,83,83,83,83,83,83,83,83,83],"card_choices":[{"not_picked":["Cleave","Corruption"],"picked":"Dropkick","floor":1.0},{"not_picked":["Shockwave","Combust"],"picked":"Rampage","floor":2.0},{"not_picked":["Clothesline","Thunderclap"],"picked":"Power Through","floor":3.0},{"not_picked":["Clash","Perfected Strike"],"picked":"Heavy Blade","floor":5.0},{"not_picked":["Anger","Reckless Charge"],"picked":"Dropkick","floor":6.0},{"not_picked":["Power Through","Seeing Red","Infernal Blade"],"picked":"SKIP","floor":13.0},{"not_picked":["Fiend Fire","Exhume"],"picked":"Feed","floor":16.0},{"not_picked":["Clothesline","Warcry","Thunderclap+1"],"picked":"SKIP","floor":18.0},{"not_picked":["Shrug It Off+1","Thunderclap+1"],"picked":"Inflame","floor":20.0},{"not_picked":["Clothesline","Evolve+1","Limit Break"],"picked":"SKIP","floor":22.0},{"not_picked":["Thunderclap","Bludgeon","Twin Strike"],"picked":"SKIP","floor":29}],"player_experience":191310,"relics_obtained":[{"floor":6.0,"key":"Ornamental Fan"},{"floor":9.0,"key":"War Paint"},{"floor":26.0,"key":"Bag of Marbles"},{"floor":29,"key":"Anchor"}],"event_choices":[{"damage_healed":0.0,"max_hp_gain":0.0,"max_hp_loss":0.0,"gold_gain":175.0,"event_name":"Liars Game","player_choice":"AGREE","floor":7.0,"gold_loss":0.0,"damage_taken":0.0,"cards_obtained":["Doubt"]},{"damage_healed":0.0,"max_hp_gain":0.0,"max_hp_loss":0.0,"gold_gain":0.0,"event_name":"The Woman in Blue","player_choice":"Bought 0 Potions","floor":8.0,"gold_loss":0.0,"damage_taken":0.0},{"damage_healed":0.0,"max_hp_gain":0.0,"max_hp_loss":0.0,"gold_gain":0.0,"event_name":"Lab","player_choice":"Got Potions","floor":21.0,"gold_loss":0.0,"damage_taken":0.0},{"damage_healed":0.0,"max_hp_gain":0.0,"max_hp_loss":0.0,"gold_gain":0.0,"event_name":"Masked Bandits","player_choice":"Paid Fearfully","floor":24.0,"gold_loss":83.0,"damage_taken":0.0},{"damage_healed":0.0,"max_hp_gain":0.0,"max_hp_loss":0.0,"gold_gain":0.0,"event_name":"FaceTrader","player_choice":"Trade","floor":27.0,"gold_loss":0.0,"damage_taken":0.0,"relics_obtained":["SsserpentHead"]}],"is_beta":false,"boss_relics":[{"not_picked":["Calling Bell","Philosopher\u0027s Stone"],"picked":"Pandora\u0027s Box"}],"items_purged_floors":[4,11,19],"is_endless":false,"potions_floor_spawned":[2,3,22,29],"killed_by":"Centurion and Healer","ascension_level":2}