{"path_per_floor":["M","M","M","?","M","E","R","M","T","R","M","?","$","M","R","B",null,"M","M","$","M","?","E","R","M","T","R","M","?","M","M","R"],"character_chosen":"IRONCLAD","items_purchased":["Hemokinesis","Mummified Hand","Hemokinesis","Shrug It Off","Combust"],"gold_per_floor":[114,129,144,144,159,189,189,204,204,204,219,394,30,45,45,145,145,160,175,15,30,30,60,60,75,75,75,90,15,30,45,45],"floor_reached":33,"campfire_rested":1,"playtime":1564,"current_hp_per_floor":[78,77,76,75,74,51,72,68,68,68,68,67,66,65,64,48,62,61,60,59,49,49,51,51,45,45,45,51,50,49,46,46],"items_purged":["Doubt"],"gold":45,"score":273,"play_id":"ef54e36d-694e-4fe4-8f4f-82c61c9aefb6","local_time":"20180318072422","daily_mods":["Allstar","Uncertain Future","Terminal"],"is_prod":false,"is_daily":true,"is_ascension_mode":false,"campfire_upgraded":5,"timestamp":1521379462,"path_taken":["M","M","?","?","M","E","R","M","T","R","M","?","$","M","R","BOSS","M","M","$","M","?","E","R","M","T","R","M","?","?","M","R","BOSS"],"build_version":"2018-03-15v3","purchased_purges":1,"victory":false,"master_deck":["Strike_R","Strike_R","Strike_R","Strike_R","Defend_R","Defend_R","Defend_R","Defend_R","Bash+1","Dark Shackles","Secret Weapon","Headbutt","Combust","Cleave","Fire Breathing","Cleave","Rupture+1","Thunderclap","Hemokinesis","Armaments+1","Reaper","Anger","Rampage","Hemokinesis","Shrug It Off","Combust+1","Impervious","Thunderclap","Pommel Strike","Searing Blow","Thunderclap+1","Metallicize+1"],"max_hp_per_floor":[78,77,76,75,74,73,72,71,70,69,68,67,66,65,64,63,62,61,60,59,58,57,56,55,54,53,52,51,50,49,48,47],"relics":["Burning Blood","Ornamental Fan","Magic Flower","Mummified Hand","Runic Cube","The Courier","Paper Frog"],"card_choices":[{"not_picked":["Clothesline","True Grit"],"picked":"Headbutt"},{"not_picked":["Flex","Intimidate"],"picked":"Combust"},{"not_picked":["Heavy Blade","Shockwave"],"picked":"Cleave"},{"not_picked":["Sword Boomerang","Seeing Red"],"picked":"Fire Breathing"},{"not_picked":["Carnage","Clothesline"],"picked":"Cleave"},{"not_picked":["Burning Pact","Corruption"],"picked":"Rupture"},{"not_picked":["Dropkick","Immolate"],"picked":"Thunderclap"},{"not_picked":["Reckless Charge","Rampage"],"picked":"Armaments"},{"not_picked":["Juggernaut","Exhume"],"picked":"Reaper"},{"not_picked":["Shockwave","Headbutt"],"picked":"Anger"},{"not_picked":["Twin Strike","Headbutt"],"picked":"Rampage"},{"not_picked":["Headbutt","Sword Boomerang"],"picked":"Impervious"},{"not_picked":["Twin Strike","Second Wind"],"picked":"Thunderclap"},{"not_picked":["True Grit","Armaments"],"picked":"Pommel Strike"},{"not_picked":["Cleave","Disarm"],"picked":"Searing Blow"},{"not_picked":["Shrug It Off","Twin Strike"],"picked":"Thunderclap"},{"not_picked":["Feel No Pain","Flex"],"picked":"Metallicize"}],"player_experience":159751,"potions_floor_usage":[6,11,11,16,23,23,28,30,33],"damage_taken":[{"damage":1,"enemies":"Cultist","floor":1,"turns":4},{"damage":0,"enemies":"Small Slimes","floor":2,"turns":3},{"damage":2,"enemies":"2 Louse","floor":3,"turns":3},{"damage":1,"enemies":"2 Fungi Beasts","floor":5,"turns":3},{"damage":29,"enemies":"Lagavulin","floor":6,"turns":7},{"damage":10,"enemies":"3 Louse","floor":8,"turns":2},{"damage":3,"enemies":"Exordium Thugs","floor":11,"turns":3},{"damage":6,"enemies":"Blue Slaver","floor":14,"turns":2},{"damage":39,"enemies":"The Guardian","floor":16,"turns":9},{"damage":3,"enemies":"Chosen","floor":18,"turns":5},{"damage":9,"enemies":"2 Thieves","floor":19,"turns":3},{"damage":19,"enemies":"Snecko","floor":21,"turns":4},{"damage":22,"enemies":"Slavers","floor":23,"turns":3},{"damage":15,"enemies":"Cultist and Chosen","floor":25,"turns":6},{"damage":7,"enemies":"3 Cultists","floor":28,"turns":3},{"damage":6,"enemies":"Chosen and Byrds","floor":30,"turns":5},{"damage":18,"enemies":"Snake Plant","floor":31,"turns":5},{"damage":46,"enemies":"Champ","floor":33,"turns":5}],"event_choices":[{"event_name":"The Woman in Blue","player_choice":"Bought 0 Potions","floor":4,"damage_taken":0},{"event_name":"Liars Game","player_choice":"agreed","floor":12,"damage_taken":0},{"event_name":"Addict","player_choice":"Ignored","floor":22,"damage_taken":0},{"event_name":"Beggar","player_choice":"Gave Gold","floor":29,"damage_taken":0}],"boss_relics":[{"not_picked":["Astrolabe","Orrery"],"picked":"Runic Cube"}],"potions_floor_spawned":[1,3,8,11,14,19,23,28,30],"seed_played":"2953517847957516684","killed_by":"Champ","ascension_level":0,"is_trial":false}