{"path_per_floor":["M","M","$","M","$","R","M","R","T","M","M","?","R","?","R","B",null,"M","?","M"],"character_chosen":"DEFECT","items_purchased":["Unceasing Top"],"gold_per_floor":[313,327,23,33,33,33,43,43,43,60,71,71,71,71,71,176,176,195,395,411,411],"floor_reached":21,"campfire_rested":2,"playtime":625,"current_hp_per_floor":[69,63,63,57,57,75,68,68,78,76,66,85,85,68,85,7,85,65,65,50,0],"items_purged":[],"gold":411,"score":171,"play_id":"4e3765b2-2b66-4e56-99a1-e5829d76b095","local_time":"20180502235446","is_prod":false,"is_daily":false,"chose_seed":false,"is_ascension_mode":false,"campfire_upgraded":2,"timestamp":1525326886,"path_taken":["M","M","$","M","$","R","M","R","T","M","M","?","R","?","R","BOSS","M","?","?","M"],"build_version":"2018-05-01v2","seed_source_timestamp":1845971726660903,"purchased_purges":0,"victory":false,"master_deck":["Strike_B","Strike_B","Strike_B","Strike_B","Defend_B","Defend_B","Defend_B+1","Defend_B","Zap+1","Dualcast","Ball Lightning","Leap","Sunder","Capacitor+1","Genetic Algorithm+1","Impulse","Meteor Strike","Aggregate+1","Reprieve"],"max_hp_per_floor":[75,75,75,75,75,75,75,75,85,85,85,85,85,85,85,85,85,85,85,85,85],"relics":["Cracked Core","Old Coin","Unceasing Top","Pear","Sozu"],"card_choices":[{"not_picked":["Storm","Tempest"],"picked":"Ball Lightning","floor":1},{"not_picked":["Go for the Eyes","Conserve Battery"],"picked":"Leap","floor":2},{"not_picked":["Chaos","Streamline"],"picked":"Sunder","floor":4},{"not_picked":["Axe Kick","Buffer"],"picked":"Capacitor","floor":7},{"not_picked":["Darkness","Coolheaded"],"picked":"Genetic Algorithm","floor":10},{"not_picked":["Reinforced Body","Go for the Eyes"],"picked":"Impulse","floor":11},{"not_picked":["Redo","Reboot"],"picked":"Meteor Strike","floor":16},{"not_picked":["Chill","Cold Snap"],"picked":"Aggregate","floor":18},{"not_picked":["Hologram","Genetic Algorithm"],"picked":"Reprieve","floor":20}],"player_experience":333110,"potions_floor_usage":[16,16,16],"damage_taken":[{"damage":6,"enemies":"Cultist","floor":1,"turns":3},{"damage":6,"enemies":"2 Louse","floor":2,"turns":2},{"damage":6,"enemies":"Jaw Worm","floor":4,"turns":3},{"damage":7,"enemies":"3 Louse","floor":7,"turns":3},{"damage":2,"enemies":"Blue Slaver","floor":10,"turns":3},{"damage":10,"enemies":"Exordium Wildlife","floor":11,"turns":3},{"damage":78,"enemies":"Hexaghost","floor":16,"turns":11},{"damage":20,"enemies":"2 Thieves","floor":18,"turns":4},{"damage":15,"enemies":"3 Byrds","floor":20,"turns":4},{"damage":58,"enemies":"3 Cultists","floor":21,"turns":6}],"event_choices":[{"event_name":"Big Fish","player_choice":"Banana","floor":12,"damage_taken":0},{"event_name":"Shining Light","player_choice":"Entered Light","floor":14,"damage_taken":0},{"event_name":"The Joust","player_choice":"Bet on Owner","floor":19,"damage_taken":0}],"boss_relics":[{"not_picked":["Eternal Feather","Black Star"],"picked":"Sozu"}],"potions_floor_spawned":[1,2,7,18],"seed_played":"-212657786803482001","killed_by":"3 Cultists","ascension_level":0,"is_trial":false}