{"path_per_floor":["M","M","?","M","?","E","M","?","T","M","M","$","?"],"character_chosen":"DEFECT","items_purchased":["Blizzard","Orichalcum"],"gold_per_floor":[115,128,128,142,317,346,360,360,360,378,397,130,190,190],"floor_reached":14,"campfire_rested":0,"playtime":648,"current_hp_per_floor":[75,75,75,75,75,56,37,37,37,29,17,17,5,0],"items_purged":["Doubt"],"gold":190,"score":91,"play_id":"bee72120-d94e-49a3-bbb4-dc03c9fb1292","local_time":"20180502004749","is_prod":false,"is_daily":false,"chose_seed":false,"is_ascension_mode":false,"campfire_upgraded":0,"timestamp":1525243669,"path_taken":["M","M","?","M","?","E","M","?","T","?","M","$","?","E"],"build_version":"2018-05-01","seed_source_timestamp":1762730679774658,"purchased_purges":1,"victory":false,"master_deck":["Strike_B","Strike_B","Strike_B","Strike_B","Defend_B","Defend_B","Defend_B","Defend_B","Zap","Dualcast","Conserve Battery","Leap","Aggregate","Coolheaded","Capacitor","Reinforced Body","Barrage","Blizzard","Barrage"],"max_hp_per_floor":[75,75,75,75,75,75,75,75,75,75,75,75,75,75],"relics":["Cracked Core","NeowsBlessing","Dream Catcher","Ice Cream","Spirit Poop","Centennial Puzzle","Orichalcum","Meat on the Bone"],"card_choices":[{"not_picked":["Sweeping Beam","Reinforced Body"],"picked":"Conserve Battery","floor":1},{"not_picked":["Skim","Cold Snap"],"picked":"Leap","floor":2},{"not_picked":["Beam Cell","Gash"],"picked":"Aggregate","floor":4},{"not_picked":["Stack","Melter"],"picked":"Coolheaded","floor":6},{"not_picked":["Sweeping Beam","Cold Snap"],"picked":"Capacitor","floor":7},{"not_picked":["Self Repair","Glacier"],"picked":"Reinforced Body","floor":10},{"not_picked":["Leap","Conserve Battery"],"picked":"Barrage","floor":11},{"not_picked":["Reinforced Body","Doom and Gloom"],"picked":"Barrage","floor":13}],"player_experience":331820,"potions_floor_usage":[10,13],"damage_taken":[{"damage":0,"enemies":"Small Slimes","floor":1,"turns":1},{"damage":0,"enemies":"Cultist","floor":2,"turns":1},{"damage":0,"enemies":"2 Louse","floor":4,"turns":1},{"damage":19,"enemies":"3 Sentries","floor":6,"turns":9},{"damage":19,"enemies":"Exordium Thugs","floor":7,"turns":5},{"damage":8,"enemies":"3 Louse","floor":10,"turns":4},{"damage":12,"enemies":"Red Slaver","floor":11,"turns":5},{"damage":12,"enemies":"Lagavulin Event","floor":13,"turns":8},{"damage":15,"enemies":"Lagavulin","floor":14,"turns":6}],"event_choices":[{"event_name":"Accursed Blacksmith","player_choice":"Rummage","floor":3,"damage_taken":0},{"event_name":"Liars Game","player_choice":"agreed","floor":5,"damage_taken":0},{"event_name":"Bonfire Elementals","player_choice":"CURSE","floor":8,"damage_taken":0},{"event_name":"Dead Adventurer","player_choice":"Searched \u00272\u0027 times","floor":13,"damage_taken":0}],"boss_relics":[],"potions_floor_spawned":[1,6,13],"seed_played":"-600485155903671379","killed_by":"Lagavulin","ascension_level":0,"is_trial":false}