{"path_per_floor":["M","$","M","M","$","E","R","M","T","E","R","?","?","M","R","B",null,"M","?"],"character_chosen":"THE_SILENT","items_purchased":["Poisoned Stab"],"gold_per_floor":[110,35,45,57,3,335,335,352,376,407,407,582,582,597,597,692,692,711,711],"floor_reached":20,"campfire_rested":3,"playtime":1760,"current_hp_per_floor":[66,66,66,66,66,28,49,33,33,11,32,32,32,15,51,1,70,14,14],"items_purged":["Strike_G"],"gold":681,"play_id":"cafa59dc-c6a7-46cb-a374-3274c517af4e","is_prod":false,"is_daily":false,"campfire_rituals":0,"campfire_upgraded":0,"is_hardmode":false,"path_taken":["M","$","M","?","$","E","R","M","T","E","R","?","?","?","R","BOSS","M","?","?"],"build_version":"2017-12-21-PROD1","purchased_purges":1,"victory":false,"master_deck":["Defend_G","Defend_G","Defend_G","Defend_G","Defend_G","Strike_G","Survivor","Neutralize","Clumsy","Glass Knife","Footwork","Dagger Throw","Flying Knee","Poisoned Stab","Footwork","Dagger Spray","Finisher","Doubt","Regret","Predator","Storm of Steel","Masterful Stab","Deflect","Reflex","Poisoned Stab"],"max_hp_per_floor":[70,70,70,70,70,70,70,70,70,70,70,70,70,70,70,70,70,70,70],"relics":["Old Coin","Prayer Wheel","Sundial","Regal Pillow","Astrolabe","Nloth\u0027s Gift"],"campfire_meditates":0,"card_choices":[{"not_picked":["Die Die Die","Doppelganger"],"picked":"Glass Knife"},{"not_picked":["Deadly Poison","Catalyst"],"picked":"Footwork"},{"not_picked":["Crippling Poison","Dodge and Roll"],"picked":"Dagger Throw"},{"not_picked":["Dagger Throw","Catalyst"],"picked":"Flying Knee"},{"not_picked":["Cloak And Dagger","Dodge and Roll"],"picked":"Footwork"},{"not_picked":["Calculated Gamble","Underhanded Strike"],"picked":"Dagger Spray"},{"not_picked":["Caltrops","Escape Plan"],"picked":"Finisher"},{"not_picked":["Underhanded Strike","Acrobatics"],"picked":"Predator"},{"not_picked":["Tactician","Unload"],"picked":"Storm of Steel"},{"not_picked":["Deadly Poison","Distraction"],"picked":"Poisoned Stab"}],"player_experience":73095,"potions_floor_usage":[],"damage_taken":[{"damage":4.0,"enemies":"Blue Slaver","floor":1.0,"turns":5.0},{"damage":0.0,"enemies":"Looter","floor":3.0,"turns":5.0},{"damage":0.0,"enemies":"Cultist","floor":4.0,"turns":3.0},{"damage":38.0,"enemies":"Lagavulin","floor":6.0,"turns":7.0},{"damage":16.0,"enemies":"Exordium Thugs","floor":8.0,"turns":5.0},{"damage":22.0,"enemies":"3 Sentries","floor":10.0,"turns":8.0},{"damage":17.0,"enemies":"Large Slime","floor":14.0,"turns":7.0},{"damage":50.0,"enemies":"The Guardian","floor":16.0,"turns":14.0},{"damage":56.0,"enemies":"Chosen","floor":18.0,"turns":8.0},{"damage":16,"enemies":"2 Thieves","floor":20,"turns":3}],"event_choices":[{"event_name":"Liars Game","player_choice":"agreed","floor":12.0,"damage_taken":0.0},{"event_name":"Big Fish","player_choice":"Box","floor":13.0,"damage_taken":0.0},{"event_name":"N\u0027loth","player_choice":"Traded a Ring of the Snake","floor":19.0,"damage_taken":0.0}],"boss_relics":[],"potions_floor_spawned":[1,14],"seed_played":"-1892184271503720838","killed_by":"2 Thieves","is_trial":false}