{"gold_per_floor":[112,131,145,145,161,186,186,111,111,187,187,202,377,390,390,390],"floor_reached":16,"playtime":1666,"items_purged":["Strike_B"],"score":102,"play_id":"9e07bc56-73cb-4d80-8f3b-732f4888ac3a","local_time":"20190307115538","is_ascension_mode":false,"campfire_choices":[{"data":"Creative AI","floor":7,"key":"SMITH"},{"data":"Streamline","floor":11,"key":"SMITH"},{"floor":15,"key":"REST"}],"neow_cost":"NONE","seed_source_timestamp":4748199933604,"circlet_count":0,"master_deck":["Strike_B","Strike_B","Strike_B","Defend_B","Defend_B","Defend_B","Defend_B","Zap","Dualcast","Cold Snap","Streamline","Steam","Creative AI+1","Streamline+1","Glacier","Doubt","FTL+1"],"relics":["Cracked Core","Ornamental Fan","Gambling Chip","Molten Egg 2","Letter Opener"],"potions_floor_usage":[16,16,16],"damage_taken":[{"damage":0,"enemies":"Small Slimes","floor":1,"turns":3},{"damage":4,"enemies":"Jaw Worm","floor":2,"turns":4},{"damage":1,"enemies":"2 Louse","floor":3,"turns":3},{"damage":0,"enemies":"Large Slime","floor":5,"turns":5},{"damage":40,"enemies":"Lagavulin","floor":6,"turns":7},{"damage":17,"enemies":"Gremlin Gang","floor":12,"turns":4},{"damage":5,"enemies":"Blue Slaver","floor":14,"turns":4},{"damage":43,"enemies":"Hexaghost","floor":16,"turns":10}],"seed_played":"1234841876293299189","potions_obtained":[{"floor":1,"key":"PowerPotion"},{"floor":3,"key":"Weak Potion"},{"floor":5,"key":"SpeedPotion"},{"floor":12,"key":"Strength Potion"}],"is_trial":false,"path_per_floor":["M","M","M","?","M","E","R","$","T","T","R","M","?","M","R","B"],"character_chosen":"DEFECT","items_purchased":[],"campfire_rested":1,"item_purchase_floors":[],"current_hp_per_floor":[82,78,77,74,74,34,34,34,34,34,34,17,17,12,36,0],"gold":390,"neow_bonus":"TEN_PERCENT_HP_BONUS","is_prod":false,"is_daily":false,"chose_seed":false,"campfire_upgraded":2,"win_rate":0.0,"timestamp":1551956138,"path_taken":["M","M","M","?","M","E","R","$","T","?","R","M","?","M","R","BOSS"],"build_version":"2019-01-23","purchased_purges":1,"victory":false,"max_hp_per_floor":[82,82,82,82,82,82,82,82,82,82,82,82,82,82,82,82],"card_choices":[{"not_picked":["Rip and Tear","Coolheaded"],"picked":"Cold Snap","floor":1},{"not_picked":["Hologram","Rip and Tear"],"picked":"Streamline","floor":2},{"not_picked":["Blizzard","Coolheaded"],"picked":"Steam","floor":3},{"not_picked":["Beam Cell","Conserve Battery"],"picked":"Creative AI","floor":5},{"not_picked":["Barrage","Buffer"],"picked":"Streamline","floor":6},{"not_picked":["Auto Shields","Reprogram"],"picked":"Glacier","floor":12},{"not_picked":["Blizzard+1","Hello World"],"picked":"FTL+1","floor":14}],"player_experience":43028,"relics_obtained":[{"floor":6,"key":"Gambling Chip"},{"floor":9,"key":"Molten Egg 2"},{"floor":10,"key":"Letter Opener"}],"event_choices":[{"damage_healed":0,"gold_gain":0,"player_choice":"Success","damage_taken":3,"relics_obtained":["Ornamental Fan"],"max_hp_gain":0,"max_hp_loss":0,"event_name":"Scrap Ooze","floor":4,"gold_loss":0},{"damage_healed":0,"gold_gain":175,"player_choice":"AGREE","damage_taken":0,"max_hp_gain":0,"max_hp_loss":0,"event_name":"Liars Game","floor":13,"gold_loss":0,"cards_obtained":["Doubt"]}],"is_beta":false,"boss_relics":[],"items_purged_floors":[8],"is_endless":false,"potions_floor_spawned":[1,3,5,12],"killed_by":"Hexaghost","ascension_level":0}