{"gold_per_floor":[316,329,329,47,62,62,80,28,28,54,54,82,82,94,94,195,245,265,61,78,78,94,94,109,109],"floor_reached":25,"playtime":2824,"items_purged":[],"score":249,"play_id":"f021f748-523f-46d9-93ad-a5d809fe2aec","local_time":"20190201122106","is_ascension_mode":true,"campfire_choices":[{"data":"Secret Weapon","floor":6.0,"key":"SMITH"},{"data":"Bash","floor":11.0,"key":"SMITH"},{"data":"Clothesline","floor":15.0,"key":"SMITH"},{"floor":23,"key":"REST"}],"neow_cost":"NO_GOLD","seed_source_timestamp":0,"circlet_count":0,"master_deck":["Strike_R","Strike_R","Strike_R","Strike_R","Strike_R","Defend_R","Defend_R","Defend_R","Defend_R","Bash+1","True Grit","True Grit+1","Flash of Steel","Pommel Strike+1","Iron Wave","Iron Wave","Cleave","Clothesline+1","Barricade","Bloodletting","Iron Wave","Twin Strike+1"],"special_seed":0,"relics":["Burning Blood","Old Coin","WingedGreaves","Unceasing Top","Ornamental Fan","Tiny House","Toolbox"],"potions_floor_usage":[],"damage_taken":[{"damage":6.0,"enemies":"2 Louse","floor":1.0,"turns":4.0},{"damage":3.0,"enemies":"Cultist","floor":2.0,"turns":4.0},{"damage":6.0,"enemies":"Jaw Worm","floor":5.0,"turns":3.0},{"damage":1.0,"enemies":"2 Fungi Beasts","floor":7.0,"turns":4.0},{"damage":40.0,"enemies":"3 Sentries","floor":10.0,"turns":11.0},{"damage":44.0,"enemies":"Lagavulin","floor":12.0,"turns":7.0},{"damage":10.0,"enemies":"Looter","floor":14.0,"turns":3.0},{"damage":86.0,"enemies":"Hexaghost","floor":16.0,"turns":14.0},{"damage":57.0,"enemies":"Spheric Guardian","floor":18.0,"turns":10.0},{"damage":8,"enemies":"Chosen","floor":20,"turns":7},{"damage":33,"enemies":"Snake Plant","floor":22,"turns":7},{"damage":27,"enemies":"Shelled Parasite and Fungi","floor":24,"turns":8},{"damage":24,"enemies":"Gremlin Leader","floor":25,"turns":4}],"seed_played":"1798858203147294627","potions_obtained":[{"floor":2.0,"key":"SpeedPotion"},{"floor":5.0,"key":"BloodPotion"},{"floor":7.0,"key":"Fire Potion"},{"floor":17.0,"key":"Weak Potion"},{"floor":20,"key":"SteroidPotion"}],"is_trial":false,"path_per_floor":["M","M","?","$","M","R","M","$","T","E","R","E","?","M","R","B",null,"M","$","M","?","M","R","M","E"],"character_chosen":"IRONCLAD","items_purchased":["Secret Weapon","Flash of Steel","Iron Wave","Toolbox"],"campfire_rested":1,"item_purchase_floors":[4,4,8,19],"current_hp_per_floor":[80,80,80,80,80,80,80,80,80,46,46,8,90,86,86,15,95,44,44,42,42,15,43,22,0],"gold":109,"neow_bonus":"ONE_RARE_RELIC","is_prod":false,"is_daily":false,"chose_seed":false,"campfire_upgraded":3,"win_rate":0,"timestamp":1549020066,"path_taken":["M","M","?","$","M","R","M","$","T","E","R","E","?","?","R","BOSS","M","$","M","?","M","R","M","E"],"build_version":"2019-01-23","purchased_purges":0,"victory":false,"max_hp_per_floor":[80,80,80,80,80,80,80,80,80,80,80,80,90,90,90,90,95,95,95,95,95,95,95,95,95],"card_choices":[{"not_picked":["Sword Boomerang","Clothesline"],"picked":"True Grit","floor":1.0},{"not_picked":["Rupture","Clash"],"picked":"True Grit","floor":2.0},{"not_picked":["Carnage","Body Slam"],"picked":"Pommel Strike","floor":5.0},{"not_picked":["Reckless Charge","Wild Strike"],"picked":"Iron Wave","floor":7.0},{"not_picked":["Fiend Fire","Evolve","Armaments"],"picked":"SKIP","floor":10.0},{"not_picked":["Seeing Red","Anger"],"picked":"Cleave","floor":12.0},{"not_picked":["Clash","Heavy Blade"],"picked":"Clothesline","floor":14.0},{"not_picked":["Brutality","Bludgeon"],"picked":"Barricade","floor":16.0},{"not_picked":["Warcry","Havoc"],"picked":"Bloodletting","floor":17.0},{"not_picked":["Cleave+1","Twin Strike"],"picked":"Iron Wave","floor":18},{"not_picked":["Disarm","Reaper"],"picked":"Twin Strike+1","floor":20},{"not_picked":["Pummel","Thunderclap","Havoc"],"picked":"SKIP","floor":22},{"not_picked":["Thunderclap","Combust","Pummel"],"picked":"SKIP","floor":24}],"player_experience":31077,"relics_obtained":[{"floor":9.0,"key":"WingedGreaves"},{"floor":10.0,"key":"Unceasing Top"},{"floor":12.0,"key":"Ornamental Fan"}],"event_choices":[{"damage_healed":0.0,"max_hp_gain":0.0,"max_hp_loss":0.0,"gold_gain":0.0,"event_name":"Golden Wing","player_choice":"Ignored","floor":3.0,"gold_loss":0.0,"damage_taken":0.0},{"cards_removed":["Secret Weapon"],"damage_healed":72.0,"max_hp_gain":10.0,"max_hp_loss":0.0,"gold_gain":0.0,"event_name":"Bonfire Elementals","player_choice":"Offered Rare","floor":13.0,"gold_loss":0.0,"damage_taken":0.0},{"damage_healed":0,"gold_gain":0,"player_choice":"Upgraded","damage_taken":0,"max_hp_gain":0,"max_hp_loss":0,"event_name":"Upgrade Shrine","floor":21,"gold_loss":0,"cards_upgraded":["True Grit"]}],"is_beta":false,"boss_relics":[{"not_picked":["Coffee Dripper","Eternal Feather"],"picked":"Tiny House"}],"items_purged_floors":[],"is_endless":false,"potions_floor_spawned":[2,5,7,20],"killed_by":"Gremlin Leader","ascension_level":1}