{"gold_per_floor":[109,109,15,32,44,44,73,73,148,148,166,166,166,181,181,283,283,302,17,27,27,46,76,76,76,101,101,116,128,128,128,128,128],"floor_reached":33,"playtime":1338,"items_purged":["Shame"],"score":424,"play_id":"336e4528-72a9-4137-8fe3-9456c94b36c1","local_time":"20181103102154","is_ascension_mode":true,"campfire_choices":[{"data":"Zap","floor":6,"key":"SMITH"},{"floor":8,"key":"REST"},{"floor":10,"key":"REST"},{"data":"Darkness","floor":13,"key":"SMITH"},{"data":"White Noise","floor":15,"key":"SMITH"},{"data":"Coolheaded","floor":25,"key":"SMITH"},{"data":"Dualcast","floor":27,"key":"SMITH"},{"floor":30,"key":"REST"},{"floor":32,"key":"REST"}],"neow_cost":"PERCENT_DAMAGE","seed_source_timestamp":413855889831875,"circlet_count":0,"master_deck":["AscendersBane","Strike_B","Strike_B","Defend_B","Defend_B+1","Defend_B+1","Zap+1","Dualcast+1","White Noise+1","Gash","BootSequence","Compile Driver","Darkness+1","Conserve Battery","Go for the Eyes+1","All For One","Parasite","Injury","Cold Snap","Coolheaded+1","Gash","Chill"],"relics":["Cracked Core","PreservedInsect","Mercury Hourglass","Calling Bell","War Paint","Bird Faced Urn","Meat on the Bone","Strange Spoon","Blood Vial","Bag of Preparation"],"potions_floor_usage":[7,16,22,28,33],"damage_taken":[{"damage":0,"enemies":"2 Louse","floor":1,"turns":1},{"damage":1,"enemies":"Cultist","floor":4,"turns":3},{"damage":2,"enemies":"Jaw Worm","floor":5,"turns":3},{"damage":42,"enemies":"Gremlin Nob","floor":7,"turns":4},{"damage":3,"enemies":"Blue Slaver","floor":11,"turns":3},{"damage":6,"enemies":"Lots of Slimes","floor":14,"turns":3},{"damage":11,"enemies":"The Guardian","floor":16,"turns":7},{"damage":42,"enemies":"2 Thieves","floor":18,"turns":4},{"damage":8,"enemies":"Chosen","floor":20,"turns":5},{"damage":11,"enemies":"Snake Plant","floor":22,"turns":5},{"damage":6,"enemies":"Gremlin Leader","floor":23,"turns":5},{"damage":15,"enemies":"Centurion and Healer","floor":28,"turns":6},{"damage":47,"enemies":"Snecko","floor":29,"turns":6},{"damage":57,"enemies":"Champ","floor":33,"turns":10}],"seed_played":"-5503627717111381486","potions_obtained":[{"floor":1,"key":"PowerPotion"},{"floor":7,"key":"EssenceOfSteel"},{"floor":14,"key":"Block Potion"},{"floor":20,"key":"Weak Potion"},{"floor":24,"key":"Ancient Potion"},{"floor":28,"key":"Fire Potion"}],"is_trial":false,"path_per_floor":["M","?","$","M","M","R","E","R","T","R","M","?","R","M","R","B",null,"M","$","M","?","M","E","?","R","T","R","M","M","R","?","R","B"],"character_chosen":"DEFECT","items_purchased":["Gash","BootSequence","Strange Spoon"],"campfire_rested":4,"item_purchase_floors":[3,3,19],"current_hp_per_floor":[50,50,50,49,47,47,5,27,27,49,46,46,46,40,40,29,64,36,36,42,42,47,43,43,43,43,43,44,15,37,23,47,0],"gold":128,"neow_bonus":"REMOVE_TWO","is_prod":false,"is_daily":false,"chose_seed":false,"campfire_upgraded":5,"win_rate":0,"timestamp":1541254914,"path_taken":["M","?","?","M","M","R","E","R","T","R","?","?","R","?","R","BOSS","M","$","M","?","M","E","?","R","T","R","M","?","R","?","R","BOSS"],"build_version":"2018-11-01","purchased_purges":1,"victory":false,"max_hp_per_floor":[75,75,75,75,75,75,75,75,75,75,75,75,75,75,75,75,75,75,75,75,75,75,75,75,75,75,75,75,75,75,80,80,80],"card_choices":[{"not_picked":["Undo","Sweeping Beam"],"picked":"White Noise","floor":1},{"not_picked":["Force Field","Rebound"],"picked":"Compile Driver","floor":4},{"not_picked":["Compile Driver","Turbo"],"picked":"Darkness","floor":5},{"not_picked":["Coolheaded","Buffer"],"picked":"Conserve Battery","floor":7},{"not_picked":["Coolheaded","Melter"],"picked":"Go for the Eyes","floor":11},{"not_picked":["Chaos","Tempest","Redo"],"picked":"SKIP","floor":14},{"not_picked":["Fission","Creative AI"],"picked":"All For One","floor":16},{"not_picked":["Compile Driver","Stack"],"picked":"Cold Snap","floor":18},{"not_picked":["Streamline","Skim","Sweeping Beam"],"picked":"SKIP","floor":20},{"not_picked":["Doom and Gloom","Chaos"],"picked":"Coolheaded","floor":22},{"not_picked":["Lockon","Sweeping Beam"],"picked":"Gash","floor":23},{"not_picked":["Ball Lightning+1","Turbo"],"picked":"Chill","floor":28},{"not_picked":["Beam Cell","Reprogram+1","Recycle"],"picked":"SKIP","floor":29}],"player_experience":166729,"relics_obtained":[{"floor":7,"key":"PreservedInsect"},{"floor":9,"key":"Mercury Hourglass"},{"floor":17,"key":"War Paint"},{"floor":17,"key":"Bird Faced Urn"},{"floor":17,"key":"Meat on the Bone"},{"floor":23,"key":"Blood Vial"},{"floor":26,"key":"Bag of Preparation"}],"event_choices":[{"cards_removed":["Strike_B"],"damage_healed":0,"gold_gain":0,"player_choice":"Purged","damage_taken":0,"max_hp_gain":0,"max_hp_loss":0,"event_name":"Purifier","floor":2,"gold_loss":0},{"damage_healed":0,"gold_gain":0,"player_choice":"Upgraded","damage_taken":0,"max_hp_gain":0,"max_hp_loss":0,"event_name":"Upgrade Shrine","floor":12,"gold_loss":0,"cards_upgraded":["Go for the Eyes"]},{"damage_healed":0,"gold_gain":0,"player_choice":"Ignored","damage_taken":0,"max_hp_gain":0,"max_hp_loss":0,"event_name":"Cursed Tome","floor":21,"gold_loss":0},{"damage_healed":0,"gold_gain":0,"player_choice":"Got Potions","damage_taken":0,"max_hp_gain":0,"max_hp_loss":0,"event_name":"Lab","floor":24,"gold_loss":0},{"damage_healed":0,"gold_gain":0,"player_choice":"Shed Blood","damage_taken":19,"max_hp_gain":5,"max_hp_loss":0,"event_name":"Forgotten Altar","floor":31,"gold_loss":0}],"is_beta":false,"boss_relics":[{"not_picked":["Orrery","Runic Pyramid"],"picked":"Calling Bell"}],"items_purged_floors":[19],"is_endless":false,"potions_floor_spawned":[1,7,14,20,28],"killed_by":"Champ","ascension_level":12}