{"path_per_floor":["M","M","M","M","M","$","?","$","T","$","R","E","?","M","R"],"character_chosen":"THE_SILENT","items_purchased":["Poisoned Stab","Escape Plan","After Image","Footwork","Outmaneuver"],"gold_per_floor":[213,225,236,249,265,0,75,37,37,15,15,43,143,159,159],"floor_reached":16,"campfire_rested":2,"playtime":1100,"current_hp_per_floor":[59,47,44,38,25,25,14,14,14,14,35,21,21,16,37],"items_purged":[],"gold":159,"play_id":"d98e8ef1-aaad-4b5a-8ccd-db4aa8f3b5ea","is_prod":false,"is_daily":false,"campfire_rituals":0,"campfire_upgraded":0,"is_hardmode":false,"path_taken":["M","M","?","M","M","$","?","$","T","$","R","E","?","M","R","BOSS"],"build_version":"2017-12-21-PROD1","purchased_purges":0,"victory":false,"master_deck":["Defend_G","Defend_G","Defend_G","Defend_G","Defend_G","Strike_G","Strike_G","Strike_G","Strike_G","Strike_G","Survivor","Neutralize","Poisoned Stab","Deadly Poison","PiercingWail","Bouncing Flask","Outmaneuver","Poisoned Stab","Escape Plan","After Image","Footwork","Outmaneuver","Flying Knee","Bane"],"max_hp_per_floor":[70,70,70,70,70,70,70,70,70,70,70,70,70,70,70],"relics":["Ring of the Snake","Paper Crane","Matryoshka"],"campfire_meditates":0,"card_choices":[{"not_picked":["Deflect","Leg Sweep"],"picked":"Poisoned Stab"},{"not_picked":["Dagger Spray","Dagger Throw"],"picked":"Deadly Poison"},{"not_picked":["A Thousand Cuts","Quick Slash"],"picked":"PiercingWail"},{"not_picked":["Acrobatics","Finisher"],"picked":"Bouncing Flask"},{"not_picked":["Underhanded Strike","Quick Slash"],"picked":"Outmaneuver"},{"not_picked":["Infinite Blades","Underhanded Strike"],"picked":"Flying Knee"},{"not_picked":["Backflip","Flechettes"],"picked":"Bane"}],"player_experience":29595,"potions_floor_usage":[],"damage_taken":[{"damage":11,"enemies":"Blue Slaver","floor":1,"turns":5},{"damage":12,"enemies":"Looter","floor":2,"turns":3},{"damage":3,"enemies":"Jaw Worm","floor":3,"turns":4},{"damage":6,"enemies":"2 Fungi Beasts","floor":4,"turns":4},{"damage":13,"enemies":"3 Louse","floor":5,"turns":6},{"damage":14,"enemies":"Gremlin Nob","floor":12,"turns":4},{"damage":5,"enemies":"Gremlin Gang","floor":14,"turns":6},{"damage":37,"enemies":"The Guardian","floor":16,"turns":9}],"event_choices":[{"event_name":"World of Goop","player_choice":"Gather Gold","floor":7,"damage_taken":0},{"event_name":"Golden Shrine","player_choice":"Pray","floor":13,"damage_taken":0}],"boss_relics":[],"potions_floor_spawned":[3,5,14],"seed_played":"8788226263848519982","killed_by":"The Guardian","is_trial":false}