{"gold_per_floor":[115,127,127,138,138,167,179,179,179,202,477,477,509,521,521,618,618,635,652,408,323,323,357,371,384,384,410,421,437,56,66,66,161,161,174,249,269,288,38,65,65,65,65,77,90,104,204,222,222,222],"floor_reached":50,"playtime":3807,"items_purged":["Slimebound:Defend_Slimebound","Shame"],"score":603,"play_id":"a2f179fc-4923-42ad-b776-8b0bff193fb8","local_time":"20190303194026","is_ascension_mode":false,"campfire_choices":[{"data":"Slimebound:Strike_Slimebound","floor":8,"key":"PURGE"},{"data":"Regret","floor":12,"key":"PURGE"},{"floor":15,"key":"REST"},{"data":"Slimebound:DuplicatedForm","floor":32,"key":"SMITH"},{"data":"Slimebound:MinionMaster","floor":41,"key":"SMITH"},{"data":"Slimebound:SelfFormingGoo","floor":49,"key":"SMITH"}],"neow_cost":"NONE","seed_source_timestamp":95581686693394,"circlet_count":0,"master_deck":["Slimebound:Strike_Slimebound","Slimebound:Strike_Slimebound","Slimebound:Tackle","Slimebound:Defend_Slimebound","Slimebound:Defend_Slimebound","Slimebound:Defend_Slimebound+1","Slimebound:Split+1","Slimebound:CorrosiveSpit","Slimebound:SplitMire","Slimebound:SlimeTap+1","Slimebound:SelfFormingGoo+1","Slimebound:ViciousTackle","Slimebound:DisruptingSlam","Slimebound:PoisonLick+1","Slimebound:VenomTackle+1","Slimebound:Lick+1","Slimebound:OozeBath+1","Slimebound:RejuvenatingLick+1","Slimebound:GoopSpray+1","Slimebound:SamplingLick+1","Slimebound:MinionMaster+1","Slimebound:PoisonLick+1","Slimebound:QuickStudy+1","Slimebound:MegaLick+1","Slimebound:GoopTackle+1","Slimebound:RejuvenatingLick+1","Slimebound:FlameTackle+1","Slimebound:ProtectTheBoss","Slimebound:DuplicatedForm+1","Slimebound:AcidGelatin","Slimebound:GoopSpray+1","Slimebound:LeechEnergy+1","Slimebound:PoisonLick+1","Slimebound:SuperSplit+1","Slimebound:Equalize+1","Slimebound:LeechingTouch+1","Slimebound:VenomTackle+1","Slimebound:HauntingLick+1","Writhe","Slimebound:LivingWall+1","Slimebound:TongueLash+1","Slimebound:LevelUp+1","Slimebound:ItLooksTasty+1","Slimebound:Replication+1"],"relics":["Slimebound:AbsorbEndCombat","NeowsBlessing","Slimebound:ScrapOozeRelic","Centennial Puzzle","Toxic Egg 2","Odd Mushroom","Molten Egg 2","Cursed Key","Singing Bowl","Oddly Smooth Stone","Pantograph","Peace Pipe","Bag of Preparation","Eternal Feather","Anchor","War Paint","Thread and Needle"],"potions_floor_usage":[10,16,29,45,50,50],"damage_taken":[{"damage":3,"enemies":"Small Slimes","floor":1,"turns":1},{"damage":14,"enemies":"2 Louse","floor":2,"turns":2},{"damage":9,"enemies":"Jaw Worm","floor":4,"turns":1},{"damage":33,"enemies":"Lagavulin","floor":6,"turns":5},{"damage":15,"enemies":"2 Fungi Beasts","floor":7,"turns":3},{"damage":21,"enemies":"The Mushroom Lair","floor":10,"turns":3},{"damage":23,"enemies":"Gremlin Nob","floor":13,"turns":3},{"damage":23,"enemies":"Gremlin Gang","floor":14,"turns":3},{"damage":29,"enemies":"Hexaghost","floor":16,"turns":6},{"damage":20,"enemies":"Chosen","floor":18,"turns":2},{"damage":9,"enemies":"Spheric Guardian","floor":19,"turns":2},{"damage":33,"enemies":"Slavers","floor":23,"turns":4},{"damage":11,"enemies":"3 Cultists","floor":24,"turns":3},{"damage":23,"enemies":"Chosen and Byrds","floor":25,"turns":3},{"damage":31,"enemies":"Gremlin Leader","floor":27,"turns":4},{"damage":37,"enemies":"Snake Plant","floor":28,"turns":3},{"damage":6,"enemies":"Shelled Parasite and Fungi","floor":29,"turns":3},{"damage":14,"enemies":"Cultist and Chosen","floor":31,"turns":4},{"damage":45,"enemies":"Collector","floor":33,"turns":5},{"damage":24,"enemies":"3 Shapes","floor":35,"turns":3},{"damage":26,"enemies":"Orb Walker","floor":37,"turns":2},{"damage":43,"enemies":"Writhing Mass","floor":38,"turns":4},{"damage":48,"enemies":"Reptomancer","floor":40,"turns":5},{"damage":25,"enemies":"Transient","floor":44,"turns":5},{"damage":51,"enemies":"Spire Growth","floor":45,"turns":3},{"damage":29,"enemies":"3 Darklings","floor":46,"turns":4},{"damage":39,"enemies":"Mind Bloom Boss Battle","floor":47,"turns":5},{"damage":9,"enemies":"Sphere and 2 Shapes","floor":48,"turns":3},{"damage":106,"enemies":"Awakened One","floor":50,"turns":5}],"seed_played":"-3519424771377895360","potions_obtained":[{"floor":1,"key":"Slimebound:SpawnSlimePotion"},{"floor":6,"key":"FairyPotion"},{"floor":10,"key":"Slimebound:SpawnSlimePotion"},{"floor":13,"key":"Poison Potion"},{"floor":24,"key":"AttackPotion"},{"floor":31,"key":"Dexterity Potion"},{"floor":40,"key":"Slimebound:SlimedPotion"},{"floor":44,"key":"PowerPotion"},{"floor":45,"key":"SteroidPotion"}],"is_trial":false,"path_per_floor":["M","M","?","M","?","E","M","R","T","?","?","R","E","M","R","B",null,"M","M","$","?","?","E","M","M","T","E","M","M","$","M","R","B",null,"M","?","M","M","$","E","R","?","T","M","M","M","?","M","R","B"],"character_chosen":"SLIMEBOUND","items_purchased":["Slimebound:SamplingLick+1","Slimebound:MinionMaster","Slimebound:PoisonLick+1","Bag of Preparation","Slimebound:AcidGelatin","Slimebound:GoopSpray+1","Slimebound:LeechEnergy+1","Anchor","Slimebound:SlimyTonguePotion","Slimebound:VenomTackle+1"],"campfire_rested":1,"item_purchase_floors":[20,20,20,30,30,30,30,39,39,39],"current_hp_per_floor":[70,65,65,65,65,47,44,44,44,38,38,38,33,22,43,41,70,65,70,70,70,70,60,65,70,70,70,54,63,63,61,61,57,70,55,48,49,54,54,54,70,70,70,70,48,55,68,70,70,0],"gold":222,"neow_bonus":"THREE_ENEMY_KILL","is_prod":false,"is_daily":false,"chose_seed":false,"campfire_upgraded":3,"win_rate":0.0,"timestamp":1551638426,"path_taken":["M","M","?","M","?","E","M","R","T","?","?","R","E","M","R","BOSS","M","?","$","?","?","E","M","M","T","E","M","M","$","?","R","BOSS","M","?","?","M","?","E","R","?","T","?","M","M","?","M","R","BOSS"],"build_version":"2019-01-23","purchased_purges":2,"victory":false,"max_hp_per_floor":[70,70,70,70,70,70,70,70,70,70,70,70,70,70,70,70,70,70,70,70,70,70,70,70,70,70,70,70,70,70,70,70,70,70,70,70,70,70,70,70,70,70,70,70,70,70,70,70,70,70],"card_choices":[{"not_picked":["Slimebound:SlimeSpikes","Slimebound:SplitAcid"],"picked":"Slimebound:SplitMire","floor":1},{"not_picked":["Slimebound:Equalize","Slimebound:PoisonLick"],"picked":"Slimebound:SlimeTap","floor":2},{"not_picked":["Slimebound:SplitBruiser","Slimebound:TendrilStrike"],"picked":"Slimebound:SelfFormingGoo","floor":4},{"not_picked":["Slimebound:ComboTackle","Slimebound:SplitLeeching"],"picked":"Slimebound:ViciousTackle","floor":6},{"not_picked":["Slimebound:ServeAndProtect","Slimebound:AcidGelatin"],"picked":"Slimebound:DisruptingSlam","floor":7},{"not_picked":["Slimebound:ItLooksTasty","Slimebound:SplitAcid+1"],"picked":"Slimebound:PoisonLick+1","floor":10},{"not_picked":["Slimebound:Grow+1","Slimebound:LeechEnergy"],"picked":"Slimebound:VenomTackle","floor":13},{"not_picked":["Slimebound:LeechEnergy+1","Slimebound:PoisonLick+1"],"picked":"Slimebound:Lick+1","floor":14},{"not_picked":["Slimebound:DuplicatedForm","Slimebound:SlimeBrawl+1"],"picked":"Slimebound:OozeBath+1","floor":16},{"not_picked":["Slimebound:SplitLeeching+1","Slimebound:GoopTackle+1"],"picked":"Slimebound:RejuvenatingLick+1","floor":18},{"not_picked":["Slimebound:Prepare+1","Slimebound:FormOfPuddle+1"],"picked":"Slimebound:GoopSpray+1","floor":19},{"not_picked":["Slimebound:SplitBruiser+1","Slimebound:SplitLeeching+1"],"picked":"Slimebound:MegaLick+1","floor":23},{"not_picked":["Slimebound:SamplingLick+1","Slimebound:QuickStudy+1"],"picked":"Slimebound:GoopTackle+1","floor":24},{"not_picked":["Slimebound:GoopTackle+1","Slimebound:SplitBruiser+1"],"picked":"Slimebound:RejuvenatingLick+1","floor":25},{"not_picked":["Slimebound:SamplingLick+1","Slimebound:GoopTackle+1"],"picked":"Slimebound:FlameTackle+1","floor":27},{"not_picked":["Slimebound:SplitAcid+1","Slimebound:SplitMire+1"],"picked":"Slimebound:ProtectTheBoss","floor":28},{"not_picked":["Slimebound:DivideAndConquer+1","Slimebound:SpikyOuterGoop"],"picked":"Slimebound:DuplicatedForm","floor":29},{"not_picked":["Slimebound:ViciousTackle+1","Slimebound:SlimeSpikes+1"],"picked":"Slimebound:PoisonLick+1","floor":31},{"not_picked":["Slimebound:Teamwork+1","Slimebound:Overexert+1"],"picked":"Slimebound:SuperSplit+1","floor":33},{"not_picked":["Slimebound:SplitAcid+1","Slimebound:DivideAndConquer+1"],"picked":"Slimebound:SoulSicken+1","floor":35},{"not_picked":["Slimebound:SlimeSpikes+1","Slimebound:SplitAcid+1"],"picked":"Slimebound:Equalize+1","floor":37},{"not_picked":["Slimebound:FirmFortitude","Slimebound:PressTheAttack+1"],"picked":"Slimebound:LeechingTouch+1","floor":38},{"not_picked":["Slimebound:ViciousTackle+1","Slimebound:GoopSpray+1"],"picked":"Slimebound:HauntingLick+1","floor":40},{"not_picked":["Slimebound:SplitAcid+1","Slimebound:AcidGelatin+1"],"picked":"Slimebound:LivingWall+1","floor":44},{"not_picked":["Slimebound:SplitAcid+1","Slimebound:ComboTackle+1"],"picked":"Slimebound:TongueLash+1","floor":45},{"not_picked":["Slimebound:ItLooksTasty+1","Slimebound:ComboTackle+1"],"picked":"Slimebound:LevelUp+1","floor":46},{"not_picked":["Slimebound:SamplingLick+1","Slimebound:SlimeBrawl+1"],"picked":"Slimebound:ItLooksTasty+1","floor":47},{"not_picked":["Slimebound:ItLooksTasty+1","Slimebound:PressTheAttack+1"],"picked":"Slimebound:Replication+1","floor":48}],"player_experience":333696,"relics_obtained":[{"floor":6,"key":"Centennial Puzzle"},{"floor":9,"key":"Toxic Egg 2"},{"floor":10,"key":"Odd Mushroom"},{"floor":13,"key":"Molten Egg 2"},{"floor":23,"key":"Oddly Smooth Stone"},{"floor":26,"key":"Pantograph"},{"floor":27,"key":"Peace Pipe"},{"floor":40,"key":"War Paint"},{"floor":47,"key":"Thread and Needle"}],"event_choices":[{"damage_healed":0,"gold_gain":0,"player_choice":"Grow","damage_taken":0,"max_hp_gain":0,"max_hp_loss":0,"event_name":"Living Wall","floor":5,"gold_loss":0,"cards_upgraded":["Slimebound:Split"]},{"damage_healed":0,"gold_gain":0,"player_choice":"Fought Mushrooms","damage_taken":0,"max_hp_gain":0,"max_hp_loss":0,"event_name":"Mushrooms","floor":10,"gold_loss":0},{"damage_healed":0,"gold_gain":275,"player_choice":"Desecrate","damage_taken":0,"max_hp_gain":0,"max_hp_loss":0,"event_name":"Golden Shrine","floor":11,"gold_loss":0,"cards_obtained":["Regret"]},{"damage_healed":0,"gold_gain":0,"player_choice":"Obtained Relic","damage_taken":0,"relics_obtained":["Singing Bowl"],"max_hp_gain":0,"max_hp_loss":0,"event_name":"Addict","floor":21,"gold_loss":85},{"damage_healed":0,"gold_gain":0,"player_choice":"Read","damage_taken":0,"max_hp_gain":0,"max_hp_loss":0,"event_name":"The Library","floor":22,"gold_loss":0,"cards_obtained":["Slimebound:QuickStudy"]},{"damage_healed":0,"gold_gain":75,"player_choice":"Touch","damage_taken":7,"max_hp_gain":0,"max_hp_loss":0,"event_name":"FaceTrader","floor":36,"gold_loss":0},{"cards_removed":["Slimebound:SoulSicken"],"damage_healed":0,"gold_gain":0,"player_choice":"Removed Skill","damage_taken":0,"max_hp_gain":0,"max_hp_loss":0,"event_name":"Falling","floor":42,"gold_loss":0},{"damage_healed":0,"gold_gain":0,"player_choice":"Fight","damage_taken":0,"max_hp_gain":0,"max_hp_loss":0,"event_name":"MindBloom","floor":47,"gold_loss":0}],"is_beta":false,"boss_relics":[{"not_picked":["Fusion Hammer","White Beast Statue"],"picked":"Cursed Key"},{"not_picked":["Velvet Choker","Astrolabe"],"picked":"Eternal Feather"}],"items_purged_floors":[20,30],"is_endless":false,"potions_floor_spawned":[1,6,10,13,24,27,31,40,44,45,47],"killed_by":"Awakened One","ascension_level":0}