{"path_per_floor":["M","$","?","?","$","E","$","?","T","M","?","M","R","M","R","B",null,"M","?","M","?","$","E","?","R","T","$","M","R","M","E","R","B",null,"M","M","?","$","M","E","R","?","T","?","E","M","$","?","R","B"],"character_chosen":"THE_SILENT","items_purchased":[],"gold_per_floor":[117,42,117,117,17,47,47,47,74,88,88,103,103,113,113,214,214,227,277,294,294,169,201,201,201,201,51,64,64,82,109,109,209,209,226,237,237,62,81,110,110,110,110,110,135,155,155,155,155,155],"floor_reached":51,"campfire_rested":3,"playtime":1786,"current_hp_per_floor":[59,59,48,48,48,26,26,26,26,26,26,16,37,37,58,1,70,70,70,62,62,62,45,45,45,45,45,45,66,66,66,66,66,70,62,62,62,62,62,62,62,62,62,62,62,62,62,62,62,55],"items_purged":["Defend_G","Strike_G","Wraith Form","Bane","Survivor"],"gold":155,"score":998,"play_id":"08407b56-569c-4cfe-ad15-0d6fe715ea60","local_time":"20180409232758","is_prod":false,"is_daily":false,"is_ascension_mode":true,"campfire_upgraded":4,"timestamp":1523338078,"path_taken":["M","$","?","?","?","E","$","?","T","?","?","M","R","M","R","BOSS","M","?","M","?","$","E","?","R","T","$","?","R","M","E","R","BOSS","M","M","?","$","M","E","R","?","T","?","E","?","$","?","R","BOSS"],"build_version":"2018-04-05v2","purchased_purges":5,"victory":true,"master_deck":["Defend_G","Defend_G","Strike_G","Strike_G","Neutralize+1","Grand Finale+1","Acrobatics+1","Reflex+1","Prepared","Dagger Throw","Prepared+1","Acrobatics","Grand Finale+1","Escape Plan","Eviscerate+1","Flash of Steel"],"max_hp_per_floor":[70,70,70,70,70,70,70,70,70,70,70,70,70,70,70,70,70,70,70,70,70,70,70,70,70,70,70,70,70,70,70,70,70,70,70,70,70,70,70,70,70,70,70,70,70,70,70,70,70,70],"relics":["Ring of the Snake","Ornamental Fan","Bag of Preparation","Astrolabe","Pen Nib","Blue Candle","Mercury Hourglass","Sozu","Gambling Chip","Ginger","Thread and Needle"],"card_choices":[{"not_picked":["Storm of Steel","Deadly Poison"],"picked":"Acrobatics","floor":1},{"not_picked":["Bane","Deflect"],"picked":"Reflex","floor":6},{"not_picked":["Bane","Dagger Spray"],"picked":"Prepared","floor":10},{"not_picked":["Backflip","Endless Agony"],"picked":"Dagger Throw","floor":12},{"not_picked":["Quick Slash","PiercingWail"],"picked":"Acrobatics","floor":18},{"not_picked":["Deadly Poison","Catalyst"],"picked":"Escape Plan","floor":35},{"not_picked":["Malaise","Dagger Throw"],"picked":"Eviscerate","floor":40},{"not_picked":["Finesse","Mind Blast"],"picked":"Flash of Steel","floor":42}],"player_experience":246008,"potions_floor_usage":[16,33,33],"damage_taken":[{"damage":11,"enemies":"Jaw Worm","floor":1,"turns":4},{"damage":22,"enemies":"3 Sentries","floor":6,"turns":6},{"damage":0,"enemies":"Small Slimes","floor":10,"turns":1},{"damage":10,"enemies":"Cultist","floor":12,"turns":4},{"damage":0,"enemies":"3 Louse","floor":14,"turns":1},{"damage":57,"enemies":"Hexaghost","floor":16,"turns":14},{"damage":0,"enemies":"2 Thieves","floor":18,"turns":2},{"damage":8,"enemies":"3 Byrds","floor":20,"turns":4},{"damage":17,"enemies":"Slavers","floor":23,"turns":2},{"damage":0,"enemies":"Sentry and Sphere","floor":28,"turns":1},{"damage":0,"enemies":"Centurion and Healer","floor":30,"turns":1},{"damage":0,"enemies":"Gremlin Leader","floor":31,"turns":1},{"damage":0,"enemies":"Collector","floor":33,"turns":3},{"damage":8,"enemies":"3 Shapes","floor":35,"turns":1},{"damage":0,"enemies":"Orb Walker","floor":36,"turns":1},{"damage":0,"enemies":"3 Darklings","floor":39,"turns":1},{"damage":0,"enemies":"Giant Head","floor":40,"turns":2},{"damage":0,"enemies":"2 Orb Walkers","floor":45,"turns":1},{"damage":0,"enemies":"Maw","floor":46,"turns":1},{"damage":7,"enemies":"Awakened One","floor":50,"turns":3}],"event_choices":[{"event_name":"World of Goop","player_choice":"Gather Gold","floor":3,"damage_taken":0},{"event_name":"Accursed Blacksmith","player_choice":"Ignore","floor":4,"damage_taken":0},{"event_name":"Bonfire Elementals","player_choice":"BASIC","floor":8,"damage_taken":0},{"event_name":"Liars Game","player_choice":"disagreed","floor":11,"damage_taken":0},{"event_name":"The Joust","player_choice":"Bet on Murderer","floor":19,"damage_taken":0},{"event_name":"Drug Dealer","player_choice":"Ignored","floor":21,"damage_taken":0},{"event_name":"Duplicator","player_choice":"One dupe","floor":24,"damage_taken":0},{"event_name":"Match and Keep!","player_choice":"0 cards matched","floor":37,"damage_taken":0},{"event_name":"SensoryStone","player_choice":"Memory 1","floor":42,"damage_taken":0},{"event_name":"Upgrade Shrine","player_choice":"Upgraded","floor":44,"damage_taken":0},{"event_name":"The Woman in Blue","player_choice":"Bought 0 Potions","floor":48,"damage_taken":0}],"boss_relics":[{"not_picked":["Cursed Key","White Beast Statue"],"picked":"Astrolabe"},{"not_picked":["Lizard Tail","Philosopher\u0027s Stone"],"picked":"Sozu"}],"potions_floor_spawned":[1,16,30,33,35,39,40,45,46],"seed_played":"-3803860637212894969","ascension_level":2,"is_trial":false}