{"path_per_floor":["M","?","?","M","M","E","R","E","T","$","R","M","E","M","R","B",null,"M","?","$","M","M","E","R","$","T","?","M","M","T","M","R","B",null,"M","$","?","?","M","R","E","R","T","E","M","R","M","M","R","B"],"character_chosen":"IRONCLAD","items_purchased":["Blood Vial","Strange Spoon","Jack Of All Trades","Inflame","Frozen Egg 2","Panache","Armaments"],"gold_per_floor":[114,114,189,204,219,249,249,579,654,204,204,219,249,264,264,364,364,379,379,56,71,86,116,116,116,116,116,131,146,171,186,186,286,286,301,72,0,0,15,15,45,45,45,75,90,90,105,120,120,120],"floor_reached":51,"campfire_rested":5,"playtime":1742,"current_hp_per_floor":[74,80,69,58,57,29,54,40,40,40,65,75,69,71,86,64,86,69,75,75,77,68,33,60,60,66,66,60,60,73,59,92,68,135,135,135,135,135,124,124,110,110,116,141,110,110,140,141,141,121],"items_purged":[],"gold":120,"score":980,"play_id":"9056862c-e43d-4266-9316-cc3758188587","local_time":"20180317052748","daily_mods":["Allstar","Cursed Run","Hoarder"],"is_prod":false,"is_daily":true,"is_ascension_mode":false,"campfire_upgraded":0,"timestamp":1521286068,"path_taken":["M","?","?","M","M","E","R","E","T","?","R","M","E","M","R","BOSS","M","?","?","M","?","E","R","$","T","?","M","M","?","M","R","BOSS","M","$","?","?","M","R","E","R","T","E","M","R","M","M","R","BOSS"],"build_version":"2018-03-15v2","purchased_purges":0,"victory":true,"master_deck":["Strike_R","Strike_R","Strike_R","Strike_R+1","Strike_R","Defend_R","Defend_R+1","Defend_R","Bash","Bandage Up","Bandage Up","Bandage Up","Secret Weapon","Secret Weapon","Secret Weapon","Disarm","Disarm","Disarm","Regret","Regret","Regret","Uppercut","Uppercut","Uppercut","Thunderclap","Thunderclap","Thunderclap","Sever Soul","Sever Soul","Sever Soul","Heavy Blade","Heavy Blade","Heavy Blade","Jack Of All Trades","Jack Of All Trades","Jack Of All Trades","Inflame+1","Inflame","Inflame","Evolve","Evolve","Evolve","Corruption","Corruption","Corruption","Bludgeon","Bludgeon","Bludgeon","Spot Weakness","Spot Weakness","Spot Weakness","Decay","Decay","Decay","Inflame","Inflame","Inflame","Flame Barrier","Flame Barrier","Flame Barrier","Perfected Strike","Perfected Strike","Perfected Strike","Twin Strike","Twin Strike","Twin Strike","Injury","Injury","Injury","Cleave","Cleave","Cleave+1","Burning Pact","Burning Pact","Burning Pact","Clumsy","Clumsy","Clumsy","Flex","Flex","Flex","Doubt","Doubt","Doubt","Reaper","Reaper","Reaper","Regret","Regret","Regret","Normality","Normality","Normality","Writhe","Writhe","Writhe","Metallicize+1","Metallicize","Metallicize","Panache+1","Panache","Panache","Armaments","Armaments","Armaments+1","Wild Strike+1","Wild Strike","Wild Strike","Inflame+1","Inflame","Inflame","Writhe","Writhe","Writhe","Double Tap","Double Tap","Double Tap","Perfected Strike","Perfected Strike","Perfected Strike","Armaments","Armaments","Armaments","Flame Barrier+1","Flame Barrier","Flame Barrier","Injury","Injury","Injury"],"max_hp_per_floor":[80,86,86,86,86,86,86,86,86,86,86,86,86,86,86,86,86,86,92,92,92,92,92,92,92,98,98,98,98,111,111,111,117,135,135,135,135,135,135,135,135,135,141,141,141,141,141,141,141,147],"relics":["Cursed Key","Darkstone Periapt","Du-Vu Doll","Omamori","Ancient Tea Set","Old Coin","Meat on the Bone","Blood Vial","Strange Spoon","Bottled Tornado","Mark of Pain","Frozen Egg 2","Anchor","Bottled Lightning","Strawberry","Calling Bell","Shovel","Bag of Preparation","Red Skull","Red Mask","War Paint","Dream Catcher","Mummified Hand","Magic Flower","Regal Pillow","Whetstone","Kunai"],"card_choices":[{"not_picked":["Havoc","Bloodletting"],"picked":"Disarm"},{"not_picked":["Seeing Red","Headbutt"],"picked":"Uppercut"},{"not_picked":["Pommel Strike","Fire Breathing"],"picked":"Thunderclap"},{"not_picked":["Anger","Cleave"],"picked":"Sever Soul"},{"not_picked":["Bloodletting","Flex"],"picked":"Heavy Blade"},{"not_picked":["Twin Strike","Blood for Blood"],"picked":"Inflame"},{"not_picked":["Exhume","Ghostly Armor"],"picked":"Evolve"},{"not_picked":["Iron Wave","Sword Boomerang"],"picked":"Corruption"},{"not_picked":["Juggernaut","Offering"],"picked":"Bludgeon"},{"not_picked":["Cleave","Clothesline"],"picked":"Spot Weakness"},{"not_picked":["Headbutt","Body Slam"],"picked":"Flame Barrier"},{"not_picked":["Twin Strike","Clash"],"picked":"Perfected Strike"},{"not_picked":["Sentinel","Berserk"],"picked":"Twin Strike"},{"not_picked":["Headbutt","Pummel"],"picked":"Cleave"},{"not_picked":["Clash","Warcry"],"picked":"Burning Pact"},{"not_picked":["Entrench","Pummel"],"picked":"Flex"},{"not_picked":["Feed","Bludgeon"],"picked":"Reaper"},{"not_picked":["Heavy Blade","Clothesline"],"picked":"Metallicize"},{"not_picked":["Corruption","Body Slam"],"picked":"Wild Strike"},{"not_picked":["Berserk","Clothesline"],"picked":"Inflame"},{"not_picked":["Sword Boomerang","Fiend Fire"],"picked":"Double Tap"},{"not_picked":["Searing Blow","Dropkick"],"picked":"Perfected Strike"},{"not_picked":["Shrug It Off","Sever Soul"],"picked":"Armaments"},{"not_picked":["Blood for Blood","Clothesline"],"picked":"Flame Barrier"}],"player_experience":158009,"potions_floor_usage":[23,29,33,33,41,50,50],"damage_taken":[{"damage":6,"enemies":"2 Louse","floor":1,"turns":2},{"damage":11,"enemies":"Jaw Worm","floor":4,"turns":2},{"damage":5,"enemies":"Small Slimes","floor":5,"turns":2},{"damage":28,"enemies":"Gremlin Nob","floor":6,"turns":4},{"damage":22,"enemies":"Lagavulin","floor":8,"turns":4},{"damage":0,"enemies":"2 Fungi Beasts","floor":12,"turns":2},{"damage":16,"enemies":"3 Sentries","floor":13,"turns":3},{"damage":0,"enemies":"Large Slime","floor":14,"turns":3},{"damage":22,"enemies":"The Guardian","floor":16,"turns":6},{"damage":17,"enemies":"Shell Parasite","floor":18,"turns":3},{"damage":0,"enemies":"Spheric Guardian","floor":21,"turns":2},{"damage":11,"enemies":"Snake Plant","floor":22,"turns":2},{"damage":61,"enemies":"Gremlin Leader","floor":23,"turns":6},{"damage":8,"enemies":"Chosen and Byrds","floor":28,"turns":3},{"damage":2,"enemies":"Cultist and Chosen","floor":29,"turns":3},{"damage":16,"enemies":"3 Cultists","floor":31,"turns":4},{"damage":48,"enemies":"Collector","floor":33,"turns":4},{"damage":0,"enemies":"Orb Walker","floor":35,"turns":2},{"damage":15,"enemies":"3 Shapes","floor":39,"turns":2},{"damage":38,"enemies":"Giant Head","floor":41,"turns":6},{"damage":30,"enemies":"Nemesis","floor":44,"turns":5},{"damage":31,"enemies":"Maw","floor":45,"turns":5},{"damage":8,"enemies":"4 Shapes","floor":47,"turns":3},{"damage":7,"enemies":"3 Darklings","floor":48,"turns":3},{"damage":99,"enemies":"Time Eater","floor":50,"turns":9}],"event_choices":[{"event_name":"Big Fish","player_choice":"Box","floor":2,"damage_taken":0},{"event_name":"World of Goop","player_choice":"Gather Gold","floor":3,"damage_taken":0},{"event_name":"Forgotten Altar","player_choice":"Smashed Altar","floor":19,"damage_taken":0},{"event_name":"Upgrade Shrine","player_choice":"Upgraded","floor":27,"damage_taken":0},{"event_name":"Tomb of Lord Red Mask","player_choice":"Paid","floor":37,"damage_taken":0}],"boss_relics":[{"not_picked":["Velvet Choker","Runic Dome"],"picked":"Mark of Pain"},{"not_picked":["Tiny House","Black Star"],"picked":"Calling Bell"}],"potions_floor_spawned":[4,6,8,12,22,28,29,39,41,44,47],"seed_played":"8809221095910533381","ascension_level":0,"is_trial":false}