{"path_per_floor":["M","?","?","M","M","R","?","M","T","R","?","E","M","$","R","B",null,"M","M","$","M","$","R","M","R","T","?","M","M","R"],"character_chosen":"DEFECT","items_purchased":["Ball Lightning","Capacitor","Skim"],"gold_per_floor":[12,12,87,98,115,115,115,129,129,129,129,164,184,86,86,186,186,197,217,77,89,39,39,59,59,82,82,93,108,108,108],"floor_reached":31,"campfire_rested":5,"playtime":1614,"current_hp_per_floor":[75,75,64,63,57,75,75,73,73,73,58,42,43,43,65,42,75,44,46,46,23,23,45,18,40,47,47,46,27,51,0],"items_purged":["Normality","Doubt","Regret"],"gold":108,"score":237,"play_id":"20d5147b-3a8c-49a6-bb42-f83c97a13803","local_time":"20180429121815","is_prod":false,"is_daily":false,"chose_seed":false,"is_ascension_mode":false,"campfire_upgraded":1,"timestamp":1525025895,"path_taken":["M","?","?","M","M","R","?","M","T","R","?","E","M","$","R","BOSS","M","M","$","M","?","R","M","R","T","?","M","M","R","M"],"build_version":"2018-04-27v3","seed_source_timestamp":1543976549492243,"purchased_purges":3,"victory":false,"master_deck":["Strike_B","Strike_B","Strike_B","Strike_B","Defend_B","Defend_B","Zap","Darkness+1","Reprogram+1","Barrage+1","Steam Power","Turbo","Blaster","Coolheaded","Prime","Ball Lightning","Ball Lightning","Multi-Cast","Decay","Turbo","Cold Snap+1","Capacitor","Skim","Skim","Stack","Capacitor+1","Double Energy","Buffer+1"],"max_hp_per_floor":[75,75,75,75,75,75,75,75,75,75,75,75,75,75,75,75,75,75,75,75,75,75,75,75,75,82,82,82,82,82,82],"relics":["Cracked Core","Meat on the Bone","Prayer Wheel","Matryoshka","Calling Bell","Happy Flower","Smiling Mask","Bird Faced Urn","Strawberry","Pen Nib"],"card_choices":[{"not_picked":["Glacier","Go for the Eyes"],"picked":"Barrage","floor":1},{"not_picked":["Streamline","Force Field"],"picked":"Turbo","floor":4},{"not_picked":["Hologram","Beam Cell"],"picked":"Blaster","floor":5},{"not_picked":["Hologram","Sweeping Beam"],"picked":"Coolheaded","floor":8},{"not_picked":["Turbo","Capacitor"],"picked":"Prime","floor":12},{"not_picked":["Sweeping Beam","Rebound"],"picked":"Ball Lightning","floor":13},{"not_picked":["Prime","Meteor Strike"],"picked":"Multi-Cast","floor":16},{"not_picked":["Cold Snap","Skim"],"picked":"Turbo","floor":18},{"not_picked":["Turbo","Go for the Eyes"],"picked":"Cold Snap","floor":19},{"not_picked":["Coolheaded","Impulse"],"picked":"Skim","floor":21},{"not_picked":["Beam Cell","Ball Lightning"],"picked":"Stack","floor":24},{"not_picked":["Reboot","Go for the Eyes"],"picked":"Capacitor","floor":26},{"not_picked":["Genetic Algorithm","Sweeping Beam"],"picked":"Double Energy","floor":28},{"not_picked":["Stack","Axe Kick"],"picked":"Buffer","floor":29}],"player_experience":320131,"potions_floor_usage":[13,16,21,21,21,28,28,31],"damage_taken":[{"damage":0,"enemies":"2 Louse","floor":1,"turns":3},{"damage":1,"enemies":"Cultist","floor":4,"turns":3},{"damage":6,"enemies":"Jaw Worm","floor":5,"turns":3},{"damage":2,"enemies":"Large Slime","floor":8,"turns":5},{"damage":28,"enemies":"Gremlin Nob","floor":12,"turns":4},{"damage":11,"enemies":"2 Fungi Beasts","floor":13,"turns":4},{"damage":23,"enemies":"Hexaghost","floor":16,"turns":7},{"damage":33,"enemies":"2 Thieves","floor":18,"turns":4},{"damage":10,"enemies":"Chosen","floor":19,"turns":3},{"damage":39,"enemies":"3 Cultists","floor":21,"turns":6},{"damage":43,"enemies":"Snake Plant","floor":24,"turns":5},{"damage":17,"enemies":"Snecko","floor":28,"turns":4},{"damage":35,"enemies":"Cultist and Chosen","floor":29,"turns":6},{"damage":60,"enemies":"3 Cultists","floor":31,"turns":5}],"event_choices":[{"event_name":"Transmorgrifier","player_choice":"Transform","floor":2,"damage_taken":0},{"event_name":"World of Goop","player_choice":"Gather Gold","floor":3,"damage_taken":0},{"event_name":"Accursed Blacksmith","player_choice":"Rummage","floor":7,"damage_taken":0},{"event_name":"Shining Light","player_choice":"Entered Light","floor":11,"damage_taken":0},{"event_name":"The Lab","player_choice":"Got Potions","floor":27,"damage_taken":0}],"boss_relics":[{"not_picked":["Ectoplasm","Runic Dome"],"picked":"Calling Bell"}],"potions_floor_spawned":[1,5,16,18,19,29],"seed_played":"8266086964825924475","killed_by":"3 Cultists","ascension_level":0,"is_trial":false}