{"gold_per_floor":[362,374,392,402,13,13,46,61,61,75,95,127,127,139,139,238,238,254,254,45,45,65,65,93,93,93,107,142,42,58,6,6,110,110,127,127,147,147,22,22,39,39,39,39,39,50,62,13,13,13],"floor_reached":51,"playtime":2162,"items_purged":["Decay","Strike_B+1","Strike_B+1"],"score":1313,"play_id":"9f9b1db5-a904-45a4-8db6-eb66f8646beb","local_time":"20181103162851","is_ascension_mode":true,"campfire_choices":[{"data":"Zap","floor":6,"key":"SMITH"},{"floor":13,"key":"REST"},{"data":"Darkness","floor":15,"key":"SMITH"},{"data":"Darkness","floor":23,"key":"SMITH"},{"data":"Darkness","floor":25,"key":"SMITH"},{"data":"Dualcast","floor":32,"key":"SMITH"},{"data":"White Noise","floor":40,"key":"SMITH"},{"data":"Biased Cognition","floor":42,"key":"SMITH"},{"floor":45,"key":"REST"},{"data":"Hologram","floor":49,"key":"SMITH"}],"neow_cost":"CURSE","seed_source_timestamp":12496819113932,"circlet_count":0,"master_deck":["AscendersBane","Strike_B+1","Strike_B+1","Defend_B+1","Defend_B+1","Defend_B+1","Defend_B+1","Zap+1","Dualcast+1","Glacier","Darkness+1","White Noise+1","Hologram+1","Chill","Cold Snap","Darkness+1","Biased Cognition+1","Go for the Eyes","Darkness+1","Chill","Self Repair","Go for the Eyes+1","Self Repair","Stack+1","Biased Cognition+1","Hologram","Madness","Madness","Loop+1"],"relics":["Cracked Core","FossilizedHelix","Anchor","DataDisk","Pen Nib","Orrery","OrangePellets","Pear","Ginger","Symbiotic Virus","Busted Crown","Happy Flower"],"potions_floor_usage":[2,2,24,28,33,33,50,50],"damage_taken":[{"damage":3,"enemies":"Cultist","floor":1,"turns":3},{"damage":0,"enemies":"2 Louse","floor":2,"turns":2},{"damage":0,"enemies":"Small Slimes","floor":3,"turns":3},{"damage":15,"enemies":"2 Fungi Beasts","floor":4,"turns":5},{"damage":26,"enemies":"Gremlin Nob","floor":7,"turns":5},{"damage":0,"enemies":"Looter","floor":8,"turns":3},{"damage":0,"enemies":"Exordium Thugs","floor":10,"turns":4},{"damage":0,"enemies":"Large Slime","floor":11,"turns":6},{"damage":12,"enemies":"Lagavulin","floor":12,"turns":6},{"damage":0,"enemies":"Blue Slaver","floor":14,"turns":3},{"damage":0,"enemies":"The Guardian","floor":16,"turns":9},{"damage":0,"enemies":"Chosen","floor":18,"turns":4},{"damage":5,"enemies":"Colosseum Slavers","floor":19,"turns":6},{"damage":6,"enemies":"3 Byrds","floor":22,"turns":6},{"damage":0,"enemies":"Book of Stabbing","floor":24,"turns":6},{"damage":0,"enemies":"Centurion and Healer","floor":27,"turns":4},{"damage":0,"enemies":"Slavers","floor":28,"turns":5},{"damage":4,"enemies":"Snecko","floor":30,"turns":4},{"damage":23,"enemies":"Automaton","floor":33,"turns":10},{"damage":1,"enemies":"Orb Walker","floor":35,"turns":4},{"damage":0,"enemies":"3 Shapes","floor":37,"turns":3},{"damage":13,"enemies":"3 Darklings","floor":41,"turns":5},{"damage":0,"enemies":"Transient","floor":46,"turns":5},{"damage":0,"enemies":"Spire Growth","floor":47,"turns":4},{"damage":69,"enemies":"Time Eater","floor":50,"turns":8}],"seed_played":"-1083704066131725674","potions_obtained":[{"floor":1,"key":"AttackPotion"},{"floor":2,"key":"Fruit Juice"},{"floor":10,"key":"Explosive Potion"},{"floor":12,"key":"Block Potion"},{"floor":18,"key":"PowerPotion"},{"floor":30,"key":"SpeedPotion"},{"floor":35,"key":"FearPotion"}],"is_trial":false,"path_per_floor":["M","M","M","M","$","R","E","M","T","M","M","E","R","M","R","B",null,"M","?","$","?","M","R","E","R","T","M","E","$","M","$","R","B",null,"M","?","M","?","$","R","M","R","T","?","R","M","M","$","R","B",null],"character_chosen":"DEFECT","items_purchased":["FossilizedHelix","OrangePellets","Dexterity Potion","Fire Potion"],"campfire_rested":2,"item_purchase_floors":[5,20,31,48],"current_hp_per_floor":[65,70,70,55,55,55,29,29,29,29,29,17,41,41,41,41,70,70,72,72,72,73,73,90,90,90,90,90,90,90,90,90,74,86,90,90,90,79,79,79,73,73,73,73,90,90,90,90,90,28],"gold":13,"neow_bonus":"TWO_FIFTY_GOLD","is_prod":false,"is_daily":false,"chose_seed":false,"campfire_upgraded":8,"win_rate":0,"timestamp":1541276931,"path_taken":["M","?","M","M","$","R","E","M","T","?","M","E","R","M","R","BOSS","M","?","$","?","M","R","E","R","T","M","E","$","M","$","R","BOSS","M","?","M","?","$","R","M","R","T","?","R","M","M","$","R","BOSS"],"build_version":"2018-11-01","purchased_purges":3,"victory":true,"max_hp_per_floor":[75,80,80,80,80,80,80,80,80,80,80,80,80,80,80,80,80,80,80,80,80,80,80,90,90,90,90,90,90,90,90,90,90,90,90,90,90,90,90,90,90,90,90,90,90,90,90,90,90,90],"card_choices":[{"not_picked":["Stack","Conserve Battery"],"picked":"Glacier","floor":1},{"not_picked":["Rebound","Conserve Battery"],"picked":"Darkness","floor":2},{"not_picked":["Sunder","Beam Cell","Aggregate"],"picked":"SKIP","floor":3},{"not_picked":["Reprogram","Steam","Sunder"],"picked":"SKIP","floor":4},{"not_picked":["Conserve Battery","Capacitor"],"picked":"White Noise","floor":7},{"not_picked":["Rip and Tear","Consume"],"picked":"Hologram","floor":8},{"not_picked":["Scrape","Machine Learning"],"picked":"Chill","floor":10},{"not_picked":["Streamline","Reinforced Body"],"picked":"Cold Snap","floor":11},{"not_picked":["Fusion","Leap"],"picked":"Compile Driver","floor":12},{"not_picked":["Cold Snap","Turbo"],"picked":"Darkness","floor":14},{"not_picked":["Buffer","Amplify"],"picked":"Biased Cognition","floor":16},{"not_picked":["Rebound","Lockon"],"picked":"Go for the Eyes","floor":17},{"not_picked":["Fusion","Sweeping Beam"],"picked":"Darkness","floor":17},{"not_picked":["Cold Snap","Streamline"],"picked":"Chill","floor":17},{"not_picked":["Sweeping Beam","Hologram"],"picked":"Self Repair","floor":18},{"not_picked":["Cold Snap","Gash"],"picked":"Go for the Eyes+1","floor":22},{"not_picked":["Hologram","Steam Power","Turbo"],"picked":"SKIP","floor":24},{"not_picked":["Steam","Leap+1"],"picked":"Self Repair","floor":27},{"not_picked":["Melter","Leap"],"picked":"Stack+1","floor":28},{"not_picked":["Streamline+1","Consume","Beam Cell"],"picked":"SKIP","floor":30},{"not_picked":["Rainbow","Amplify"],"picked":"Biased Cognition","floor":33},{"not_picked":["Stack+1"],"picked":"SKIP","floor":35},{"not_picked":[],"picked":"Hologram","floor":37},{"not_picked":["Hologram"],"picked":"SKIP","floor":41},{"not_picked":[],"picked":"Loop+1","floor":46},{"not_picked":["Redo"],"picked":"SKIP","floor":47}],"player_experience":176162,"relics_obtained":[{"floor":7,"key":"Anchor"},{"floor":9,"key":"DataDisk"},{"floor":12,"key":"Pen Nib"},{"floor":24,"key":"Pear"},{"floor":26,"key":"Ginger"},{"floor":28,"key":"Symbiotic Virus"},{"floor":43,"key":"Happy Flower"}],"event_choices":[{"damage_healed":0,"gold_gain":0,"player_choice":"Fight","damage_taken":0,"max_hp_gain":0,"max_hp_loss":0,"event_name":"Colosseum","floor":19,"gold_loss":0},{"damage_healed":0,"gold_gain":0,"player_choice":"Fled From Nobs","damage_taken":0,"max_hp_gain":0,"max_hp_loss":0,"event_name":"Colosseum","floor":19,"gold_loss":0},{"damage_healed":0,"gold_gain":0,"player_choice":"Simplicity","damage_taken":0,"max_hp_gain":0,"max_hp_loss":0,"event_name":"Back to Basics","floor":21,"gold_loss":0,"cards_upgraded":["Strike_B","Strike_B","Strike_B","Strike_B","Defend_B","Defend_B","Defend_B","Defend_B"]},{"cards_removed":["Compile Driver"],"damage_healed":0,"gold_gain":0,"player_choice":"Removed Attack","damage_taken":0,"max_hp_gain":0,"max_hp_loss":0,"event_name":"Falling","floor":36,"gold_loss":0},{"damage_healed":0,"gold_gain":0,"player_choice":"Embrace Madness","damage_taken":11,"max_hp_gain":0,"max_hp_loss":0,"event_name":"Winding Halls","floor":38,"gold_loss":0,"cards_obtained":["Madness","Madness"]},{"damage_healed":0,"gold_gain":0,"player_choice":"Upgraded","damage_taken":0,"max_hp_gain":0,"max_hp_loss":0,"event_name":"Upgrade Shrine","floor":44,"gold_loss":0,"cards_upgraded":["Biased Cognition"]}],"is_beta":false,"boss_relics":[{"not_picked":["Runic Pyramid","Cursed Key"],"picked":"Orrery"},{"not_picked":["Snecko Eye","Empty Cage"],"picked":"Busted Crown"}],"items_purged_floors":[5,29,39],"is_endless":false,"potions_floor_spawned":[1,2,10,12,18,19,22,30,35],"ascension_level":12}