{"gold_per_floor":[117,128,139,155,155,155,305,305,374,408,70,99,112,177,177,255,255,269,469,484,141,141,141,155,155,155,183,196,196,225,245,245,245],"floor_reached":33,"playtime":1329,"items_purged":["Doubt","Strike_R"],"score":586,"play_id":"65d9f71a-2afd-44c9-ab7d-d495c05dd8bc","local_time":"20181127204948","is_ascension_mode":true,"campfire_choices":[{"data":"Bash","floor":6,"key":"SMITH"},{"data":"Spot Weakness","floor":8,"key":"SMITH"},{"floor":15,"key":"REST"},{"floor":23,"key":"REST"},{"data":"Whirlwind","floor":25,"key":"SMITH"},{"floor":29,"key":"REST"},{"floor":32,"key":"REST"}],"neow_cost":"NONE","seed_source_timestamp":1149526143235436,"circlet_count":0,"master_deck":["AscendersBane","Strike_R","Strike_R","Strike_R","Strike_R","Defend_R","Defend_R","Defend_R","Defend_R","Bash+1","Wild Strike","Spot Weakness+1","Iron Wave","Whirlwind+1","Reaper","Inflame","Flex","Inflame","Double Tap","Offering","Whirlwind","Parasite","Ghostly Armor","Power Through+1"],"special_seed":0,"relics":["Burning Blood","Art of War","Singing Bowl","Oddly Smooth Stone","Incense Burner","Dream Catcher","Cursed Key","Girya","Ancient Tea Set","PreservedInsect"],"potions_floor_usage":[4,12,16,20,24,31,33],"damage_taken":[{"damage":10.0,"enemies":"Small Slimes","floor":1.0,"turns":4.0},{"damage":9.0,"enemies":"Jaw Worm","floor":2.0,"turns":4.0},{"damage":0.0,"enemies":"Cultist","floor":3.0,"turns":2.0},{"damage":7,"enemies":"Lots of Slimes","floor":4,"turns":2},{"damage":40,"enemies":"Lagavulin","floor":10,"turns":7},{"damage":22,"enemies":"3 Sentries","floor":12,"turns":7},{"damage":10,"enemies":"Exordium Wildlife","floor":13,"turns":3},{"damage":8,"enemies":"Gremlin Nob","floor":14,"turns":4},{"damage":52,"enemies":"Slime Boss","floor":16,"turns":11},{"damage":31,"enemies":"Shell Parasite","floor":18,"turns":4},{"damage":19,"enemies":"Spheric Guardian","floor":20,"turns":4},{"damage":24,"enemies":"Centurion and Healer","floor":24,"turns":5},{"damage":69,"enemies":"Slavers","floor":27,"turns":4},{"damage":37,"enemies":"Cultist and Chosen","floor":28,"turns":6},{"damage":46,"enemies":"Book of Stabbing","floor":30,"turns":4},{"damage":7,"enemies":"Snecko","floor":31,"turns":4},{"damage":101,"enemies":"Champ","floor":33,"turns":9}],"seed_played":"-5790959534123201151","potions_obtained":[{"floor":1.0,"key":"Explosive Potion"},{"floor":10,"key":"EssenceOfSteel"},{"floor":14,"key":"Energy Potion"},{"floor":18,"key":"Swift Potion"},{"floor":20,"key":"Regen Potion"},{"floor":30,"key":"Regen Potion"},{"floor":31,"key":"Fire Potion"}],"is_trial":false,"path_per_floor":["M","M","M","M","?","R","?","R","T","E","$","E","M","?","R","B",null,"M","?","M","$","?","R","M","R","T","E","M","R","E","M","R","B"],"character_chosen":"IRONCLAD","items_purchased":["Reaper","Inflame","Offering","Whirlwind"],"campfire_rested":4,"item_purchase_floors":[11,11,21,21],"current_hp_per_floor":[64,61,67,66,71,71,71,71,71,37,37,43,41,39,64,42,74,67,67,56,56,30,59,84,84,84,40,17,48,22,35,67,0],"gold":245,"neow_bonus":"RANDOM_COMMON_RELIC","is_prod":false,"is_daily":false,"chose_seed":false,"campfire_upgraded":3,"win_rate":0,"timestamp":1543369788,"path_taken":["M","M","M","M","?","R","?","R","T","E","?","E","?","?","R","BOSS","M","?","?","?","?","R","M","R","T","E","M","R","E","M","R","BOSS"],"build_version":"2018-11-15","purchased_purges":2,"victory":false,"max_hp_per_floor":[75,75,75,75,80,80,80,80,80,80,80,82,84,84,84,84,84,86,86,88,88,93,95,97,97,97,97,99,101,101,103,105,105],"card_choices":[{"not_picked":["Infernal Blade","Body Slam"],"picked":"Wild Strike","floor":1.0},{"not_picked":["Armaments","Body Slam"],"picked":"Spot Weakness","floor":2.0},{"not_picked":["Warcry","Dual Wield","Heavy Blade"],"picked":"SKIP","floor":3.0},{"not_picked":["Second Wind","Anger"],"picked":"Iron Wave","floor":4},{"not_picked":["Cleave","Anger"],"picked":"Whirlwind","floor":10},{"not_picked":["Metallicize","Burning Pact","Havoc"],"picked":"Singing Bowl","floor":12},{"not_picked":["Sentinel","Searing Blow","Armaments"],"picked":"Singing Bowl","floor":13},{"not_picked":["Iron Wave","Heavy Blade"],"picked":"Flex","floor":14},{"not_picked":["Battle Trance","Flex"],"picked":"Inflame","floor":15},{"not_picked":["Impervious","Bludgeon"],"picked":"Double Tap","floor":16},{"not_picked":["Cleave+1","Hemokinesis","Clothesline"],"picked":"Singing Bowl","floor":18},{"not_picked":["True Grit","Fire Breathing","Flex"],"picked":"Singing Bowl","floor":20},{"not_picked":["Clothesline","Ghostly Armor","Seeing Red"],"picked":"Singing Bowl","floor":23},{"not_picked":["Sword Boomerang","Searing Blow+1","Cleave+1"],"picked":"Singing Bowl","floor":24},{"not_picked":["Warcry","Havoc"],"picked":"Ghostly Armor","floor":27},{"not_picked":["Hemokinesis+1","Flex","Dropkick"],"picked":"Singing Bowl","floor":28},{"not_picked":["Rampage","Second Wind","Barricade"],"picked":"Singing Bowl","floor":29},{"not_picked":["Clothesline","Body Slam"],"picked":"Power Through+1","floor":30},{"not_picked":["Cleave","Thunderclap+1","Rage"],"picked":"Singing Bowl","floor":31},{"not_picked":["Burning Pact+1","Shockwave","Sever Soul"],"picked":"Singing Bowl","floor":32}],"player_experience":524946,"relics_obtained":[{"floor":9,"key":"Singing Bowl"},{"floor":10,"key":"Oddly Smooth Stone"},{"floor":12,"key":"Incense Burner"},{"floor":14,"key":"Dream Catcher"},{"floor":26,"key":"Girya"},{"floor":27,"key":"Ancient Tea Set"},{"floor":30,"key":"PreservedInsect"}],"event_choices":[{"damage_healed":0,"gold_gain":0,"player_choice":"Donut","damage_taken":0,"max_hp_gain":5,"max_hp_loss":0,"event_name":"Big Fish","floor":5,"gold_loss":0},{"damage_healed":0,"gold_gain":150,"player_choice":"AGREE","damage_taken":0,"max_hp_gain":0,"max_hp_loss":0,"event_name":"Liars Game","floor":7,"gold_loss":0,"cards_obtained":["Doubt"]},{"damage_healed":0,"gold_gain":30,"player_choice":"Searched \u00272\u0027 times","damage_taken":0,"max_hp_gain":0,"max_hp_loss":0,"event_name":"Dead Adventurer","floor":14,"gold_loss":0},{"damage_healed":0,"gold_gain":250,"player_choice":"Bet on Owner","damage_taken":0,"max_hp_gain":0,"max_hp_loss":0,"event_name":"The Joust","floor":19,"gold_loss":50},{"damage_healed":0,"gold_gain":0,"player_choice":"Shed Blood","damage_taken":31,"max_hp_gain":5,"max_hp_loss":0,"event_name":"Forgotten Altar","floor":22,"gold_loss":0}],"is_beta":false,"boss_relics":[{"not_picked":["Eternal Feather","Coffee Dripper"],"picked":"Cursed Key"}],"items_purged_floors":[11,21],"is_endless":false,"potions_floor_spawned":[1,10,14,18,20,30,31],"killed_by":"Champ","ascension_level":18}