{"path_per_floor":["M","?","M","$","M","R","E","M","T","R","M","M","M","M","R","B",null,"M","M","?"],"character_chosen":"DEFECT","items_purchased":["Skim"],"gold_per_floor":[111,186,197,72,90,90,123,139,139,139,149,165,178,198,198,301,301,319,329,329,329],"floor_reached":21,"campfire_rested":2,"playtime":1012,"current_hp_per_floor":[72,61,47,47,41,63,39,35,35,57,49,47,54,54,54,23,75,37,15,15,0],"items_purged":["Strike_B"],"gold":329,"score":185,"play_id":"8972c7f7-8e82-4fb1-b6e7-9257c497b439","local_time":"20180427132649","is_prod":false,"is_daily":false,"chose_seed":false,"is_ascension_mode":false,"campfire_upgraded":1,"timestamp":1524857209,"path_taken":["M","?","M","$","M","R","E","M","T","R","M","M","M","M","R","BOSS","M","M","?","M"],"build_version":"2018-04-26v2","seed_source_timestamp":1375887863960339,"purchased_purges":1,"victory":false,"master_deck":["Strike_B","Strike_B","Strike_B","Defend_B","Defend_B","Defend_B","Defend_B","Zap","Dualcast","Genetic Algorithm+1","Sunder","Skim","Conserve Battery","Gash","White Noise","Chill","Melter","Ball Lightning","Amplify","Amplify","Turbo","Conserve Battery","Reprogram","Heatsinks","Meteor Strike","Tempest","Hello World"],"max_hp_per_floor":[75,75,75,75,75,75,75,75,75,75,75,75,75,75,75,75,75,75,75,75,75],"relics":["Cracked Core","Mercury Hourglass","The Courier","Orrery"],"card_choices":[{"not_picked":["Ball Lightning","Reinforced Body"],"picked":"Genetic Algorithm","floor":1},{"not_picked":["Go for the Eyes","Flux Capacitor"],"picked":"Sunder","floor":3},{"not_picked":["Skim","Leap"],"picked":"Conserve Battery","floor":5},{"not_picked":["Aggregate","Turbo"],"picked":"Gash","floor":7},{"not_picked":["Turbo","Streamline"],"picked":"White Noise","floor":8},{"not_picked":["Hello World","Buffer"],"picked":"Chill","floor":11},{"not_picked":["Streamline","Flux Capacitor"],"picked":"Melter","floor":12},{"not_picked":["FTL","Axe Kick"],"picked":"Ball Lightning","floor":13},{"not_picked":["Stack","Ball Lightning"],"picked":"Amplify","floor":14},{"not_picked":["All For One","Seek"],"picked":"Amplify","floor":16},{"not_picked":["Ball Lightning","Barrage"],"picked":"Turbo","floor":17},{"not_picked":["Genetic Algorithm","Stack"],"picked":"Conserve Battery","floor":17},{"not_picked":["Glacier","Genetic Algorithm"],"picked":"Reprogram","floor":17},{"not_picked":["Rip and Tear","Barrage"],"picked":"Heatsinks","floor":17},{"not_picked":["Beam Cell","Darkness"],"picked":"Meteor Strike","floor":17},{"not_picked":["Impulse","Blaster"],"picked":"Tempest","floor":18},{"not_picked":["Turbo","Darkness"],"picked":"Hello World","floor":19}],"player_experience":292140,"potions_floor_usage":[7,16,16,16],"damage_taken":[{"damage":3,"enemies":"2 Louse","floor":1,"turns":2},{"damage":14,"enemies":"Jaw Worm","floor":3,"turns":4},{"damage":6,"enemies":"Small Slimes","floor":5,"turns":3},{"damage":24,"enemies":"Lagavulin","floor":7,"turns":6},{"damage":4,"enemies":"2 Fungi Beasts","floor":8,"turns":2},{"damage":8,"enemies":"3 Louse","floor":11,"turns":2},{"damage":2,"enemies":"Exordium Wildlife","floor":12,"turns":4},{"damage":0,"enemies":"Large Slime","floor":13,"turns":4},{"damage":0,"enemies":"Exordium Thugs","floor":14,"turns":4},{"damage":31,"enemies":"Hexaghost","floor":16,"turns":10},{"damage":38,"enemies":"Chosen","floor":18,"turns":6},{"damage":22,"enemies":"2 Thieves","floor":19,"turns":5},{"damage":15,"enemies":"Centurion and Healer","floor":21,"turns":1}],"event_choices":[{"event_name":"World of Goop","player_choice":"Gather Gold","floor":2,"damage_taken":0},{"event_name":"Drug Dealer","player_choice":"Ignored","floor":20,"damage_taken":0}],"boss_relics":[{"not_picked":["Velvet Choker","Runic Pyramid"],"picked":"Orrery"}],"potions_floor_spawned":[1,7,11,12],"seed_played":"7343910109888382575","killed_by":"Centurion and Healer","ascension_level":0,"is_trial":false}