{"gold_per_floor":[110,125,300,319,15,15,47,47,129,139,139,165,177,214,226,337,349,372,397,484,134,150,184,200,200,226,226,258,358,283,293,293,398,398,414,425,425,425,425,425,452,452,478,503,503,535,535,567,567,567],"floor_reached":51,"playtime":3077,"items_purged":["Writhe"],"score":1228,"play_id":"61f9c052-657a-4cd7-92dc-75567718c61e","local_time":"20190302150055","daily_mods":["SealedDeck"],"is_ascension_mode":true,"campfire_choices":[{"data":"Streamline","floor":6.0,"key":"SMITH"},{"data":"Defragment","floor":8.0,"key":"SMITH"},{"data":"White Noise","floor":11.0,"key":"SMITH"},{"data":"Double Energy","floor":15.0,"key":"SMITH"},{"data":"Fission","floor":25,"key":"SMITH"},{"floor":27,"key":"REST"},{"data":"Hologram","floor":32,"key":"SMITH"},{"data":"Buffer","floor":40,"key":"SMITH"},{"data":"Secret Technique","floor":42,"key":"SMITH"},{"data":"Skim","floor":45,"key":"SMITH"},{"data":"Darkness","floor":49,"key":"SMITH"}],"neow_cost":"","seed_source_timestamp":311049742826105,"circlet_count":0,"master_deck":["Leap","BootSequence","Double Energy+1","Recycle","Streamline+1","White Noise+1","Defragment+1","Darkness+1","Double Energy","Core Surge","Electrodynamics","Glacier","Coolheaded+1","Fission+1","Defragment+1","All For One+1","Self Repair","Skim+1","White Noise+1","Tempest","Hologram+1","Buffer+1","Coolheaded+1","Leap","Secret Technique+1","Dark Shackles","BootSequence+1","Force Field"],"special_seed":0,"relics":["Cracked Core","Bag of Preparation","Ancient Tea Set","Singing Bowl","MawBank","Dream Catcher","Astrolabe","Gambling Chip","Centennial Puzzle","PreservedInsect","Oddly Smooth Stone","Girya","Sundial","Inserter","Boot","Art of War","Bottled Lightning","The Courier"],"potions_floor_usage":[18,23,28,50],"damage_taken":[{"damage":0.0,"enemies":"2 Louse","floor":1.0,"turns":2.0},{"damage":8.0,"enemies":"Small Slimes","floor":2.0,"turns":3.0},{"damage":0.0,"enemies":"Cultist","floor":4.0,"turns":4.0},{"damage":20.0,"enemies":"Gremlin Nob","floor":7.0,"turns":4.0},{"damage":0.0,"enemies":"Looter","floor":10.0,"turns":2.0},{"damage":0.0,"enemies":"3 Sentries","floor":12.0,"turns":2.0},{"damage":0.0,"enemies":"Gremlin Nob","floor":14.0,"turns":4.0},{"damage":0.0,"enemies":"Slime Boss","floor":16.0,"turns":7.0},{"damage":15,"enemies":"3 Byrds","floor":18,"turns":3},{"damage":2,"enemies":"Chosen","floor":19,"turns":4},{"damage":15,"enemies":"Shelled Parasite and Fungi","floor":22,"turns":4},{"damage":24,"enemies":"Slavers","floor":23,"turns":2},{"damage":1,"enemies":"Sentry and Sphere","floor":24,"turns":3},{"damage":10,"enemies":"Book of Stabbing","floor":28,"turns":4},{"damage":0,"enemies":"Colosseum Slavers","floor":29,"turns":2},{"damage":7,"enemies":"Colosseum Nobs","floor":29,"turns":3},{"damage":0,"enemies":"Chosen and Byrds","floor":31,"turns":3},{"damage":21,"enemies":"Automaton","floor":33,"turns":8},{"damage":19,"enemies":"3 Darklings","floor":35,"turns":5},{"damage":0,"enemies":"Orb Walker","floor":36,"turns":3},{"damage":0,"enemies":"Reptomancer","floor":41,"turns":3},{"damage":0,"enemies":"Nemesis","floor":44,"turns":3},{"damage":3,"enemies":"Reptomancer","floor":46,"turns":3},{"damage":0,"enemies":"Giant Head","floor":48,"turns":9},{"damage":27,"enemies":"Donu and Deca","floor":50,"turns":12}],"seed_played":"8403381252097287364","potions_obtained":[{"floor":1.0,"key":"Regen Potion"},{"floor":4.0,"key":"Energy Potion"},{"floor":14.0,"key":"Dexterity Potion"},{"floor":19,"key":"FearPotion"},{"floor":23,"key":"SpeedPotion"},{"floor":24,"key":"Energy Potion"},{"floor":31,"key":"PowerPotion"},{"floor":41,"key":"EssenceOfSteel"}],"is_trial":true,"path_per_floor":["M","M","?","M","$","R","E","R","T","M","R","E","?","E","R","B",null,"M","M","?","$","M","E","M","R","T","R","E","?","?","M","R","B",null,"M","M","?","?","?","R","E","R","T","E","R","E","?","E","R","B",null],"character_chosen":"DEFECT","items_purchased":["Bag of Preparation","Core Surge","Gambling Chip"],"campfire_rested":1,"item_purchase_floors":[5,5,21],"current_hp_per_floor":[75,67,67,67,67,67,47,47,47,47,47,47,47,47,47,47,68,53,58,51,51,43,26,34,34,34,57,49,42,42,44,44,30,70,51,58,50,50,50,50,52,52,52,52,52,51,51,58,58,31],"gold":567,"neow_bonus":"","is_prod":false,"is_daily":false,"chose_seed":false,"campfire_upgraded":10,"win_rate":0,"timestamp":1551535255,"path_taken":["M","M","?","M","$","R","E","R","T","M","R","E","?","E","R","BOSS","M","?","?","?","M","E","M","R","T","R","E","?","?","M","R","BOSS","M","M","?","?","?","R","E","R","T","E","R","E","?","E","R","BOSS"],"build_version":"2019-01-23","purchased_purges":1,"victory":true,"max_hp_per_floor":[75,75,75,75,75,75,75,75,75,75,75,75,75,75,75,75,75,75,75,75,75,75,77,79,79,79,79,81,81,81,83,83,83,83,83,83,85,81,81,81,83,83,83,83,83,85,85,85,85,85],"card_choices":[{"not_picked":["Turbo","Stack","Steam"],"picked":"SKIP","floor":1.0},{"not_picked":["Go for the Eyes","Scrape"],"picked":"Darkness","floor":2.0},{"not_picked":["Sweeping Beam","Chaos"],"picked":"Double Energy","floor":4.0},{"not_picked":["All For One","Auto Shields"],"picked":"Electrodynamics","floor":7.0},{"not_picked":["Undo","Steam"],"picked":"Glacier","floor":10.0},{"not_picked":["Fusion","Turbo"],"picked":"Coolheaded","floor":12.0},{"not_picked":["Multi-Cast","Cold Snap"],"picked":"Ball Lightning","floor":14.0},{"not_picked":["Rainbow","Reboot"],"picked":"Fission","floor":16.0},{"not_picked":["Reprogram","Barrage"],"picked":"Self Repair","floor":18},{"not_picked":["Conserve Battery+1","Cold Snap"],"picked":"Skim","floor":19},{"not_picked":["Steam","Sweeping Beam"],"picked":"White Noise+1","floor":22},{"not_picked":["Conserve Battery","Barrage+1","Gash"],"picked":"Singing Bowl","floor":23},{"not_picked":["Heatsinks","Coolheaded","Reboot"],"picked":"Singing Bowl","floor":24},{"not_picked":["Loop","Streamline"],"picked":"Tempest","floor":27},{"not_picked":["Leap","Recycle","Storm"],"picked":"Singing Bowl","floor":28},{"not_picked":["Ball Lightning+1","Coolheaded+1"],"picked":"Hologram","floor":29},{"not_picked":["Coolheaded","Recycle","Reinforced Body+1"],"picked":"Singing Bowl","floor":31},{"not_picked":["Meteor Strike","Amplify"],"picked":"Buffer","floor":33},{"not_picked":["Turbo","Hologram"],"picked":"Coolheaded+1","floor":35},{"not_picked":["Genetic Algorithm","Sweeping Beam+1"],"picked":"Leap","floor":36},{"not_picked":["Good Instincts","Jack Of All Trades"],"picked":"Secret Technique","floor":37},{"not_picked":["Purity","Swift Strike"],"picked":"Dark Shackles","floor":37},{"not_picked":["Flash of Steel","HandOfGreed","Blind"],"picked":"Singing Bowl","floor":37},{"not_picked":["Beam Cell","Gash+1","Ball Lightning"],"picked":"Singing Bowl","floor":41},{"not_picked":["Rebound+1","Chaos+1"],"picked":"BootSequence+1","floor":44},{"not_picked":["Stack","Sweeping Beam","Ball Lightning+1"],"picked":"Singing Bowl","floor":46},{"not_picked":["Fusion","Rebound+1"],"picked":"Force Field","floor":48}],"player_experience":307142,"relics_obtained":[{"floor":7.0,"key":"Ancient Tea Set"},{"floor":9.0,"key":"Singing Bowl"},{"floor":12.0,"key":"MawBank"},{"floor":14.0,"key":"Dream Catcher"},{"floor":23,"key":"Centennial Puzzle"},{"floor":26,"key":"PreservedInsect"},{"floor":28,"key":"Oddly Smooth Stone"},{"floor":29,"key":"Girya"},{"floor":29,"key":"Sundial"},{"floor":41,"key":"Boot"},{"floor":44,"key":"Art of War"},{"floor":46,"key":"Bottled Lightning"},{"floor":48,"key":"The Courier"}],"event_choices":[{"damage_healed":0.0,"max_hp_gain":0.0,"max_hp_loss":0.0,"gold_gain":175.0,"event_name":"Liars Game","player_choice":"AGREE","floor":3.0,"gold_loss":0.0,"damage_taken":0.0,"cards_obtained":["Doubt"]},{"damage_healed":0.0,"max_hp_gain":0.0,"max_hp_loss":0.0,"gold_gain":0.0,"event_name":"Upgrade Shrine","player_choice":"Upgraded","floor":13.0,"gold_loss":0.0,"damage_taken":0.0,"cards_upgraded":["Coolheaded"]},{"damage_healed":0,"gold_gain":75,"player_choice":"Touch","damage_taken":7,"max_hp_gain":0,"max_hp_loss":0,"event_name":"FaceTrader","floor":20,"gold_loss":0},{"damage_healed":0,"gold_gain":0,"player_choice":"Fight","damage_taken":0,"max_hp_gain":0,"max_hp_loss":0,"event_name":"Colosseum","floor":29,"gold_loss":0},{"damage_healed":0,"gold_gain":0,"player_choice":"Fought Nobs","damage_taken":0,"max_hp_gain":0,"max_hp_loss":0,"event_name":"Colosseum","floor":29,"gold_loss":0},{"cards_removed":["Blizzard"],"damage_healed":0,"gold_gain":0,"player_choice":"Gave Gold","damage_taken":0,"max_hp_gain":0,"max_hp_loss":0,"event_name":"Beggar","floor":30,"gold_loss":75},{"damage_healed":0,"gold_gain":0,"player_choice":"Memory 3","damage_taken":10,"max_hp_gain":0,"max_hp_loss":0,"event_name":"SensoryStone","floor":37,"gold_loss":0},{"damage_healed":0,"gold_gain":0,"player_choice":"Max HP","damage_taken":0,"max_hp_gain":0,"max_hp_loss":4,"event_name":"Winding Halls","floor":38,"gold_loss":0},{"damage_healed":0,"gold_gain":0,"player_choice":"Ignored","damage_taken":0,"max_hp_gain":0,"max_hp_loss":0,"event_name":"Tomb of Lord Red Mask","floor":39,"gold_loss":0},{"cards_removed":["Ball Lightning"],"damage_healed":0,"gold_gain":0,"player_choice":"Removed Attack","damage_taken":0,"max_hp_gain":0,"max_hp_loss":0,"event_name":"Falling","floor":47,"gold_loss":0}],"is_beta":false,"boss_relics":[{"not_picked":["Black Star","Runic Dome"],"picked":"Astrolabe"},{"not_picked":["Tiny House","Velvet Choker"],"picked":"Inserter"}],"items_purged_floors":[21],"is_endless":false,"potions_floor_spawned":[1,4,14,16,19,23,24,29,31,35,41,46],"ascension_level":5}