{"gold_per_floor":[117,129,142,160,173,203,226,226,226,226,10,38,55,20,20,124,124,137,97,111,126,140,140],"floor_reached":23,"playtime":2367,"items_purged":[],"score":280,"play_id":"23e99d02-4851-4463-a599-9717a75e5776","local_time":"20190128215904","is_ascension_mode":false,"campfire_choices":[{"data":"Limit Break","floor":8,"key":"SMITH"},{"data":"Bash","floor":10,"key":"SMITH"},{"data":"Flex","floor":15,"key":"SMITH"}],"neow_cost":"NONE","seed_source_timestamp":32276510281783,"circlet_count":0,"master_deck":["Strike_R","Strike_R","Strike_R","Strike_R","Strike_R","Defend_R","Defend_R","Defend_R","Defend_R","Bash+1","Dropkick","Battle Trance+1","Seeing Red","Headbutt","Limit Break+1","Heavy Blade","Shockwave","Flex+1","Heavy Blade","Inflame+1","Headbutt","Pommel Strike","Headbutt","Limit Break","Intimidate+1","Cleave","Headbutt","Perfected Strike"],"relics":["Burning Blood","Gremlin Horn","Odd Mushroom","Orichalcum","Lantern","Coffee Dripper"],"potions_floor_usage":[6,6],"damage_taken":[{"damage":9,"enemies":"Cultist","floor":1,"turns":4},{"damage":5,"enemies":"Small Slimes","floor":2,"turns":3},{"damage":6,"enemies":"Jaw Worm","floor":3,"turns":3},{"damage":36,"enemies":"Exordium Thugs","floor":4,"turns":7},{"damage":16,"enemies":"Large Slime","floor":5,"turns":6},{"damage":6,"enemies":"Gremlin Nob","floor":6,"turns":3},{"damage":21,"enemies":"The Mushroom Lair","floor":7,"turns":4},{"damage":14,"enemies":"Lagavulin","floor":12,"turns":4},{"damage":0,"enemies":"2 Fungi Beasts","floor":13,"turns":2},{"damage":0,"enemies":"Slime Boss","floor":16,"turns":5},{"damage":34,"enemies":"Spheric Guardian","floor":18,"turns":6},{"damage":2,"enemies":"3 Byrds","floor":20,"turns":4},{"damage":4,"enemies":"Cultist and Chosen","floor":21,"turns":3},{"damage":25,"enemies":"Snake Plant","floor":22,"turns":4},{"damage":51,"enemies":"Book of Stabbing","floor":23,"turns":4}],"seed_played":"4303919167526438187","potions_obtained":[{"floor":1,"key":"SteroidPotion"},{"floor":5,"key":"SkillPotion"},{"floor":6,"key":"Block Potion"},{"floor":7,"key":"Explosive Potion"},{"floor":16,"key":"FearPotion"}],"is_trial":false,"path_per_floor":["M","M","M","M","M","E","?","R","T","R","$","E","M","?","R","B",null,"M","?","M","M","M","E"],"character_chosen":"IRONCLAD","items_purchased":["Flex","Heavy Blade","Inflame","Headbutt"],"campfire_rested":0,"item_purchase_floors":[11,11,11,11],"current_hp_per_floor":[85,86,86,56,46,46,31,31,31,31,31,23,29,51,51,57,88,60,60,64,66,47,0],"gold":140,"neow_bonus":"TEN_PERCENT_HP_BONUS","is_prod":false,"is_daily":false,"chose_seed":false,"campfire_upgraded":3,"win_rate":0.0,"timestamp":1548709144,"path_taken":["M","?","M","M","M","E","?","R","T","R","$","E","M","?","R","BOSS","M","?","M","M","M","E"],"build_version":"2019-01-23","purchased_purges":0,"victory":false,"max_hp_per_floor":[88,88,88,88,88,88,88,88,88,88,88,88,88,88,88,88,88,88,88,88,88,88,88],"card_choices":[{"not_picked":["Blood for Blood","Clash"],"picked":"Dropkick","floor":1},{"not_picked":["True Grit","Feel No Pain"],"picked":"Battle Trance","floor":2},{"not_picked":["True Grit","Sword Boomerang"],"picked":"Seeing Red","floor":3},{"not_picked":["Pommel Strike","Body Slam"],"picked":"Headbutt","floor":4},{"not_picked":["Shrug It Off","Ghostly Armor"],"picked":"Limit Break","floor":5},{"not_picked":["Uppercut","Clash"],"picked":"Heavy Blade","floor":6},{"not_picked":["Clothesline","Burning Pact"],"picked":"Shockwave","floor":7},{"not_picked":["Body Slam","Juggernaut"],"picked":"Pommel Strike","floor":12},{"not_picked":["Metallicize","Anger"],"picked":"Headbutt","floor":13},{"not_picked":["Brutality","Bludgeon"],"picked":"Limit Break","floor":16},{"not_picked":["True Grit","Fire Breathing"],"picked":"Intimidate+1","floor":18},{"not_picked":["True Grit+1","Twin Strike"],"picked":"Cleave","floor":20},{"not_picked":["Fire Breathing","Carnage"],"picked":"Headbutt","floor":21},{"not_picked":["Armaments","Body Slam"],"picked":"Perfected Strike","floor":22}],"player_experience":14162,"relics_obtained":[{"floor":6,"key":"Gremlin Horn"},{"floor":7,"key":"Odd Mushroom"},{"floor":9,"key":"Orichalcum"},{"floor":12,"key":"Lantern"}],"event_choices":[{"damage_healed":0,"gold_gain":0,"player_choice":"Fought Mushrooms","damage_taken":0,"max_hp_gain":0,"max_hp_loss":0,"event_name":"Mushrooms","floor":7,"gold_loss":0},{"damage_healed":22,"gold_gain":0,"player_choice":"Healed","damage_taken":0,"max_hp_gain":0,"max_hp_loss":0,"event_name":"The Cleric","floor":14,"gold_loss":35},{"damage_healed":0,"gold_gain":0,"player_choice":"Upgraded Two","damage_taken":0,"max_hp_gain":0,"max_hp_loss":0,"event_name":"Designer","floor":19,"gold_loss":40,"cards_upgraded":["Inflame","Battle Trance"]}],"is_beta":false,"boss_relics":[{"not_picked":["Snecko Eye","Astrolabe"],"picked":"Coffee Dripper"}],"items_purged_floors":[],"is_endless":false,"potions_floor_spawned":[1,5,6,7,16,20,22],"killed_by":"Book of Stabbing","ascension_level":0}