{"gold_per_floor":[367,7,24,36,36,36,61,75,151,172,172,196,220,13,13,13],"floor_reached":16,"playtime":1059,"items_purged":[],"score":96,"play_id":"358b76c8-83fa-48d6-8bee-289269e282ab","local_time":"20190129060010","is_ascension_mode":false,"campfire_choices":[{"data":"Fusion","floor":6,"key":"SMITH"},{"floor":11,"key":"REST"},{"floor":15,"key":"REST"}],"neow_cost":"PERCENT_DAMAGE","seed_source_timestamp":419398520614100,"circlet_count":0,"master_deck":["Strike_B","Strike_B","Strike_B","Strike_B","Defend_B","Defend_B","Defend_B","Defend_B","Zap","Dualcast","Melter","FTL","Loop","Sweeping Beam","Double Energy","Fusion+1","Beam Cell","Go for the Eyes","Capacitor","Steam","Static Discharge","Leap"],"relics":["Cracked Core","ClockworkSouvenir","Golden Idol","Kunai","Regal Pillow"],"potions_floor_usage":[12],"damage_taken":[{"damage":4,"enemies":"2 Louse","floor":1,"turns":3},{"damage":1,"enemies":"Cultist","floor":3,"turns":3},{"damage":6,"enemies":"Jaw Worm","floor":4,"turns":2},{"damage":5,"enemies":"Looter","floor":7,"turns":3},{"damage":16,"enemies":"Lots of Slimes","floor":8,"turns":3},{"damage":11,"enemies":"Large Slime","floor":10,"turns":5},{"damage":3,"enemies":"Red Slaver","floor":12,"turns":3},{"damage":19,"enemies":"Lots of Slimes","floor":13,"turns":3},{"damage":47,"enemies":"Slime Boss","floor":16,"turns":6}],"seed_played":"-4559262181187328973","potions_obtained":[{"floor":3,"key":"Explosive Potion"},{"floor":7,"key":"Swift Potion"},{"floor":10,"key":"Ancient Potion"},{"floor":12,"key":"SmokeBomb"}],"is_trial":false,"path_per_floor":["M","$","M","M","?","R","M","M","T","M","R","M","M","$","R","B"],"character_chosen":"DEFECT","items_purchased":["FTL","Loop","Sweeping Beam","ClockworkSouvenir","Regal Pillow","Leap"],"campfire_rested":2,"item_purchase_floors":[2,2,2,2,14,14],"current_hp_per_floor":[50,50,49,43,43,43,38,22,22,11,31,28,9,9,44,0],"gold":13,"neow_bonus":"TWO_FIFTY_GOLD","is_prod":false,"is_daily":false,"chose_seed":false,"campfire_upgraded":1,"win_rate":0.0,"timestamp":1548702010,"path_taken":["M","$","M","M","?","R","M","M","T","M","R","M","M","$","R","BOSS"],"build_version":"2019-01-23","purchased_purges":0,"victory":false,"max_hp_per_floor":[75,75,75,75,69,69,69,69,69,69,69,69,69,69,69,69],"card_choices":[{"not_picked":["Barrage","Aggregate"],"picked":"Melter","floor":1},{"not_picked":["Sweeping Beam","Blizzard"],"picked":"Double Energy","floor":3},{"not_picked":["Turbo","Rebound"],"picked":"Fusion","floor":4},{"not_picked":["Streamline","Conserve Battery"],"picked":"Beam Cell","floor":7},{"not_picked":["Cold Snap","Ball Lightning"],"picked":"Go for the Eyes","floor":8},{"not_picked":["Fusion","Beam Cell"],"picked":"Capacitor","floor":10},{"not_picked":["Buffer","Compile Driver"],"picked":"Steam","floor":12},{"not_picked":["Darkness","Blizzard"],"picked":"Static Discharge","floor":13}],"player_experience":40490,"relics_obtained":[{"floor":9,"key":"Kunai"}],"event_choices":[{"damage_healed":0,"gold_gain":0,"player_choice":"Lose Max HP","damage_taken":0,"relics_obtained":["Golden Idol"],"max_hp_gain":0,"max_hp_loss":6,"event_name":"Golden Idol","floor":5,"gold_loss":0}],"is_beta":false,"boss_relics":[],"items_purged_floors":[],"is_endless":false,"potions_floor_spawned":[3,7,10,12],"killed_by":"Slime Boss","ascension_level":0}