{"path_per_floor":["M","$","?","?","?","E","R","E","T","E","$","M","E","M","R","B",null,"M","M","?","?"],"character_chosen":"THE_SILENT","items_purchased":["Well Laid Plans","Finisher","Apotheosis"],"gold_per_floor":[115,7,107,107,107,141,141,170,170,205,23,38,64,81,81,183,213,231,248,248,173],"floor_reached":22,"campfire_rested":2,"playtime":1657,"current_hp_per_floor":[66,66,66,66,71,41,63,35,35,29,29,29,28,28,67,67,87,40,33,17,17],"items_purged":[],"gold":173,"play_id":"3c690209-c173-40b3-94e4-6b4d14a29d8b","is_prod":false,"is_daily":false,"campfire_rituals":0,"campfire_upgraded":0,"is_hardmode":false,"path_taken":["M","?","?","?","?","E","R","E","T","E","?","M","E","?","R","BOSS","M","M","?","?","M"],"build_version":"2017-12-21-PROD1","purchased_purges":0,"victory":false,"master_deck":["Defend_G","Defend_G","Defend_G","Defend_G","Defend_G","Strike_G","Strike_G","Strike_G","Strike_G","Survivor","Neutralize","Quick Slash","Well Laid Plans","Finisher","Quick Slash","Dash","Apotheosis","Blade Dance","Outmaneuver","Finisher","Adrenaline","Finisher","Backflip","Finisher"],"max_hp_per_floor":[70,70,70,70,75,75,75,75,75,82,82,82,82,82,82,82,87,87,87,87,87],"relics":["Ring of the Snake","Pantograph","Frozen Egg","Regal Pillow","Strawberry","Molten Egg","Tiny House","Nilry\u0027s Codex"],"campfire_meditates":0,"card_choices":[{"not_picked":["Calculated Gamble","Sucker Punch"],"picked":"Quick Slash"},{"not_picked":["Dagger Throw","Prepared"],"picked":"A Thousand Cuts"},{"not_picked":["Leg Sweep","Poisoned Stab"],"picked":"Quick Slash"},{"not_picked":["Deadly Poison","Acrobatics"],"picked":"Dash"},{"not_picked":["Skewer","Slice"],"picked":"Blade Dance"},{"not_picked":["Poisoned Stab","Leg Sweep"],"picked":"Outmaneuver"},{"not_picked":["Bane","Riddle With Holes"],"picked":"Finisher"},{"not_picked":["Glass Knife","Bullet Time"],"picked":"Adrenaline"},{"not_picked":["Dash","Dagger Spray"],"picked":"Finisher"},{"not_picked":["Dagger Spray","Footwork"],"picked":"Backflip"},{"not_picked":["Dodge and Roll","Poisoned Stab"],"picked":"Finisher"}],"player_experience":11763,"potions_floor_usage":[],"damage_taken":[{"damage":4,"enemies":"Blue Slaver","floor":1,"turns":8},{"damage":30,"enemies":"Gremlin Nob","floor":6,"turns":5},{"damage":28,"enemies":"3 Sentries","floor":8,"turns":7},{"damage":13,"enemies":"Lagavulin","floor":10,"turns":6},{"damage":0,"enemies":"Cultist","floor":12,"turns":2},{"damage":1,"enemies":"Gremlin Nob","floor":13,"turns":3},{"damage":0,"enemies":"Jaw Worm","floor":14,"turns":1},{"damage":15,"enemies":"Slime Boss","floor":16,"turns":7},{"damage":47,"enemies":"2 Thieves","floor":18,"turns":4},{"damage":7,"enemies":"Shell Parasite","floor":19,"turns":3},{"damage":30,"enemies":"Sentry and Sphere","floor":22,"turns":3}],"event_choices":[{"event_name":"Golden Shrine","player_choice":"Pray","floor":3,"damage_taken":0},{"event_name":"Bonfire Elementals","player_choice":"ATTACK","floor":4,"damage_taken":0},{"event_name":"Big Fish","player_choice":"Donut","floor":5,"damage_taken":0},{"event_name":"Cursed Tome","player_choice":"Obtained Book","floor":20,"damage_taken":0},{"event_name":"Beggar","player_choice":"Gave Gold","floor":21,"damage_taken":0}],"boss_relics":[{"not_picked":["Velvet Choker","Sozu"],"picked":"Tiny House"}],"potions_floor_spawned":[1,6,8],"seed_played":"-1607284289529461036","killed_by":"Sentry and Sphere","is_trial":false}