{"gold_per_floor":[109,184,184,234,7,7,32,46,97,124,144,155,155,183,183,260,260,234,234,234,246,264,264,297,297,343,20,20,32,43,43,43,43],"floor_reached":33,"playtime":1097,"items_purged":[],"score":616,"play_id":"70d7ff15-de8d-4da2-9d25-80a8ed3428f5","local_time":"20181129192710","is_ascension_mode":true,"campfire_choices":[{"data":"Shrug It Off","floor":6,"key":"SMITH"},{"data":"Double Tap","floor":13,"key":"SMITH"},{"floor":15,"key":"REST"},{"floor":23,"key":"REST"},{"data":"Inflame","floor":25,"key":"SMITH"},{"data":"Bludgeon","floor":28,"key":"SMITH"},{"floor":32,"key":"REST"}],"neow_cost":"NONE","seed_source_timestamp":1317633798915230,"circlet_count":0,"master_deck":["AscendersBane","Strike_R+1","Strike_R+1","Strike_R+1","Strike_R+1","Strike_R+1","Defend_R+1","Defend_R+1","Defend_R+1","Defend_R+1","Bash+1","Shrug It Off+1","Shrug It Off","Intimidate","Double Tap+1","Shockwave","Bludgeon+1","Havoc+1","Inflame+1","Warcry","Ghostly Armor","Feed","Armaments+1"],"relics":["Burning Blood","NeowsBlessing","Bag of Marbles","Letter Opener","Centennial Puzzle","Pear","Torii","Mark of Pain","Self Forming Clay","Ancient Tea Set","Bird Faced Urn"],"potions_floor_usage":[10,10,14,16,18,24,33,33,33,33],"damage_taken":[{"damage":0,"enemies":"Jaw Worm","floor":1,"turns":1},{"damage":0,"enemies":"Gremlin Nob","floor":7,"turns":1},{"damage":0,"enemies":"Small Slimes","floor":8,"turns":1},{"damage":27,"enemies":"3 Sentries","floor":10,"turns":10},{"damage":0,"enemies":"2 Louse","floor":11,"turns":2},{"damage":1,"enemies":"Blue Slaver","floor":12,"turns":4},{"damage":32,"enemies":"Gremlin Nob","floor":14,"turns":4},{"damage":41,"enemies":"The Guardian","floor":16,"turns":19},{"damage":17,"enemies":"2 Thieves","floor":18,"turns":4},{"damage":0,"enemies":"Chosen","floor":21,"turns":2},{"damage":7,"enemies":"Snecko","floor":22,"turns":5},{"damage":24,"enemies":"Book of Stabbing","floor":24,"turns":4},{"damage":4,"enemies":"Centurion and Healer","floor":29,"turns":4},{"damage":7,"enemies":"Shelled Parasite and Fungi","floor":30,"turns":3},{"damage":103,"enemies":"Collector","floor":33,"turns":8}],"seed_played":"7348097020138826412","potions_obtained":[{"floor":7,"key":"SteroidPotion"},{"floor":10,"key":"Ancient Potion"},{"floor":11,"key":"SteroidPotion"},{"floor":12,"key":"Dexterity Potion"},{"floor":16,"key":"Weak Potion"},{"floor":21,"key":"Weak Potion"},{"floor":29,"key":"EntropicBrew"},{"floor":30,"key":"Fire Potion"}],"is_trial":false,"path_per_floor":["M","?","?","?","$","R","E","M","T","E","M","M","R","E","R","B",null,"M","?","?","M","M","R","E","R","T","$","R","M","M","?","R","B"],"character_chosen":"IRONCLAD","items_purchased":["Bag of Marbles","Strength Potion","Bird Faced Urn"],"campfire_rested":3,"item_purchase_floors":[5,5,27],"current_hp_per_floor":[74,63,40,40,40,40,46,52,52,41,47,52,52,26,51,16,68,57,32,32,38,37,64,46,46,46,46,46,50,52,52,79,0],"gold":43,"neow_bonus":"THREE_ENEMY_KILL","is_prod":false,"is_daily":false,"chose_seed":false,"campfire_upgraded":4,"win_rate":0,"timestamp":1543537630,"path_taken":["M","?","?","?","?","R","E","M","T","E","M","M","R","E","R","BOSS","M","?","?","M","M","R","E","R","T","$","R","M","M","?","R","BOSS"],"build_version":"2018-11-15","purchased_purges":0,"victory":false,"max_hp_per_floor":[75,75,75,75,75,75,75,75,75,85,85,85,85,85,85,85,85,85,90,90,90,90,90,90,90,90,90,90,90,93,93,93,93],"card_choices":[{"not_picked":["Clash","Flame Barrier"],"picked":"Shrug It Off","floor":1},{"not_picked":["Perfected Strike","Exhume"],"picked":"Shrug It Off","floor":7},{"not_picked":["Havoc","Clothesline"],"picked":"Intimidate","floor":8},{"not_picked":["Twin Strike","Sword Boomerang"],"picked":"Double Tap","floor":10},{"not_picked":["Cleave","Clothesline"],"picked":"Shockwave","floor":11},{"not_picked":["Sever Soul","Clash","Heavy Blade"],"picked":"SKIP","floor":12},{"not_picked":["Wild Strike","Anger","Perfected Strike"],"picked":"SKIP","floor":14},{"not_picked":["Impervious","Immolate"],"picked":"Bludgeon","floor":16},{"not_picked":["Pommel Strike","Clash"],"picked":"Havoc+1","floor":18},{"not_picked":["Body Slam","Twin Strike"],"picked":"Inflame","floor":21},{"not_picked":["Wild Strike","Thunderclap+1"],"picked":"Warcry","floor":22},{"not_picked":["Sword Boomerang","Cleave"],"picked":"Ghostly Armor","floor":24},{"not_picked":["Armaments","Thunderclap"],"picked":"Feed","floor":29},{"not_picked":["Flame Barrier","Havoc"],"picked":"Armaments+1","floor":30}],"player_experience":550139,"relics_obtained":[{"floor":7,"key":"Letter Opener"},{"floor":9,"key":"Centennial Puzzle"},{"floor":10,"key":"Pear"},{"floor":14,"key":"Torii"},{"floor":24,"key":"Self Forming Clay"},{"floor":26,"key":"Ancient Tea Set"}],"event_choices":[{"damage_healed":0,"gold_gain":75,"player_choice":"Gather Gold","damage_taken":11,"max_hp_gain":0,"max_hp_loss":0,"event_name":"World of Goop","floor":2,"gold_loss":0},{"damage_healed":0,"gold_gain":0,"player_choice":"Entered Light","damage_taken":23,"max_hp_gain":0,"max_hp_loss":0,"event_name":"Shining Light","floor":3,"gold_loss":0,"cards_upgraded":["Bash","Defend_R"]},{"damage_healed":0,"gold_gain":50,"player_choice":"Gained Gold","damage_taken":0,"max_hp_gain":0,"max_hp_loss":0,"event_name":"Golden Wing","floor":4,"gold_loss":0},{"damage_healed":0,"gold_gain":0,"player_choice":"Shed Blood","damage_taken":30,"max_hp_gain":5,"max_hp_loss":0,"event_name":"Forgotten Altar","floor":19,"gold_loss":0},{"damage_healed":0,"gold_gain":0,"player_choice":"Ignored","damage_taken":0,"max_hp_gain":0,"max_hp_loss":0,"event_name":"Ghosts","floor":20,"gold_loss":0},{"damage_healed":0,"gold_gain":0,"player_choice":"Simplicity","damage_taken":0,"max_hp_gain":0,"max_hp_loss":0,"event_name":"Back to Basics","floor":31,"gold_loss":0,"cards_upgraded":["Strike_R","Strike_R","Strike_R","Strike_R","Strike_R","Defend_R","Defend_R","Defend_R"]}],"is_beta":false,"boss_relics":[{"not_picked":["Cursed Key","Calling Bell"],"picked":"Mark of Pain"}],"items_purged_floors":[],"is_endless":false,"potions_floor_spawned":[7,10,11,12,16,21,29,30],"killed_by":"Collector","ascension_level":20}