{"path_per_floor":["M","?","M","?","?","E","?","M","T","M","$","R","M","M","R","B",null,"M","?","M","$","?"],"character_chosen":"IRONCLAD","items_purchased":["Panache","Dual Wield","Dual Wield","Metallicize"],"gold_per_floor":[112,62,80,80,80,108,208,227,227,239,17,17,30,50,50,146,176,191,116,135,18,18],"floor_reached":23,"campfire_rested":2,"playtime":1344,"current_hp_per_floor":[61,61,57,57,57,35,35,41,41,27,27,54,44,50,77,13,95,63,63,56,56,87],"items_purged":[],"gold":18,"play_id":"e92cdc11-e9be-41f4-92ea-14cb46db8b25","is_prod":false,"is_daily":false,"campfire_rituals":0,"campfire_upgraded":0,"is_hardmode":false,"path_taken":["M","?","M","?","?","E","?","M","T","?","?","R","M","M","R","BOSS","M","?","M","$","?","E"],"build_version":"2017-12-21-PROD1","purchased_purges":0,"victory":false,"master_deck":["Strike_R","Strike_R","Strike_R","Defend_R","Defend_R","Defend_R","Defend_R","Bash","Thunderclap","Flex","Feel No Pain","Bludgeon","Wild Strike","Panache","Dual Wield","Anger","Infernal Blade","Feed","Dual Wield","Hemokinesis","Seeing Red","Dual Wield","Metallicize"],"max_hp_per_floor":[80,80,80,80,80,90,90,90,90,90,90,90,90,90,90,90,95,95,95,95,95,95],"relics":["Burning Blood","Pear","Shovel","Tiny House"],"campfire_meditates":0,"card_choices":[{"not_picked":["Dropkick","Havoc"],"picked":"Body Slam"},{"not_picked":["Clothesline","Pummel"],"picked":"Thunderclap"},{"not_picked":["Sever Soul","True Grit"],"picked":"Flex"},{"not_picked":["Havoc","Bloodletting"],"picked":"Feel No Pain"},{"not_picked":["Sword Boomerang","Battle Trance"],"picked":"Bludgeon"},{"not_picked":["Shrug It Off","Feel No Pain"],"picked":"Wild Strike"},{"not_picked":["Inflame","Body Slam"],"picked":"Anger"},{"not_picked":["Rage","Second Wind"],"picked":"Infernal Blade"},{"not_picked":["Impervious","Limit Break"],"picked":"Feed"},{"not_picked":["Clash","Twin Strike"],"picked":"Dual Wield"},{"not_picked":["Spot Weakness","Second Wind"],"picked":"Hemokinesis"},{"not_picked":["Anger","Spot Weakness"],"picked":"Seeing Red"}],"player_experience":52774,"potions_floor_usage":[10,20,20],"damage_taken":[{"damage":25,"enemies":"Jaw Worm","floor":1,"turns":4},{"damage":10,"enemies":"Looter","floor":3,"turns":3},{"damage":38,"enemies":"Gremlin Nob","floor":6,"turns":5},{"damage":0,"enemies":"Cultist","floor":8,"turns":3},{"damage":20,"enemies":"Exordium Thugs","floor":10,"turns":3},{"damage":16,"enemies":"Red Slaver","floor":13,"turns":3},{"damage":0,"enemies":"2 Fungi Beasts","floor":14,"turns":2},{"damage":70,"enemies":"The Guardian","floor":16,"turns":10},{"damage":38,"enemies":"Chosen","floor":18,"turns":9},{"damage":13,"enemies":"2 Thieves","floor":20,"turns":2},{"damage":99,"enemies":"Gremlin Leader","floor":23,"turns":5}],"event_choices":[{"event_name":"The Cleric","player_choice":"Card Removal","floor":2,"damage_taken":0},{"event_name":"Bonfire Elementals","player_choice":"ATTACK","floor":4,"damage_taken":0},{"event_name":"Golden Wing","player_choice":"Ignored","floor":5,"damage_taken":0},{"event_name":"Golden Shrine","player_choice":"Pray","floor":7,"damage_taken":0},{"event_name":"Beggar","player_choice":"Gave Gold","floor":19,"damage_taken":0},{"event_name":"The Library","player_choice":"Heal","floor":22,"damage_taken":0}],"boss_relics":[{"not_picked":["Question Card","Cursed Key"],"picked":"Tiny House"}],"potions_floor_spawned":[6,10,14,18],"seed_played":"-5212443446187257277","killed_by":"Gremlin Leader","is_trial":false}