{"gold_per_floor":[115,129,129,139,11,11,27,60,60,60,72,103,103,137,137,214,214,229,229,246,68,68],"floor_reached":22,"playtime":971,"items_purged":["Regret"],"score":388,"play_id":"0ab19fce-bdab-4b57-8f03-1cff1647dc2c","local_time":"20181201114543","is_ascension_mode":true,"campfire_choices":[{"data":"Cloak And Dagger","floor":6,"key":"SMITH"},{"data":"Backstab","floor":10,"key":"SMITH"},{"floor":13,"key":"REST"},{"data":"Deadly Poison","floor":15,"key":"SMITH"}],"neow_cost":"NONE","seed_source_timestamp":1462871855786392,"circlet_count":0,"master_deck":["AscendersBane","Defend_G","Defend_G","Defend_G","Defend_G","Defend_G","Strike_G","Strike_G","Strike_G","Strike_G","Survivor","Neutralize+1","Deadly Poison","Predator","Poisoned Stab","Backstab+1","Cloak And Dagger+1","Deadly Poison+1","Blur","Crippling Poison","Glass Knife","Backflip","Burst","Decay","Regret","Underhanded Strike","PiercingWail","Blur","PiercingWail"],"relics":["Ring of the Snake","Centennial Puzzle","Strawberry","Paper Crane","Shuriken","Calling Bell","Bronze Scales","Mummified Hand","Tough Bandages"],"potions_floor_usage":[8,12,16,18,22],"damage_taken":[{"damage":0,"enemies":"Small Slimes","floor":1,"turns":4},{"damage":6,"enemies":"Cultist","floor":2,"turns":4},{"damage":4,"enemies":"2 Louse","floor":4,"turns":3},{"damage":3,"enemies":"Blue Slaver","floor":7,"turns":2},{"damage":9,"enemies":"Gremlin Nob","floor":8,"turns":4},{"damage":2,"enemies":"2 Fungi Beasts","floor":11,"turns":4},{"damage":16,"enemies":"Lagavulin","floor":12,"turns":5},{"damage":22,"enemies":"Gremlin Nob","floor":14,"turns":4},{"damage":10,"enemies":"Hexaghost","floor":16,"turns":9},{"damage":10,"enemies":"Shell Parasite","floor":18,"turns":5},{"damage":24,"enemies":"3 Byrds","floor":20,"turns":5},{"damage":7,"enemies":"Cultist and Chosen","floor":22,"turns":3}],"seed_played":"3191546077326707907","potions_obtained":[{"floor":1,"key":"Swift Potion"},{"floor":4,"key":"SkillPotion"},{"floor":7,"key":"GhostInAJar"},{"floor":14,"key":"SkillPotion"},{"floor":16,"key":"GamblersBrew"},{"floor":18,"key":"Strength Potion"},{"floor":20,"key":"Poison Potion"}],"is_trial":false,"path_per_floor":["M","M","?","M","$","R","M","E","T","R","M","E","R","E","R","B",null,"M","?","M","$","M"],"character_chosen":"THE_SILENT","items_purchased":["Backstab","Cloak And Dagger","Blur","PiercingWail"],"campfire_rested":1,"item_purchase_floors":[5,5,21,21],"current_hp_per_floor":[59,53,53,49,49,49,46,37,44,44,42,26,47,25,25,15,59,49,28,4,4,0],"gold":68,"neow_bonus":"UPGRADE_CARD","is_prod":false,"is_daily":false,"chose_seed":false,"campfire_upgraded":3,"win_rate":0,"timestamp":1543682743,"path_taken":["M","M","?","?","?","R","?","E","T","R","M","E","R","E","R","BOSS","M","?","M","$","M"],"build_version":"2018-11-15","purchased_purges":1,"victory":false,"max_hp_per_floor":[66,66,66,66,66,66,66,66,73,73,73,73,73,73,73,73,73,73,78,78,78,78],"card_choices":[{"not_picked":["Well Laid Plans","Acrobatics"],"picked":"Deadly Poison","floor":1},{"not_picked":["Prepared","All Out Attack"],"picked":"Predator","floor":2},{"not_picked":["Prepared","Sucker Punch"],"picked":"Poisoned Stab","floor":4},{"not_picked":["Expertise","Dodge and Roll"],"picked":"Deadly Poison","floor":7},{"not_picked":["PiercingWail","Poisoned Stab"],"picked":"Blur","floor":8},{"not_picked":["Slice","Reflex"],"picked":"Crippling Poison","floor":11},{"not_picked":["Distraction","Endless Agony"],"picked":"Glass Knife","floor":12},{"not_picked":["Dagger Spray","Slice"],"picked":"Backflip","floor":14},{"not_picked":["Night Terror","Envenom"],"picked":"Burst","floor":16},{"not_picked":["Slice","Backflip"],"picked":"Underhanded Strike","floor":18},{"not_picked":["Dodge and Roll","Deflect"],"picked":"PiercingWail","floor":20}],"player_experience":572606,"relics_obtained":[{"floor":8,"key":"Centennial Puzzle"},{"floor":9,"key":"Strawberry"},{"floor":12,"key":"Paper Crane"},{"floor":14,"key":"Shuriken"},{"floor":17,"key":"Bronze Scales"},{"floor":17,"key":"Mummified Hand"},{"floor":17,"key":"Tough Bandages"}],"event_choices":[{"cards_removed":["Strike_G"],"damage_healed":0,"gold_gain":0,"player_choice":"Purged","damage_taken":0,"max_hp_gain":0,"max_hp_loss":0,"event_name":"Purifier","floor":3,"gold_loss":0},{"damage_healed":0,"gold_gain":0,"player_choice":"Shed Blood","damage_taken":26,"max_hp_gain":5,"max_hp_loss":0,"event_name":"Forgotten Altar","floor":19,"gold_loss":0}],"is_beta":false,"boss_relics":[{"not_picked":["Orrery","Empty Cage"],"picked":"Calling Bell"}],"items_purged_floors":[21],"is_endless":false,"potions_floor_spawned":[1,4,7,14,16,18,20],"killed_by":"Cultist and Chosen","ascension_level":18}