{"gold_per_floor":[116,66,76,251,266,266,320,349,374,385,419,431,431,466,466,564,564,574,594,608,6,22,22,47,47,47,47,67,37,37,53,53,156,156,173,186,196,196],"floor_reached":38,"playtime":1760,"items_purged":["Doubt"],"score":749,"play_id":"a7fce329-525c-4660-b6d6-d40ce1937dc9","local_time":"20181103095922","is_ascension_mode":true,"campfire_choices":[{"data":"Zap","floor":6,"key":"SMITH"},{"floor":13,"key":"REST"},{"floor":15,"key":"REST"},{"floor":23,"key":"REST"},{"data":"Defragment","floor":25,"key":"SMITH"},{"data":"Go for the Eyes","floor":30,"key":"SMITH"},{"data":"Darkness","floor":32,"key":"SMITH"}],"neow_cost":"NONE","seed_source_timestamp":412081551049006,"circlet_count":0,"master_deck":["AscendersBane","Defend_B+1","Defend_B","Defend_B","Defend_B+1","Zap+1","Dualcast","Cold Snap","Doom and Gloom","Defragment+1","Ball Lightning","Coolheaded","Hello World","Biased Cognition","Coolheaded","Static Discharge","Go for the Eyes+1","Self Repair","Seek","Darkness+1","Echo Form+1","Defragment+1","Turbo+1","Scrape+1","Static Discharge+1"],"relics":["Cracked Core","Boot","DataDisk","Anchor","Potion Belt","War Paint","Inserter","Orichalcum","Happy Flower","Bronze Scales","Frozen Egg 2","Astrolabe"],"potions_floor_usage":[8,16,16,20,29,33,33,38],"damage_taken":[{"damage":8,"enemies":"Small Slimes","floor":1,"turns":3},{"damage":0,"enemies":"2 Louse","floor":3,"turns":3},{"damage":5,"enemies":"Jaw Worm","floor":5,"turns":3},{"damage":29,"enemies":"Lagavulin","floor":8,"turns":6},{"damage":7,"enemies":"Lots of Slimes","floor":10,"turns":3},{"damage":24,"enemies":"Gremlin Nob","floor":11,"turns":4},{"damage":0,"enemies":"Exordium Wildlife","floor":12,"turns":2},{"damage":15,"enemies":"Lagavulin","floor":14,"turns":4},{"damage":28,"enemies":"Slime Boss","floor":16,"turns":8},{"damage":0,"enemies":"Chosen","floor":18,"turns":5},{"damage":13,"enemies":"3 Byrds","floor":19,"turns":4},{"damage":4,"enemies":"Cultist and Chosen","floor":20,"turns":7},{"damage":21,"enemies":"Centurion and Healer","floor":22,"turns":7},{"damage":29,"enemies":"Book of Stabbing","floor":24,"turns":6},{"damage":1,"enemies":"Sentry and Sphere","floor":28,"turns":4},{"damage":11,"enemies":"Snake Plant","floor":31,"turns":4},{"damage":0,"enemies":"Champ","floor":33,"turns":9},{"damage":26,"enemies":"3 Darklings","floor":35,"turns":5},{"damage":10,"enemies":"3 Shapes","floor":36,"turns":6},{"damage":38,"enemies":"Jaw Worm Horde","floor":37,"turns":4},{"damage":36,"enemies":"3 Darklings","floor":38,"turns":2}],"seed_played":"-2744426888772460050","potions_obtained":[{"floor":3,"key":"AttackPotion"},{"floor":8,"key":"Dexterity Potion"},{"floor":11,"key":"SpeedPotion"},{"floor":18,"key":"GamblersBrew"},{"floor":20,"key":"Dexterity Potion"},{"floor":29,"key":"Fruit Juice"},{"floor":29,"key":"Explosive Potion"},{"floor":31,"key":"SkillPotion"},{"floor":33,"key":"Energy Potion"},{"floor":37,"key":"Explosive Potion"}],"is_trial":false,"path_per_floor":["M","?","M","?","M","R","T","E","T","M","E","M","R","E","R","B",null,"M","M","M","$","M","R","E","R","T","?","M","?","R","M","R","B",null,"M","M","M","M"],"character_chosen":"DEFECT","items_purchased":["Orichalcum","Self Repair","FocusPotion","FocusPotion","Happy Flower"],"campfire_rested":3,"item_purchase_floors":[21,21,21,21,21],"current_hp_per_floor":[67,67,67,67,62,62,62,33,33,26,2,2,26,11,35,7,63,63,50,46,46,32,56,34,34,34,61,67,72,72,68,68,75,84,65,62,31,0],"gold":196,"neow_bonus":"TEN_PERCENT_HP_BONUS","is_prod":false,"is_daily":false,"chose_seed":false,"campfire_upgraded":4,"win_rate":0,"timestamp":1541253562,"path_taken":["M","?","M","?","M","R","?","E","T","?","E","M","R","E","R","BOSS","M","M","M","$","M","R","E","R","T","?","M","?","R","M","R","BOSS","M","M","M","M"],"build_version":"2018-11-01","purchased_purges":1,"victory":false,"max_hp_per_floor":[82,82,82,82,82,82,82,82,82,82,82,82,82,82,82,82,82,82,82,82,82,82,82,82,82,82,82,82,87,87,87,87,87,87,87,87,87,87],"card_choices":[{"not_picked":["Redo","Chaos"],"picked":"Cold Snap","floor":1},{"not_picked":["Turbo","Storm"],"picked":"Doom and Gloom","floor":3},{"not_picked":["Rebound","Stack"],"picked":"Defragment","floor":5},{"not_picked":["Hello World","Lockon"],"picked":"Ball Lightning","floor":8},{"not_picked":["Chaos","Creative AI","Sweeping Beam"],"picked":"SKIP","floor":10},{"not_picked":["Storm","Hello World"],"picked":"Coolheaded","floor":11},{"not_picked":["Lockon","Sweeping Beam","Streamline"],"picked":"SKIP","floor":12},{"not_picked":["Sweeping Beam","Recycle"],"picked":"Hello World","floor":14},{"not_picked":["Hyperbeam","Buffer"],"picked":"Biased Cognition","floor":16},{"not_picked":["Heatsinks","Streamline"],"picked":"Coolheaded","floor":18},{"not_picked":["Beam Cell","Stack"],"picked":"Static Discharge","floor":19},{"not_picked":["Ball Lightning+1","Compile Driver"],"picked":"Go for the Eyes","floor":20},{"not_picked":["Redo","Go for the Eyes","Recycle"],"picked":"SKIP","floor":22},{"not_picked":["Sweeping Beam","Chaos"],"picked":"Seek","floor":24},{"not_picked":["Beam Cell","Turbo","Streamline"],"picked":"SKIP","floor":28},{"not_picked":["Stack","Rebound"],"picked":"Darkness","floor":31},{"not_picked":["Multi-Cast","Creative AI+1"],"picked":"Echo Form+1","floor":33},{"not_picked":["Streamline","Gash+1"],"picked":"Static Discharge+1","floor":35},{"not_picked":["Lockon","Leap","Reinforced Body"],"picked":"SKIP","floor":36},{"not_picked":["Go for the Eyes","Turbo+1","Amplify"],"picked":"SKIP","floor":37}],"player_experience":164969,"relics_obtained":[{"floor":7,"key":"Boot"},{"floor":8,"key":"DataDisk"},{"floor":9,"key":"Anchor"},{"floor":11,"key":"Potion Belt"},{"floor":14,"key":"War Paint"},{"floor":24,"key":"Bronze Scales"},{"floor":26,"key":"Frozen Egg 2"}],"event_choices":[{"cards_removed":["Strike_B"],"damage_healed":0,"gold_gain":0,"player_choice":"Card Removal","damage_taken":0,"max_hp_gain":0,"max_hp_loss":0,"event_name":"The Cleric","floor":2,"gold_loss":50},{"damage_healed":0,"gold_gain":175,"player_choice":"AGREE","damage_taken":0,"max_hp_gain":0,"max_hp_loss":0,"event_name":"Liars Game","floor":4,"gold_loss":0,"cards_obtained":["Doubt"]},{"damage_healed":27,"gold_gain":0,"player_choice":"Heal","damage_taken":0,"max_hp_gain":0,"max_hp_loss":0,"event_name":"The Library","floor":27,"gold_loss":0},{"damage_healed":0,"gold_gain":0,"player_choice":"Bought 2 Potions","damage_taken":0,"max_hp_gain":0,"max_hp_loss":0,"event_name":"The Woman in Blue","floor":29,"gold_loss":0}],"is_beta":false,"boss_relics":[{"not_picked":["Lizard Tail","Philosopher\u0027s Stone"],"picked":"Inserter"},{"not_picked":["Busted Crown","White Beast Statue"],"picked":"Astrolabe"}],"items_purged_floors":[21],"is_endless":false,"potions_floor_spawned":[3,8,11,18,20,31,33,37],"killed_by":"3 Darklings","ascension_level":12}