{"gold_per_floor":[18,33,50,50,70,70,98,98,98,98,78,89,109,59,59,158,158,168,83,183,183,183,183,196,196,196,229,229,248,42,57,57,160,160,176,107,107,124,124,134,166,62,62,96,115,132,132,143,143,143,143,143,21,52,52],"floor_reached":55,"playtime":3411,"items_purged":["Defend_B"],"score":747,"play_id":"cec7f96e-610b-49cf-aa92-feafbc4ad92a","local_time":"20190228134928","is_ascension_mode":false,"campfire_choices":[{"data":"Zap","floor":6,"key":"SMITH"},{"data":"Defragment","floor":8,"key":"SMITH"},{"data":"Streamline","floor":10,"key":"SMITH"},{"data":"Conserve Battery","floor":15,"key":"SMITH"},{"data":"Machine Learning","floor":23,"key":"SMITH"},{"data":"Consume","floor":25,"key":"SMITH"},{"data":"Self Repair","floor":28,"key":"SMITH"},{"floor":32,"key":"REST"},{"data":"Defragment","floor":47,"key":"SMITH"},{"floor":49,"key":"RECALL"},{"data":"Creative AI","floor":52,"key":"SMITH"}],"neow_cost":"NO_GOLD","seed_source_timestamp":138282195751661,"circlet_count":0,"master_deck":["Defend_B+1","Defend_B","Zap+1","Dualcast+1","Reinforced Body","Defragment+1","Conserve Battery+1","Streamline+1","Self Repair+1","Cold Snap+1","Tempest","Machine Learning+1","Buffer+1","Leap+1","Fusion+1","Ball Lightning+1","Consume+1","Hologram+1","Hologram+1","BootSequence+1","Cold Snap+1","Seek+1","Chill+1","Storm+1","Finesse+1","Panacea+1","Purity+1","Coolheaded+1","Creative AI+1","Defragment+1","Chill+1","Shame","Static Discharge+1","Capacitor+1","Aggregate+1"],"relics":["Cracked Core","Mercury Hourglass","Astrolabe","Vajra","Gambling Chip","Matryoshka","Toxic Egg 2","Anchor","Whetstone","Cursed Key","War Paint","Art of War","Pear","Juzu Bracelet","Bottled Flame"],"potions_floor_usage":[7,20,27,33,33,44,46,50,50,50,50,54,55],"damage_taken":[{"damage":6,"enemies":"Jaw Worm","floor":1,"turns":3},{"damage":1,"enemies":"Cultist","floor":2,"turns":3},{"damage":0,"enemies":"Small Slimes","floor":3,"turns":2},{"damage":1,"enemies":"2 Fungi Beasts","floor":5,"turns":3},{"damage":8,"enemies":"3 Sentries","floor":7,"turns":6},{"damage":6,"enemies":"3 Louse","floor":12,"turns":3},{"damage":0,"enemies":"Looter","floor":13,"turns":2},{"damage":1,"enemies":"The Guardian","floor":16,"turns":10},{"damage":15,"enemies":"2 Thieves","floor":18,"turns":4},{"damage":5,"enemies":"Colosseum Slavers","floor":20,"turns":4},{"damage":25,"enemies":"Colosseum Nobs","floor":20,"turns":4},{"damage":0,"enemies":"3 Byrds","floor":24,"turns":3},{"damage":21,"enemies":"Slavers","floor":27,"turns":5},{"damage":8,"enemies":"Snecko","floor":29,"turns":5},{"damage":0,"enemies":"Chosen and Byrds","floor":31,"turns":5},{"damage":12,"enemies":"Collector","floor":33,"turns":10},{"damage":3,"enemies":"3 Shapes","floor":35,"turns":3},{"damage":6,"enemies":"Orb Walker","floor":38,"turns":3},{"damage":0,"enemies":"4 Shapes","floor":40,"turns":5},{"damage":11,"enemies":"Giant Head","floor":41,"turns":9},{"damage":9,"enemies":"Reptomancer","floor":44,"turns":7},{"damage":2,"enemies":"Transient","floor":45,"turns":5},{"damage":0,"enemies":"Jaw Worm Horde","floor":46,"turns":4},{"damage":11,"enemies":"Spire Growth","floor":48,"turns":4},{"damage":42,"enemies":"Awakened One","floor":50,"turns":12},{"damage":55,"enemies":"Shield and Spear","floor":54,"turns":8},{"damage":46,"enemies":"The Heart","floor":55,"turns":2}],"seed_played":"-4193409119226583501","potions_obtained":[{"floor":1,"key":"PowerPotion"},{"floor":3,"key":"FocusPotion"},{"floor":5,"key":"AttackPotion"},{"floor":11,"key":"Explosive Potion"},{"floor":12,"key":"EntropicBrew"},{"floor":20,"key":"Block Potion"},{"floor":33,"key":"SpeedPotion"},{"floor":35,"key":"FairyPotion"},{"floor":45,"key":"Explosive Potion"},{"floor":46,"key":"FearPotion"},{"floor":54,"key":"Energy Potion"}],"is_trial":false,"path_per_floor":["M","M","M","?","M","R","E","R","T","R","?","M","M","?","R","B",null,"M","?","?","?","?","R","M","R","T","E","R","M","$","M","R","B",null,"M","$","?","M","?","M","E","$","T","E","M","M","R","M","R","B",null,"R","$","E","B"],"character_chosen":"DEFECT","items_purchased":["BootSequence+1","Dexterity Potion","Chill+1","Defragment","Chill+1","Dexterity Potion","Aggregate+1"],"campfire_rested":1,"item_purchase_floors":[30,30,36,42,42,53,53],"current_hp_per_floor":[83,82,82,75,74,74,66,66,66,66,66,67,67,67,67,73,89,74,74,51,51,51,51,51,51,51,30,30,22,22,22,48,36,89,89,89,89,83,73,83,72,72,82,73,71,71,71,70,70,38,99,99,99,44,0],"gold":52,"neow_bonus":"TWENTY_PERCENT_HP_BONUS","is_prod":false,"is_daily":false,"chose_seed":false,"campfire_upgraded":9,"win_rate":0,"timestamp":1551358168,"path_taken":["M","M","M","?","M","R","E","R","T","R","?","M","?","?","R","BOSS","M","?","?","?","?","R","M","R","T","E","R","M","?","M","R","BOSS","M","?","?","M","?","?","E","$","T","E","M","M","R","M","R","BOSS","R","$","E","BOSS"],"build_version":"2019-01-23","purchased_purges":1,"victory":false,"max_hp_per_floor":[89,89,89,89,89,89,89,89,89,89,89,89,89,89,89,89,89,89,89,89,89,89,89,89,89,89,89,89,89,89,89,89,89,89,89,89,89,89,89,89,89,89,99,99,99,99,99,99,99,99,99,99,99,99,99],"card_choices":[{"not_picked":["Recycle","Barrage"],"picked":"Reinforced Body","floor":1},{"not_picked":["Tempest","Loop"],"picked":"Defragment","floor":2},{"not_picked":["Gash","Skim"],"picked":"Conserve Battery","floor":3},{"not_picked":["Gash","Leap"],"picked":"Streamline","floor":5},{"not_picked":["Hologram","FTL"],"picked":"Self Repair","floor":7},{"not_picked":["Coolheaded","Biased Cognition"],"picked":"Cold Snap","floor":12},{"not_picked":["Steam","Sweeping Beam"],"picked":"Tempest","floor":13},{"not_picked":["Rainbow","All For One"],"picked":"Machine Learning","floor":16},{"not_picked":["Stack","Redo"],"picked":"Ball Lightning","floor":18},{"not_picked":["Beam Cell","Redo"],"picked":"Consume","floor":24},{"not_picked":["Turbo+1","Heatsinks"],"picked":"Hologram+1","floor":27},{"not_picked":["Turbo+1","Recycle+1"],"picked":"Hologram+1","floor":29},{"not_picked":["Reinforced Body+1","Gash+1"],"picked":"Cold Snap+1","floor":31},{"not_picked":["Machine Learning","Creative AI"],"picked":"Seek+1","floor":33},{"not_picked":["Fusion+1","Cold Snap+1","Rebound+1"],"picked":"SKIP","floor":35},{"not_picked":["Redo+1","Barrage+1"],"picked":"Storm+1","floor":38},{"not_picked":["Swift Strike","Good Instincts+1"],"picked":"Finesse+1","floor":39},{"not_picked":["Flash of Steel","PanicButton+1"],"picked":"Panacea+1","floor":39},{"not_picked":["Blind+1","Forethought+1"],"picked":"Purity+1","floor":39},{"not_picked":["Auto Shields+1","Stack+1"],"picked":"Coolheaded+1","floor":40},{"not_picked":["Skim+1","Coolheaded+1"],"picked":"Creative AI","floor":41},{"not_picked":["Sunder+1","Conserve Battery+1"],"picked":"Static Discharge+1","floor":44},{"not_picked":["Leap+1","Rip and Tear","Conserve Battery+1"],"picked":"SKIP","floor":45},{"not_picked":["Compile Driver","Scrape+1","Steam Power+1"],"picked":"SKIP","floor":46},{"not_picked":["Sweeping Beam+1","Conserve Battery+1"],"picked":"Capacitor+1","floor":48},{"not_picked":["Scrape+1","Steam+1","Rip and Tear"],"picked":"SKIP","floor":54}],"player_experience":266169,"relics_obtained":[{"floor":7,"key":"Mercury Hourglass"},{"floor":20,"key":"Gambling Chip"},{"floor":20,"key":"Matryoshka"},{"floor":26,"key":"Toxic Egg 2"},{"floor":26,"key":"Anchor"},{"floor":27,"key":"Whetstone"},{"floor":41,"key":"War Paint"},{"floor":43,"key":"Art of War"},{"floor":43,"key":"Pear"},{"floor":44,"key":"Juzu Bracelet"},{"floor":54,"key":"Bottled Flame"}],"event_choices":[{"cards_removed":["Strike_B"],"damage_healed":0,"gold_gain":0,"player_choice":"Card Removal","damage_taken":7,"max_hp_gain":0,"max_hp_loss":0,"event_name":"Golden Wing","floor":4,"gold_loss":0},{"damage_healed":0,"gold_gain":0,"player_choice":"Bought 1 Potion","damage_taken":0,"max_hp_gain":0,"max_hp_loss":0,"event_name":"The Woman in Blue","floor":11,"gold_loss":0},{"cards_removed":["Strike_B"],"damage_healed":0,"gold_gain":0,"player_choice":"Card Removal","damage_taken":0,"max_hp_gain":0,"max_hp_loss":0,"event_name":"The Cleric","floor":14,"gold_loss":50},{"damage_healed":0,"gold_gain":0,"player_choice":"Obtained Relic","damage_taken":0,"relics_obtained":["Vajra"],"max_hp_gain":0,"max_hp_loss":0,"event_name":"Addict","floor":19,"gold_loss":85},{"damage_healed":0,"gold_gain":0,"player_choice":"Fight","damage_taken":0,"max_hp_gain":0,"max_hp_loss":0,"event_name":"Colosseum","floor":20,"gold_loss":0},{"damage_healed":0,"gold_gain":0,"player_choice":"Fought Nobs","damage_taken":0,"max_hp_gain":0,"max_hp_loss":0,"event_name":"Colosseum","floor":20,"gold_loss":0},{"damage_healed":0,"gold_gain":0,"player_choice":"Ignored","damage_taken":0,"max_hp_gain":0,"max_hp_loss":0,"event_name":"Vampires","floor":21,"gold_loss":0},{"damage_healed":0,"gold_gain":0,"player_choice":"Ignored","damage_taken":0,"max_hp_gain":0,"max_hp_loss":0,"event_name":"Ghosts","floor":22,"gold_loss":0},{"damage_healed":0,"gold_gain":0,"player_choice":"Ignored","damage_taken":0,"max_hp_gain":0,"max_hp_loss":0,"event_name":"Tomb of Lord Red Mask","floor":37,"gold_loss":0},{"damage_healed":0,"gold_gain":0,"player_choice":"Memory 3","damage_taken":10,"max_hp_gain":0,"max_hp_loss":0,"event_name":"SensoryStone","floor":39,"gold_loss":0}],"is_beta":false,"boss_relics":[{"not_picked":["Runic Pyramid","Black Star"],"picked":"Astrolabe"},{"not_picked":["Tiny House","Runic Dome"],"picked":"Cursed Key"}],"items_purged_floors":[30],"is_endless":false,"potions_floor_spawned":[1,3,5,12,18,20,31,33,35,45,46,54],"killed_by":"The Heart","ascension_level":0}