{"path_per_floor":["M","M","?","M","?","R","?","M","T","R","M","M","M","M","R","B",null,"M","M","M"],"character_chosen":"THE_SILENT","items_purchased":[],"gold_per_floor":[111,121,71,88,163,163,163,183,183,183,202,217,236,246,246,351,351,362,382,395],"floor_reached":21,"campfire_rested":1,"playtime":2202,"current_hp_per_floor":[68,67,67,67,56,56,70,59,59,70,63,62,61,61,61,7,70,69,69,33],"items_purged":[],"gold":395,"play_id":"b4996d4a-e6ba-4940-ae5b-2df64e1d84c1","is_prod":false,"is_daily":false,"is_ascension_mode":false,"campfire_upgraded":2,"path_taken":["M","?","?","M","?","R","?","M","T","R","M","M","M","?","R","BOSS","M","?","M","?"],"build_version":"2018-02-01-PROD3","purchased_purges":0,"victory":false,"master_deck":["Defend_G","Defend_G","Defend_G","Defend_G","Defend_G","Strike_G","Strike_G","Strike_G","Strike_G","Survivor","Neutralize+1","Flying Knee","Deflect","Endless Agony","Parasite","Footwork","Noxious Fumes","Flying Knee+1","Blade Dance","A Thousand Cuts+1","Burst","Deflect","Sucker Punch+1","Backflip+1"],"max_hp_per_floor":[70,70,70,70,70,70,70,70,70,70,70,70,70,70,70,70,70,70,70,70],"relics":["Ring of the Snake","Molten Egg 2","Sozu"],"card_choices":[{"not_picked":["Slice","Malaise"],"picked":"Flying Knee"},{"not_picked":["Backstab","Flechettes"],"picked":"Deflect"},{"not_picked":["Bouncing Flask","Riddle With Holes"],"picked":"Endless Agony"},{"not_picked":["Deadly Poison","Masterful Stab"],"picked":"Footwork"},{"not_picked":["Phantasmal Killer","Flying Knee"],"picked":"Noxious Fumes"},{"not_picked":["Choke","Deadly Poison"],"picked":"Flying Knee"},{"not_picked":["Backflip","Dodge and Roll"],"picked":"Blade Dance"},{"not_picked":["Deadly Poison","Acrobatics"],"picked":"A Thousand Cuts"},{"not_picked":["Bullet Time","Wraith Form"],"picked":"Burst"},{"not_picked":["Terror","Flechettes"],"picked":"Deflect"},{"not_picked":["Acrobatics","Bouncing Flask"],"picked":"Sucker Punch"},{"not_picked":["Eviscerate","Riddle With Holes"],"picked":"Backflip"}],"player_experience":29802,"potions_floor_usage":[16],"damage_taken":[{"damage":2,"enemies":"Blue Slaver","floor":1,"turns":6},{"damage":1,"enemies":"Jaw Worm","floor":2,"turns":6},{"damage":0,"enemies":"Cultist","floor":4,"turns":4},{"damage":11,"enemies":"Exordium Thugs","floor":8,"turns":7},{"damage":7,"enemies":"3 Louse","floor":11,"turns":6},{"damage":1,"enemies":"Looter","floor":12,"turns":4},{"damage":1,"enemies":"Large Slime","floor":13,"turns":6},{"damage":0,"enemies":"3 Louse","floor":14,"turns":3},{"damage":54,"enemies":"Hexaghost","floor":16,"turns":11},{"damage":1,"enemies":"Shell Parasite","floor":18,"turns":6},{"damage":0,"enemies":"3 Byrds","floor":19,"turns":4},{"damage":36,"enemies":"Slaver and Parasite","floor":20,"turns":8},{"damage":35,"enemies":"Cultist and Chosen","floor":21,"turns":6}],"event_choices":[{"event_name":"The Cleric","player_choice":"Card Removal","floor":3,"damage_taken":0},{"event_name":"World of Goop","player_choice":"Gather Gold","floor":5,"damage_taken":0},{"event_name":"Mushrooms","player_choice":"Healed and dodged fight","floor":7,"damage_taken":0}],"boss_relics":[{"not_picked":["Calling Bell","Snecko Eye"],"picked":"Sozu"}],"potions_floor_spawned":[4,11,16,19,20],"seed_played":"508739142429303636","killed_by":"Cultist and Chosen","ascension_level":0,"is_trial":false}