{"gold_per_floor":[112,129,129,129,157,169,1,27,51,65,65,92,105,123,123,221,221,235,150,162,10,28,28,28,28,28,48,65,93,93,93,93,93],"floor_reached":33,"playtime":1800,"items_purged":["Strike_G","Strike_G"],"score":302,"play_id":"574d9bc0-1a27-438a-b925-eb8d44aba132","local_time":"20190301093825","is_ascension_mode":false,"campfire_choices":[{"data":"Night Terror","floor":6.0,"key":"SMITH"},{"floor":11.0,"key":"REST"},{"data":"Catalyst","floor":15.0,"key":"SMITH"},{"data":"Footwork","floor":23.0,"key":"SMITH"},{"floor":25.0,"key":"REST"},{"data":"Well Laid Plans","floor":30.0,"key":"SMITH"},{"floor":32.0,"key":"REST"}],"neow_cost":"NONE","seed_source_timestamp":211030518760671,"circlet_count":0,"master_deck":["Defend_G","Defend_G","Defend_G","Defend_G+1","Defend_G","Strike_G","Strike_G+1","Strike_G","Survivor","Neutralize","Night Terror+1","Footwork+1","Catalyst+1","Backstab","Dagger Throw","Dodge and Roll","Bouncing Flask","Quick Slash+1","Calculated Gamble","Well Laid Plans+1","Leg Sweep","Blur","Bullet Time","PiercingWail+1"],"special_seed":0,"relics":["Ring of the Snake","MawBank","Centennial Puzzle","Smiling Mask","Nunchaku","Black Star","Ice Cream","Kunai","Boot","Blood Vial"],"potions_floor_usage":[],"damage_taken":[{"damage":1.0,"enemies":"Small Slimes","floor":1.0,"turns":4.0},{"damage":0.0,"enemies":"2 Louse","floor":2.0,"turns":4.0},{"damage":0.0,"enemies":"Cultist","floor":5.0,"turns":4.0},{"damage":5.0,"enemies":"Lagavulin","floor":8.0,"turns":5.0},{"damage":2.0,"enemies":"Blue Slaver","floor":10.0,"turns":3.0},{"damage":19.0,"enemies":"Gremlin Nob","floor":12.0,"turns":5.0},{"damage":7.0,"enemies":"Exordium Wildlife","floor":13.0,"turns":5.0},{"damage":0.0,"enemies":"Large Slime","floor":14.0,"turns":3.0},{"damage":15.0,"enemies":"The Guardian","floor":16.0,"turns":7.0},{"damage":14.0,"enemies":"Spheric Guardian","floor":18.0,"turns":5.0},{"damage":6.0,"enemies":"Shell Parasite","floor":20.0,"turns":5.0},{"damage":6.0,"enemies":"Shelled Parasite and Fungi","floor":22.0,"turns":6.0},{"damage":5.0,"enemies":"Snake Plant","floor":27.0,"turns":7.0},{"damage":1.0,"enemies":"Centurion and Healer","floor":28.0,"turns":10.0},{"damage":15.0,"enemies":"Slavers","floor":29.0,"turns":7.0},{"damage":66,"enemies":"Collector","floor":33,"turns":9}],"seed_played":"6827703759737344863","potions_obtained":[{"floor":1.0,"key":"Explosive Potion"},{"floor":5.0,"key":"Poison Potion"},{"floor":12.0,"key":"Ancient Potion"},{"floor":14.0,"key":"Ancient Potion"},{"floor":18.0,"key":"LiquidBronze"},{"floor":20.0,"key":"SteroidPotion"}],"is_trial":false,"path_per_floor":["M","M","?","?","M","R","$","E","T","M","R","E","M","M","R","B",null,"M","?","M","$","M","R","?","R","T","M","M","E","R","?","R","B"],"character_chosen":"THE_SILENT","items_purchased":["Backstab","Dagger Throw","Well Laid Plans","Leg Sweep"],"campfire_rested":3,"item_purchase_floors":[7,7,21,21],"current_hp_per_floor":[69,69,55,48,48,48,48,43,43,41,62,43,36,36,36,21,70,56,56,50,50,44,44,37,58,58,53,52,37,37,37,58,0],"gold":93,"neow_bonus":"ONE_RANDOM_RARE_CARD","is_prod":false,"is_daily":false,"chose_seed":false,"campfire_upgraded":4,"win_rate":0,"timestamp":1551429505,"path_taken":["M","M","?","?","M","R","$","E","T","M","R","E","M","M","R","BOSS","M","?","M","$","M","R","?","R","T","M","?","E","R","?","R","BOSS"],"build_version":"2019-01-23","purchased_purges":2,"victory":false,"max_hp_per_floor":[70,70,70,70,70,70,70,70,70,70,70,70,70,70,70,70,70,70,70,70,70,70,70,70,70,70,70,70,70,70,70,70,70],"card_choices":[{"not_picked":["Leg Sweep","Dash"],"picked":"Footwork","floor":1.0},{"not_picked":["Poisoned Stab","Flying Knee"],"picked":"Catalyst","floor":2.0},{"not_picked":["Sucker Punch","Flying Knee","Outmaneuver"],"picked":"SKIP","floor":5.0},{"not_picked":["Poisoned Stab","All Out Attack","Setup"],"picked":"SKIP","floor":8.0},{"not_picked":["Masterful Stab","Bane"],"picked":"Dodge and Roll","floor":10.0},{"not_picked":["Cloak And Dagger","Night Terror","Slice"],"picked":"SKIP","floor":12.0},{"not_picked":["Slice","Predator","Blade Dance"],"picked":"SKIP","floor":13.0},{"not_picked":["Underhanded Strike","Backflip"],"picked":"Bouncing Flask","floor":14.0},{"not_picked":["Prepared","Backflip"],"picked":"Quick Slash+1","floor":18.0},{"not_picked":["Underhanded Strike+1","Dagger Throw"],"picked":"Calculated Gamble","floor":20.0},{"not_picked":["Masterful Stab","Poisoned Stab+1"],"picked":"Blur","floor":22.0},{"not_picked":["Sucker Punch+1","Well Laid Plans"],"picked":"Bullet Time","floor":27.0},{"not_picked":["Blade Dance","Dagger Throw","Flying Knee"],"picked":"SKIP","floor":28.0},{"not_picked":["Crippling Poison","Dagger Throw"],"picked":"PiercingWail+1","floor":29.0}],"player_experience":272710,"relics_obtained":[{"floor":8.0,"key":"Centennial Puzzle"},{"floor":9.0,"key":"Smiling Mask"},{"floor":12.0,"key":"Nunchaku"},{"floor":26.0,"key":"Kunai"},{"floor":29.0,"key":"Boot"},{"floor":29.0,"key":"Blood Vial"}],"event_choices":[{"damage_healed":0.0,"max_hp_gain":0.0,"max_hp_loss":0.0,"gold_gain":0.0,"event_name":"Shining Light","player_choice":"Entered Light","floor":3.0,"gold_loss":0.0,"damage_taken":14.0,"cards_upgraded":["Defend_G","Strike_G"]},{"damage_healed":0.0,"max_hp_gain":0.0,"max_hp_loss":0.0,"gold_gain":0.0,"event_name":"Scrap Ooze","player_choice":"Success","floor":4.0,"gold_loss":0.0,"damage_taken":7.0,"relics_obtained":["MawBank"]},{"damage_healed":0.0,"max_hp_gain":0.0,"max_hp_loss":0.0,"gold_gain":0.0,"event_name":"Addict","player_choice":"Obtained Relic","floor":19.0,"gold_loss":85.0,"damage_taken":0.0,"relics_obtained":["Ice Cream"]},{"damage_healed":0.0,"max_hp_gain":0.0,"max_hp_loss":0.0,"gold_gain":0.0,"event_name":"Knowing Skull","player_choice":"","floor":24.0,"potions_obtained":[],"gold_loss":0.0,"damage_taken":7.0,"cards_obtained":[]},{"damage_healed":0.0,"max_hp_gain":0.0,"max_hp_loss":0.0,"gold_gain":0.0,"event_name":"Ghosts","player_choice":"Ignored","floor":31.0,"gold_loss":0.0,"damage_taken":0.0}],"is_beta":false,"boss_relics":[{"not_picked":["Runic Pyramid","Pandora\u0027s Box"],"picked":"Black Star"}],"items_purged_floors":[7,21],"is_endless":false,"potions_floor_spawned":[1,5,12,14,18,20],"killed_by":"Collector","ascension_level":0}