{"gold_per_floor":[111,61,136,136,136,168,181,211,257,257,269,89,89,119,119,215,215,227,277,292,392,407,407],"floor_reached":23,"playtime":943,"items_purged":["Strike_B"],"score":207,"play_id":"1a288b91-0657-435d-8a29-b502b425d50e","local_time":"20190129133749","is_ascension_mode":false,"campfire_choices":[{"floor":10,"key":"REST"},{"floor":13,"key":"REST"},{"floor":15,"key":"REST"}],"neow_cost":"NONE","seed_source_timestamp":89232636010248,"circlet_count":0,"master_deck":["Strike_B","Strike_B","Defend_B+1","Defend_B","Defend_B","Defend_B+1","Zap","Dualcast","Dramatic Entrance","Cold Snap","Streamline","Barrage","Lockon","Lockon","Conserve Battery","Ball Lightning","Loop","Creative AI","Ball Lightning","Chill+1","Genetic Algorithm"],"relics":["Cracked Core","Ancient Tea Set","Gremlin Horn","Potion Belt","Oddly Smooth Stone","Nuclear Battery"],"potions_floor_usage":[6,16,16],"damage_taken":[{"damage":2,"enemies":"2 Louse","floor":1,"turns":2},{"damage":16,"enemies":"3 Sentries","floor":6,"turns":4},{"damage":0,"enemies":"Small Slimes","floor":7,"turns":2},{"damage":25,"enemies":"Lagavulin","floor":8,"turns":7},{"damage":3,"enemies":"Jaw Worm","floor":11,"turns":2},{"damage":11,"enemies":"3 Sentries","floor":14,"turns":5},{"damage":33,"enemies":"The Guardian","floor":16,"turns":8},{"damage":18,"enemies":"Spheric Guardian","floor":18,"turns":4},{"damage":1,"enemies":"Chosen","floor":20,"turns":3},{"damage":19,"enemies":"Shelled Parasite and Fungi","floor":22,"turns":7},{"damage":38,"enemies":"Slavers","floor":23,"turns":5}],"seed_played":"-5207571142161500226","potions_obtained":[{"floor":1,"key":"PowerPotion"},{"floor":7,"key":"Ancient Potion"},{"floor":11,"key":"Strength Potion"},{"floor":14,"key":"LiquidBronze"},{"floor":20,"key":"LiquidBronze"}],"is_trial":false,"path_per_floor":["M","?","?","?","?","E","M","E","T","R","M","$","R","E","R","B",null,"M","?","M","?","M","E"],"character_chosen":"DEFECT","items_purchased":["Conserve Battery","Ball Lightning"],"campfire_rested":3,"item_purchase_floors":[12,12],"current_hp_per_floor":[73,73,62,62,47,31,31,6,6,28,25,25,47,36,58,25,75,57,57,56,56,37,0],"gold":407,"neow_bonus":"RANDOM_COLORLESS","is_prod":false,"is_daily":false,"chose_seed":false,"campfire_upgraded":0,"win_rate":0.0,"timestamp":1548765469,"path_taken":["M","?","?","?","?","E","?","E","T","R","M","$","R","E","R","BOSS","M","?","?","?","?","E"],"build_version":"2019-01-23","purchased_purges":1,"victory":false,"max_hp_per_floor":[75,75,75,75,75,75,75,75,75,75,75,75,75,75,75,75,75,75,75,75,75,75,75],"card_choices":[{"not_picked":["Turbo","Skim"],"picked":"Cold Snap","floor":1},{"not_picked":["Reprogram","Steam"],"picked":"Streamline","floor":6},{"not_picked":["Auto Shields","Hologram"],"picked":"Barrage","floor":7},{"not_picked":["Rainbow","Compile Driver"],"picked":"Lockon","floor":8},{"not_picked":["Go for the Eyes","Barrage"],"picked":"Lockon","floor":11},{"not_picked":["Tempest","Reprogram"],"picked":"Loop","floor":14},{"not_picked":["Thunder Strike","Amplify"],"picked":"Creative AI","floor":16},{"not_picked":["Turbo","Beam Cell"],"picked":"Ball Lightning","floor":18},{"not_picked":["Leap","Go for the Eyes"],"picked":"Chill+1","floor":20},{"not_picked":["Streamline","Scrape"],"picked":"Genetic Algorithm","floor":22}],"player_experience":92127,"relics_obtained":[{"floor":6,"key":"Ancient Tea Set"},{"floor":8,"key":"Gremlin Horn"},{"floor":9,"key":"Potion Belt"},{"floor":14,"key":"Oddly Smooth Stone"}],"event_choices":[{"cards_removed":["Strike_B"],"damage_healed":0,"gold_gain":0,"player_choice":"Card Removal","damage_taken":0,"max_hp_gain":0,"max_hp_loss":0,"event_name":"The Cleric","floor":2,"gold_loss":50},{"damage_healed":0,"gold_gain":75,"player_choice":"Gather Gold","damage_taken":11,"max_hp_gain":0,"max_hp_loss":0,"event_name":"World of Goop","floor":3,"gold_loss":0},{"damage_healed":0,"gold_gain":0,"player_choice":"Ignored","damage_taken":0,"max_hp_gain":0,"max_hp_loss":0,"event_name":"Liars Game","floor":4,"gold_loss":0},{"damage_healed":0,"gold_gain":0,"player_choice":"Entered Light","damage_taken":15,"max_hp_gain":0,"max_hp_loss":0,"event_name":"Shining Light","floor":5,"gold_loss":0,"cards_upgraded":["Defend_B","Defend_B"]},{"damage_healed":0,"gold_gain":100,"player_choice":"Bet on Murderer","damage_taken":0,"max_hp_gain":0,"max_hp_loss":0,"event_name":"The Joust","floor":19,"gold_loss":50},{"damage_healed":0,"gold_gain":100,"player_choice":"Pray","damage_taken":0,"max_hp_gain":0,"max_hp_loss":0,"event_name":"Golden Shrine","floor":21,"gold_loss":0}],"is_beta":false,"boss_relics":[{"not_picked":["Pandora\u0027s Box","Fusion Hammer"],"picked":"Nuclear Battery"}],"items_purged_floors":[12],"is_endless":false,"potions_floor_spawned":[1,7,11,14,20],"killed_by":"Slavers","ascension_level":0}