{"gold_per_floor":[110,124,124,124,67,67,95,95,95,125],"floor_reached":10,"playtime":306,"items_purged":[],"score":128,"play_id":"943fd8de-a63c-4088-b4aa-736290e32f99","local_time":"20190221105755","is_ascension_mode":true,"campfire_choices":[{"data":"Perfected Strike","floor":6,"key":"SMITH"},{"data":"Headbutt","floor":8,"key":"SMITH"}],"neow_cost":"NONE","seed_source_timestamp":361962443270859,"circlet_count":0,"master_deck":["AscendersBane","Strike_R","Strike_R","Strike_R","Strike_R","Strike_R","Defend_R","Defend_R","Defend_R","Defend_R","Bash","Thunderclap","Iron Wave","Perfected Strike+1","Headbutt+1"],"relics":["Burning Blood","Omamori","Centennial Puzzle","Pear","Gambling Chip"],"potions_floor_usage":[7,7],"damage_taken":[{"damage":5,"enemies":"Small Slimes","floor":1,"turns":3},{"damage":19,"enemies":"Jaw Worm","floor":2,"turns":5},{"damage":10,"enemies":"3 Sentries","floor":7,"turns":4},{"damage":55,"enemies":"Lagavulin Event","floor":10,"turns":5}],"seed_played":"-620970038194149346","potions_obtained":[{"floor":1,"key":"Explosive Potion"},{"floor":2,"key":"Explosive Potion"}],"is_trial":false,"path_per_floor":["M","M","?","?","$","R","E","R","T","?"],"character_chosen":"IRONCLAD","items_purchased":["Perfected Strike"],"campfire_rested":0,"item_purchase_floors":[5],"current_hp_per_floor":[69,56,45,45,45,45,51,51,51,0],"gold":125,"neow_bonus":"THREE_CARDS","is_prod":false,"is_daily":false,"chose_seed":false,"campfire_upgraded":2,"win_rate":0,"timestamp":1550764675,"path_taken":["M","M","?","?","$","R","E","R","T","?"],"build_version":"2019-01-23","purchased_purges":0,"victory":false,"max_hp_per_floor":[75,75,75,75,75,75,85,85,85,85],"card_choices":[{"not_picked":["Infernal Blade","Body Slam"],"picked":"Thunderclap","floor":0},{"not_picked":["Sever Soul","Sword Boomerang"],"picked":"Iron Wave","floor":1},{"not_picked":["Combust","Havoc","Flex"],"picked":"SKIP","floor":2},{"not_picked":["Anger","Sword Boomerang"],"picked":"Headbutt","floor":7}],"player_experience":678661,"relics_obtained":[{"floor":7,"key":"Pear"},{"floor":9,"key":"Gambling Chip"}],"event_choices":[{"damage_healed":0,"gold_gain":0,"player_choice":"Success","damage_taken":11,"relics_obtained":["Omamori"],"max_hp_gain":0,"max_hp_loss":0,"event_name":"Scrap Ooze","floor":3,"gold_loss":0},{"damage_healed":0,"gold_gain":0,"player_choice":"Box","damage_taken":0,"relics_obtained":["Centennial Puzzle"],"max_hp_gain":0,"max_hp_loss":0,"event_name":"Big Fish","floor":4,"gold_loss":0,"cards_obtained":["Regret"]},{"damage_healed":0,"gold_gain":30,"player_choice":"Searched \u00272\u0027 times","damage_taken":0,"max_hp_gain":0,"max_hp_loss":0,"event_name":"Dead Adventurer","floor":10,"gold_loss":0}],"is_beta":false,"boss_relics":[],"items_purged_floors":[],"is_endless":false,"potions_floor_spawned":[1,2],"killed_by":"Lagavulin Event","ascension_level":20}