{"gold_per_floor":[118,134,134,134,134,167,167,191,191,191,221,221,241,255,255,255],"floor_reached":16,"playtime":666,"items_purged":[],"score":138,"play_id":"43ad189a-e1d7-446e-afe2-5e07db13ba1d","local_time":"20190301210115","is_ascension_mode":true,"campfire_choices":[{"data":"Bash","floor":7.0,"key":"SMITH"},{"data":"Corruption","floor":10.0,"key":"SMITH"},{"floor":15,"key":"REST"}],"neow_cost":"NONE","seed_source_timestamp":0,"circlet_count":0,"master_deck":["Strike_R","Strike_R+1","Strike_R","Strike_R","Defend_R","Defend_R","Defend_R","Defend_R+1","Bash+1","Corruption+1","Injury","Intimidate","Disarm","Anger","Ghostly Armor"],"special_seed":0,"relics":["Burning Blood","NeowsBlessing","Golden Idol","Mummified Hand","Singing Bowl","Odd Mushroom","Strawberry"],"potions_floor_usage":[16],"damage_taken":[{"damage":0.0,"enemies":"Cultist","floor":1.0,"turns":1.0},{"damage":0.0,"enemies":"Jaw Worm","floor":2.0,"turns":1.0},{"damage":0.0,"enemies":"3 Sentries","floor":6.0,"turns":2.0},{"damage":0.0,"enemies":"Small Slimes","floor":8.0,"turns":3.0},{"damage":15.0,"enemies":"The Mushroom Lair","floor":11.0,"turns":5.0},{"damage":15.0,"enemies":"Exordium Wildlife","floor":13.0,"turns":5.0},{"damage":20,"enemies":"Large Slime","floor":14,"turns":9},{"damage":72,"enemies":"The Guardian","floor":16,"turns":16}],"seed_played":"4137906886441354537","potions_obtained":[{"floor":2.0,"key":"SpeedPotion"},{"floor":8.0,"key":"EssenceOfSteel"},{"floor":14,"key":"EssenceOfSteel"}],"is_trial":false,"path_per_floor":["M","M","?","?","?","E","R","M","T","R","?","T","M","M","R","B"],"character_chosen":"IRONCLAD","items_purchased":[],"campfire_rested":1,"item_purchase_floors":[],"current_hp_per_floor":[80,80,73,57,57,63,63,69,69,69,62,69,60,46,72,0],"gold":255,"neow_bonus":"THREE_ENEMY_KILL","is_prod":false,"is_daily":false,"chose_seed":false,"campfire_upgraded":2,"win_rate":0,"timestamp":1551434475,"path_taken":["M","?","?","?","?","E","R","?","T","R","?","?","M","M","R","BOSS"],"build_version":"2019-01-23","purchased_purges":0,"victory":false,"max_hp_per_floor":[80,80,80,80,80,80,80,80,80,80,82,89,89,89,89,89],"card_choices":[{"not_picked":["Body Slam","Sword Boomerang"],"picked":"Corruption","floor":1.0},{"not_picked":["Armaments","Flex","Wild Strike"],"picked":"SKIP","floor":2.0},{"not_picked":["Burning Pact","Flex"],"picked":"Intimidate","floor":6.0},{"not_picked":["Armaments","Iron Wave"],"picked":"Disarm","floor":8.0},{"not_picked":["Disarm","Armaments","Iron Wave"],"picked":"Singing Bowl","floor":11.0},{"not_picked":["Searing Blow","Perfected Strike"],"picked":"Anger","floor":13},{"not_picked":["Havoc","Bludgeon"],"picked":"Ghostly Armor","floor":14}],"player_experience":208269,"relics_obtained":[{"floor":6.0,"key":"Mummified Hand"},{"floor":9.0,"key":"Singing Bowl"},{"floor":11.0,"key":"Odd Mushroom"},{"floor":12.0,"key":"Strawberry"}],"event_choices":[{"cards_removed":["Strike_R"],"damage_healed":0.0,"max_hp_gain":0.0,"max_hp_loss":0.0,"gold_gain":0.0,"event_name":"Golden Wing","player_choice":"Card Removal","floor":3.0,"gold_loss":0.0,"damage_taken":7.0},{"damage_healed":0.0,"max_hp_gain":0.0,"max_hp_loss":0.0,"gold_gain":0.0,"event_name":"Shining Light","player_choice":"Entered Light","floor":4.0,"gold_loss":0.0,"damage_taken":16.0,"cards_upgraded":["Defend_R","Strike_R"]},{"damage_healed":0.0,"max_hp_gain":0.0,"max_hp_loss":0.0,"gold_gain":0.0,"event_name":"Golden Idol","player_choice":"Take Wound","floor":5.0,"gold_loss":0.0,"damage_taken":0.0,"relics_obtained":["Golden Idol"],"cards_obtained":["Injury"]},{"damage_healed":0.0,"max_hp_gain":0.0,"max_hp_loss":0.0,"gold_gain":0.0,"event_name":"Mushrooms","player_choice":"Fought Mushrooms","floor":11.0,"gold_loss":0.0,"damage_taken":0.0}],"is_beta":false,"boss_relics":[],"items_purged_floors":[],"is_endless":false,"potions_floor_spawned":[2,8,14],"killed_by":"The Guardian","ascension_level":2}