{"gold_per_floor":[114,264,280,280,298,333,333,360,384,63,63,18,29,104,104,179,179,190,206,206,206],"floor_reached":21,"playtime":778,"items_purged":["Strike_R"],"score":450,"play_id":"5785e928-9b56-4b32-a793-73677ad4f316","local_time":"20181128093507","is_ascension_mode":true,"campfire_choices":[{"floor":7,"key":"REST"},{"floor":11,"key":"REST"},{"floor":15,"key":"REST"}],"neow_cost":"NONE","seed_source_timestamp":1196028328225559,"circlet_count":0,"master_deck":["AscendersBane","Strike_R","Strike_R","Defend_R","Defend_R","Defend_R","Defend_R","Bash+1","Combust","Doubt","Flame Barrier","Whirlwind","Infernal Blade","Ghostly Armor","Shrug It Off","Inflame","True Grit","Reaper","Second Wind+1","Reaper"],"relics":["Burning Blood","Happy Flower","Anchor","Blood Vial","Bag of Marbles","Membership Card","Empty Cage"],"potions_floor_usage":[5,16,16,18,21,21],"damage_taken":[{"damage":13,"enemies":"Small Slimes","floor":1,"turns":5},{"damage":9,"enemies":"Jaw Worm","floor":3,"turns":4},{"damage":2,"enemies":"Cultist","floor":5,"turns":4},{"damage":32,"enemies":"3 Sentries","floor":6,"turns":5},{"damage":35,"enemies":"Lagavulin","floor":8,"turns":6},{"damage":0,"enemies":"Looter","floor":13,"turns":2},{"damage":5,"enemies":"Slime Boss","floor":16,"turns":6},{"damage":20,"enemies":"3 Byrds","floor":18,"turns":5},{"damage":50,"enemies":"Spheric Guardian","floor":19,"turns":8},{"damage":26,"enemies":"Shelled Parasite and Fungi","floor":21,"turns":6}],"seed_played":"1036351901616881840","potions_obtained":[{"floor":1,"key":"Poison Potion"},{"floor":6,"key":"Fire Potion"},{"floor":16,"key":"Weak Potion"},{"floor":19,"key":"EntropicBrew"}],"is_trial":false,"path_per_floor":["M","?","M","?","M","E","R","E","T","$","R","$","M","?","R","B",null,"M","M","?","M"],"character_chosen":"IRONCLAD","items_purchased":["Membership Card","Shrug It Off","PowerPotion","Inflame"],"campfire_rested":3,"item_purchase_floors":[10,10,10,12],"current_hp_per_floor":[61,61,58,40,44,18,40,11,11,11,33,33,41,30,52,55,70,64,22,22,0],"gold":206,"neow_bonus":"UPGRADE_CARD","is_prod":false,"is_daily":false,"chose_seed":false,"campfire_upgraded":0,"win_rate":0,"timestamp":1543415707,"path_taken":["M","?","M","?","M","E","R","E","T","?","R","$","M","?","R","BOSS","M","M","?","M"],"build_version":"2018-11-15","purchased_purges":1,"victory":false,"max_hp_per_floor":[75,75,75,75,75,75,75,75,75,75,75,75,75,75,75,75,75,75,75,75,75],"card_choices":[{"not_picked":["Power Through","Perfected Strike"],"picked":"Combust","floor":1},{"not_picked":["Rage","Havoc"],"picked":"Flame Barrier","floor":3},{"not_picked":["Iron Wave","Clash"],"picked":"Whirlwind","floor":5},{"not_picked":["Burning Pact","Headbutt"],"picked":"Infernal Blade","floor":6},{"not_picked":["Searing Blow","Armaments"],"picked":"Ghostly Armor","floor":8},{"not_picked":["Feel No Pain","Pommel Strike"],"picked":"True Grit","floor":13},{"not_picked":["Bludgeon","Exhume"],"picked":"Reaper","floor":16},{"not_picked":["Anger","Perfected Strike","Body Slam"],"picked":"SKIP","floor":18},{"not_picked":["Rampage","Burning Pact"],"picked":"Second Wind+1","floor":19}],"player_experience":529281,"relics_obtained":[{"floor":6,"key":"Anchor"},{"floor":8,"key":"Blood Vial"},{"floor":9,"key":"Bag of Marbles"}],"event_choices":[{"damage_healed":0,"gold_gain":150,"player_choice":"AGREE","damage_taken":0,"max_hp_gain":0,"max_hp_loss":0,"event_name":"Liars Game","floor":2,"gold_loss":0,"cards_obtained":["Doubt"]},{"damage_healed":0,"gold_gain":0,"player_choice":"Success","damage_taken":18,"relics_obtained":["Happy Flower"],"max_hp_gain":0,"max_hp_loss":0,"event_name":"Scrap Ooze","floor":4,"gold_loss":0},{"damage_healed":0,"gold_gain":75,"player_choice":"Gather Gold","damage_taken":11,"max_hp_gain":0,"max_hp_loss":0,"event_name":"World of Goop","floor":14,"gold_loss":0},{"damage_healed":0,"gold_gain":0,"player_choice":"Copied","damage_taken":0,"max_hp_gain":0,"max_hp_loss":0,"event_name":"Duplicator","floor":20,"gold_loss":0,"cards_obtained":["Reaper"]}],"is_beta":false,"boss_relics":[{"not_picked":["White Beast Statue","Velvet Choker"],"picked":"Empty Cage"}],"items_purged_floors":[10],"is_endless":false,"potions_floor_spawned":[1,6,13,16,19],"killed_by":"Shelled Parasite and Fungi","ascension_level":18}