{"path_per_floor":["M","M","M","?","$","R","E","M","T","M","R","M","M","?","R","B",null,"M","M","?","$","M","R"],"character_chosen":"THE_SILENT","items_purchased":["Tactician","Choke","Slice","Apotheosis"],"gold_per_floor":[116,127,144,219,14,14,47,65,65,76,76,87,101,101,101,199,199,214,234,234,33,51,51],"floor_reached":24,"campfire_rested":3,"playtime":1993,"current_hp_per_floor":[61,55,48,37,37,58,17,11,11,11,32,25,21,80,80,22,80,28,16,16,16,19,35],"items_purged":[],"gold":51,"play_id":"778372bb-9460-4134-86aa-4f27ef73c127","is_prod":false,"is_daily":false,"campfire_rituals":0,"campfire_upgraded":1,"is_hardmode":false,"path_taken":["M","M","M","?","$","R","E","M","T","M","R","M","M","?","R","BOSS","M","M","?","$","M","R","E"],"build_version":"2017-12-21-PROD1","purchased_purges":0,"victory":false,"master_deck":["Defend_G","Defend_G","Defend_G","Defend_G","Defend_G","Survivor","Neutralize","Prepared","Acrobatics","Bullet Time","Choke","Slice","Flying Knee","Endless Agony","Endless Agony","Choke","After Image","Envenom","PiercingWail","Bane","Bite_G","Bite_G","Bite_G","Bite_G","Bite_G","Apotheosis","Prepared"],"max_hp_per_floor":[70,70,70,70,70,70,70,70,70,70,70,70,70,80,80,80,80,80,80,56,56,56,56],"relics":["Ring of the Snake","Juzu Bracelet","Smiling Mask","Black Star"],"campfire_meditates":0,"card_choices":[{"not_picked":["Dagger Spray","Backflip"],"picked":"Prepared"},{"not_picked":["Poisoned Stab","Dagger Spray"],"picked":"Acrobatics"},{"not_picked":["Finisher","PiercingWail"],"picked":"Bullet Time"},{"not_picked":["Poisoned Stab","Malaise"],"picked":"Flying Knee"},{"not_picked":["Outmaneuver","Bane"],"picked":"Endless Agony"},{"not_picked":["Cloak And Dagger","PiercingWail"],"picked":"Endless Agony"},{"not_picked":["Flying Knee","Deadly Poison"],"picked":"Choke"},{"not_picked":["Outmaneuver","Dodge and Roll"],"picked":"After Image"},{"not_picked":["Unload","Tools of the Trade"],"picked":"Envenom"},{"not_picked":["Heel Hook","Slice"],"picked":"PiercingWail"},{"not_picked":["Catalyst","Dagger Throw"],"picked":"Bane"},{"not_picked":["Deflect","Slice"],"picked":"Prepared"}],"player_experience":38615,"potions_floor_usage":[22,22],"damage_taken":[{"damage":9,"enemies":"Looter","floor":1,"turns":4},{"damage":6,"enemies":"Cultist","floor":2,"turns":4},{"damage":7,"enemies":"Blue Slaver","floor":3,"turns":4},{"damage":41,"enemies":"Gremlin Nob","floor":7,"turns":6},{"damage":6,"enemies":"3 Louse","floor":8,"turns":3},{"damage":0,"enemies":"Large Slime","floor":10,"turns":4},{"damage":7,"enemies":"Exordium Thugs","floor":12,"turns":4},{"damage":4,"enemies":"Gremlin Gang","floor":13,"turns":4},{"damage":58,"enemies":"Hexaghost","floor":16,"turns":14},{"damage":52,"enemies":"Spheric Guardian","floor":18,"turns":8},{"damage":12,"enemies":"Shell Parasite","floor":19,"turns":3},{"damage":4,"enemies":"3 Cultists","floor":22,"turns":4},{"damage":49,"enemies":"Book of Stabbing","floor":24,"turns":6}],"event_choices":[{"event_name":"World of Goop","player_choice":"Gather Gold","floor":4,"damage_taken":0},{"event_name":"Bonfire Elementals","player_choice":"SKILL","floor":14,"damage_taken":0},{"event_name":"Vampires","player_choice":"Became a vampire","floor":20,"damage_taken":0}],"boss_relics":[{"not_picked":["Philosopher\u0027s Stone","Snecko Eye"],"picked":"Black Star"}],"potions_floor_spawned":[2,7,10,18],"seed_played":"-8787728719066741855","killed_by":"Book of Stabbing","is_trial":false}