{"path_per_floor":["M","M","M","$","M","E","R","M","T","M","R","M","$","M","R","B",null,"M","$","?","M","?","R","M","R","T","?","M","M","?"],"character_chosen":"DEFECT","items_purchased":["Coolheaded","FTL","Static Discharge","Apotheosis"],"gold_per_floor":[109,126,146,63,78,104,104,118,118,138,138,158,39,57,57,157,157,172,2,2,12,112,112,123,123,179,179,192,204,204,204],"floor_reached":31,"campfire_rested":5,"playtime":1231,"current_hp_per_floor":[69,63,52,52,42,26,48,48,48,37,59,48,48,50,73,16,77,52,52,52,41,41,72,45,76,76,76,32,3,3,0],"items_purged":["Strike_B"],"gold":204,"score":266,"play_id":"bf313782-cd19-4b04-9ef8-58c05042deb9","local_time":"20180428112336","is_prod":false,"is_daily":false,"chose_seed":false,"is_ascension_mode":false,"campfire_upgraded":0,"timestamp":1524936216,"path_taken":["M","M","M","$","M","E","R","M","T","?","R","M","$","?","R","BOSS","M","$","?","M","?","R","M","R","T","?","M","M","?","?"],"build_version":"2018-04-27v3","seed_source_timestamp":1454675955333976,"purchased_purges":1,"victory":false,"master_deck":["Strike_B","Strike_B","Strike_B","Defend_B","Defend_B","Defend_B","Zap","Dualcast","Amplify","Genetic Algorithm","Capacitor","Static Discharge","Coolheaded","FTL","Sunder","Hyperbeam","Barrage","Ball Lightning","Loop","Static Discharge","Prime","Static Discharge","Apotheosis","Ball Lightning","Static Discharge","Reprogram","Static Discharge"],"max_hp_per_floor":[75,75,75,75,75,75,75,75,75,75,75,75,75,77,77,77,77,77,77,77,77,77,77,79,79,79,79,79,79,79,79],"relics":["Cracked Core","Singing Bowl","The Courier","Eternal Feather","Tiny Chest"],"card_choices":[{"not_picked":["Sunder","Sweeping Beam"],"picked":"Genetic Algorithm","floor":1},{"not_picked":["Axe Kick","Rip and Tear"],"picked":"Capacitor","floor":2},{"not_picked":["Sweeping Beam","Hologram"],"picked":"Static Discharge","floor":3},{"not_picked":["Skim","Melter"],"picked":"Sunder","floor":5},{"not_picked":["Melter","Leap"],"picked":"Hyperbeam","floor":6},{"not_picked":["Sweeping Beam","Capacitor"],"picked":"Barrage","floor":8},{"not_picked":["Coolheaded","Skim"],"picked":"Ball Lightning","floor":10},{"not_picked":["Axe Kick","Reboot"],"picked":"Loop","floor":12},{"not_picked":["Hyperbeam","Fission"],"picked":"Prime","floor":16},{"not_picked":["Capacitor","Axe Kick"],"picked":"Static Discharge","floor":18},{"not_picked":["Go for the Eyes","Stack"],"picked":"Ball Lightning","floor":21},{"not_picked":["Turbo","Skim"],"picked":"Reprogram","floor":28},{"not_picked":["Scrape","Stack"],"picked":"Static Discharge","floor":29}],"player_experience":316731,"potions_floor_usage":[6,21,31],"damage_taken":[{"damage":6,"enemies":"Cultist","floor":1,"turns":3},{"damage":6,"enemies":"Jaw Worm","floor":2,"turns":4},{"damage":11,"enemies":"2 Louse","floor":3,"turns":3},{"damage":10,"enemies":"Blue Slaver","floor":5,"turns":4},{"damage":31,"enemies":"Lagavulin","floor":6,"turns":6},{"damage":0,"enemies":"2 Fungi Beasts","floor":8,"turns":1},{"damage":11,"enemies":"Lots of Slimes","floor":10,"turns":3},{"damage":11,"enemies":"Exordium Wildlife","floor":12,"turns":4},{"damage":0,"enemies":"3 Louse","floor":14,"turns":1},{"damage":57,"enemies":"Hexaghost","floor":16,"turns":7},{"damage":25,"enemies":"Spheric Guardian","floor":18,"turns":5},{"damage":11,"enemies":"3 Byrds","floor":21,"turns":4},{"damage":29,"enemies":"3 Cultists","floor":24,"turns":3},{"damage":44,"enemies":"Cultist and Chosen","floor":28,"turns":4},{"damage":29,"enemies":"Centurion and Healer","floor":29,"turns":4},{"damage":20,"enemies":"Snecko","floor":31,"turns":3}],"event_choices":[{"event_name":"Back to Basics","player_choice":"Elegance","floor":20,"damage_taken":0},{"event_name":"Golden Shrine","player_choice":"Pray","floor":22,"damage_taken":0},{"event_name":"The Library","player_choice":"Read","floor":27,"damage_taken":0},{"event_name":"The Lab","player_choice":"Got Potions","floor":30,"damage_taken":0}],"boss_relics":[{"not_picked":["Runic Dome","Runic Pyramid"],"picked":"Eternal Feather"}],"potions_floor_spawned":[1,8,10,16,21,24,28],"seed_played":"1222994311476114960","killed_by":"Snecko","ascension_level":0,"is_trial":false}