{"gold_per_floor":[10,27,27,47,66,66,81,115,115,115,132,165,165,9,9,83,83,94,94,94,94,106,106,135,148,174,21,71,71,89,4,4,83,83,102,112,122,22,75,75,88,88,88,88,108,0,0,0,0,0,0],"floor_reached":51,"playtime":2014,"items_purged":["Strike_R","Injury"],"score":1354,"play_id":"eb43d5ee-8cbc-4062-9e7e-51423db76096","local_time":"20181129204238","is_ascension_mode":true,"campfire_choices":[{"data":"Carnage","floor":6.0,"key":"SMITH"},{"data":"Demon Form","floor":10.0,"key":"SMITH"},{"data":"Infernal Blade","floor":13.0,"key":"SMITH"},{"data":"Heavy Blade","floor":15.0,"key":"SMITH"},{"floor":23.0,"key":"REST"},{"data":"Bash","floor":29.0,"key":"SMITH"},{"data":"Shrug It Off","floor":32.0,"key":"SMITH"},{"data":"Barricade","floor":40.0,"key":"SMITH"},{"data":"Entrench","floor":42.0,"key":"SMITH"},{"data":"Defend_R","floor":44.0,"key":"SMITH"},{"data":"Sword Boomerang","floor":49.0,"key":"SMITH"}],"neow_cost":"NO_GOLD","seed_source_timestamp":1321112574004139,"circlet_count":0,"master_deck":["AscendersBane","Strike_R","Strike_R","Strike_R","Strike_R","Defend_R","Defend_R","Defend_R","Defend_R+1","Bash+1","Carnage+1","Shrug It Off+1","Thunderclap","Demon Form+1","Heavy Blade+1","Infernal Blade+1","Evolve","Reaper","Warcry","Infernal Blade+1","Reaper","Sword Boomerang+1","Barricade+1","Entrench+1","Injury","Parasite","Body Slam","Regret"],"special_seed":0,"relics":["Burning Blood","FossilizedHelix","Mummified Hand","PreservedInsect","Paper Frog","Self Forming Clay","Cursed Key","Kunai","Pen Nib","Orichalcum","Busted Crown","WingedGreaves","Pocketwatch","Red Mask","Prayer Wheel"],"potions_floor_usage":[],"damage_taken":[{"damage":0.0,"enemies":"2 Louse","floor":1.0,"turns":3.0},{"damage":0.0,"enemies":"Cultist","floor":2.0,"turns":3.0},{"damage":0.0,"enemies":"Jaw Worm","floor":4.0,"turns":3.0},{"damage":8.0,"enemies":"Exordium Wildlife","floor":5.0,"turns":6.0},{"damage":0.0,"enemies":"2 Fungi Beasts","floor":7.0,"turns":3.0},{"damage":30.0,"enemies":"3 Sentries","floor":8.0,"turns":7.0},{"damage":0.0,"enemies":"Large Slime","floor":11.0,"turns":3.0},{"damage":0.0,"enemies":"Lagavulin","floor":12.0,"turns":3.0},{"damage":29.0,"enemies":"Slime Boss","floor":16.0,"turns":7.0},{"damage":0.0,"enemies":"Chosen","floor":18.0,"turns":3.0},{"damage":0.0,"enemies":"Shell Parasite","floor":19.0,"turns":1.0},{"damage":16.0,"enemies":"Snake Plant","floor":22.0,"turns":4.0},{"damage":18.0,"enemies":"Gremlin Leader","floor":24.0,"turns":5.0},{"damage":44.0,"enemies":"Shelled Parasite and Fungi","floor":25.0,"turns":6.0},{"damage":23.0,"enemies":"Centurion and Healer","floor":30.0,"turns":8.0},{"damage":76.0,"enemies":"Collector","floor":33.0,"turns":9.0},{"damage":13.0,"enemies":"Orb Walker","floor":35.0,"turns":3.0},{"damage":38.0,"enemies":"3 Shapes","floor":36.0,"turns":18.0},{"damage":34.0,"enemies":"Jaw Worm Horde","floor":37.0,"turns":4.0},{"damage":31.0,"enemies":"2 Orb Walkers","floor":39.0,"turns":4.0},{"damage":40.0,"enemies":"Sphere and 2 Shapes","floor":41.0,"turns":17.0},{"damage":15.0,"enemies":"Writhing Mass","floor":45.0,"turns":6.0},{"damage":112.0,"enemies":"Time Eater","floor":50.0,"turns":10.0},{"damage":41,"enemies":"Donu and Deca","floor":51,"turns":3}],"seed_played":"-3361473103123371382","potions_obtained":[{"floor":1.0,"key":"SpeedPotion"},{"floor":7.0,"key":"BloodPotion"},{"floor":8.0,"key":"Swift Potion"},{"floor":11.0,"key":"LiquidBronze"},{"floor":18.0,"key":"SmokeBomb"},{"floor":22.0,"key":"Fire Potion"},{"floor":30.0,"key":"Fire Potion"},{"floor":36.0,"key":"FearPotion"},{"floor":39.0,"key":"Regen Potion"},{"floor":45.0,"key":"SkillPotion"}],"is_trial":false,"path_per_floor":["M","M","?","M","M","R","M","E","T","R","M","E","R","$","R","B",null,"M","M","?","?","M","R","E","M","T","$","?","R","M","?","R","B",null,"M","M","M","$","?","R","M","R","T","R","M","?","?","T","R","B","B"],"character_chosen":"IRONCLAD","items_purchased":["Evolve","Reaper"],"campfire_rested":1,"item_purchase_floors":[14,27],"current_hp_per_floor":[74,75,75,75,73,73,75,58,58,58,64,70,70,70,70,47,68,75,75,75,54,44,68,80,55,55,55,55,55,80,80,80,76,79,80,78,80,80,62,62,80,80,80,80,80,80,80,80,80,26,0],"gold":0,"neow_bonus":"ONE_RARE_RELIC","is_prod":false,"is_daily":false,"chose_seed":false,"campfire_upgraded":10,"win_rate":0,"timestamp":1543542158,"path_taken":["M","M","?","M","?","R","M","E","T","R","M","E","R","?","R","BOSS","M","M","?","?","M","R","E","M","T","?","?","R","M","?","R","BOSS","M","M","M","$","?","R","M","R","T","R","M","?","?","?","R","BOSS","BOSS"],"build_version":"2018-11-15","purchased_purges":2,"victory":false,"max_hp_per_floor":[75,75,75,75,75,75,75,75,75,75,75,75,75,75,75,75,75,75,75,75,80,80,80,80,80,80,80,80,80,80,80,80,80,80,80,80,80,80,80,80,80,80,80,80,80,80,80,80,80,80,80],"card_choices":[{"not_picked":["Twin Strike","Shrug It Off"],"picked":"Carnage","floor":1.0},{"not_picked":["Blood for Blood","Rupture","Clash"],"picked":"SKIP","floor":2.0},{"not_picked":["Armaments","Wild Strike"],"picked":"Shrug It Off","floor":4.0},{"not_picked":["Warcry","Corruption"],"picked":"Thunderclap","floor":5.0},{"not_picked":["Cleave","True Grit"],"picked":"Demon Form","floor":7.0},{"not_picked":["Warcry","Iron Wave"],"picked":"Heavy Blade","floor":8.0},{"not_picked":["Corruption","Clash","Blood for Blood"],"picked":"SKIP","floor":11.0},{"not_picked":["Rampage","Armaments"],"picked":"Infernal Blade","floor":12.0},{"not_picked":["Impervious","Demon Form"],"picked":"Reaper","floor":16.0},{"not_picked":["Reckless Charge","Pommel Strike","Body Slam"],"picked":"SKIP","floor":18.0},{"not_picked":["Pommel Strike","Havoc"],"picked":"Rupture","floor":22.0},{"not_picked":["Dropkick","Reckless Charge"],"picked":"Warcry","floor":24.0},{"not_picked":["Heavy Blade","True Grit"],"picked":"Infernal Blade+1","floor":25.0},{"not_picked":["Pommel Strike","Thunderclap"],"picked":"Sword Boomerang","floor":30.0},{"not_picked":["Impervious","Fiend Fire"],"picked":"Barricade","floor":33.0},{"not_picked":["Clothesline"],"picked":"SKIP","floor":35.0},{"not_picked":["Cleave"],"picked":"SKIP","floor":36.0},{"not_picked":["Flex"],"picked":"SKIP","floor":37.0},{"not_picked":[],"picked":"Entrench","floor":41.0},{"not_picked":[],"picked":"Body Slam","floor":45.0}],"player_experience":553550,"relics_obtained":[{"floor":8.0,"key":"PreservedInsect"},{"floor":9.0,"key":"Paper Frog"},{"floor":12.0,"key":"Self Forming Clay"},{"floor":24.0,"key":"Kunai"},{"floor":26.0,"key":"Pen Nib"},{"floor":39.0,"key":"WingedGreaves"},{"floor":43.0,"key":"Pocketwatch"},{"floor":48.0,"key":"Prayer Wheel"}],"event_choices":[{"damage_healed":0.0,"max_hp_gain":0.0,"max_hp_loss":0.0,"gold_gain":0.0,"event_name":"WeMeetAgain","player_choice":"Gave Potion","floor":3.0,"gold_loss":0.0,"damage_taken":0.0,"relics_obtained":["Mummified Hand"]},{"damage_healed":0.0,"max_hp_gain":0.0,"max_hp_loss":0.0,"gold_gain":0.0,"event_name":"Ghosts","player_choice":"Ignored","floor":20.0,"gold_loss":0.0,"damage_taken":0.0},{"damage_healed":0.0,"max_hp_gain":5.0,"max_hp_loss":0.0,"gold_gain":0.0,"event_name":"Forgotten Altar","player_choice":"Shed Blood","floor":21.0,"gold_loss":0.0,"damage_taken":26.0},{"damage_healed":0.0,"max_hp_gain":0.0,"max_hp_loss":0.0,"gold_gain":50.0,"event_name":"Nest","player_choice":"Stole From Cult","floor":28.0,"gold_loss":0.0,"damage_taken":0.0},{"damage_healed":0.0,"max_hp_gain":0.0,"max_hp_loss":0.0,"gold_gain":0.0,"event_name":"Addict","player_choice":"Obtained Relic","floor":31.0,"gold_loss":85.0,"damage_taken":0.0,"relics_obtained":["Orichalcum"]},{"damage_healed":0.0,"max_hp_gain":0.0,"max_hp_loss":0.0,"gold_gain":0.0,"event_name":"Mysterious Sphere","player_choice":"Fight","floor":39.0,"gold_loss":0.0,"damage_taken":0.0},{"damage_healed":0.0,"max_hp_gain":0.0,"max_hp_loss":0.0,"gold_gain":0.0,"event_name":"Tomb of Lord Red Mask","player_choice":"Paid","floor":46.0,"gold_loss":108.0,"damage_taken":0.0,"relics_obtained":["Red Mask"]},{"cards_removed":["Rupture"],"damage_healed":0.0,"max_hp_gain":0.0,"max_hp_loss":0.0,"gold_gain":0.0,"event_name":"Falling","player_choice":"Removed Power","floor":47.0,"gold_loss":0.0,"damage_taken":0.0}],"is_beta":false,"boss_relics":[{"not_picked":["Lizard Tail","Orrery"],"picked":"Cursed Key"},{"not_picked":["Tiny House","Pandora\u0027s Box"],"picked":"Busted Crown"}],"items_purged_floors":[14,38],"is_endless":false,"potions_floor_spawned":[1,7,8,11,18,19,22,30,36,39,45],"killed_by":"Donu and Deca","ascension_level":20}