{"gold_per_floor":[109,126,141,151,151,151,184,184,211,226,252,262,278,310,310,412,412,429,442,456,456],"floor_reached":21,"playtime":1301,"items_purged":[],"score":256,"play_id":"42b5ef5f-2bfa-43a6-a463-dfdfccba6463","local_time":"20190301153507","is_ascension_mode":true,"campfire_choices":[{"data":"Bash","floor":6,"key":"SMITH"},{"floor":8,"key":"REST"},{"floor":15,"key":"REST"}],"neow_cost":"NONE","seed_source_timestamp":233137018822697,"circlet_count":0,"master_deck":["Strike_R","Strike_R","Strike_R","Strike_R","Defend_R","Defend_R","Defend_R","Defend_R","Bash+1","Feel No Pain","Shrug It Off","Battle Trance","Disarm","Heavy Blade","Anger","Burning Pact","Inflame","Flex","Feed","Armaments","Reaper","Warcry","Uppercut+1"],"relics":["Burning Blood","Happy Flower","Orichalcum","Oddly Smooth Stone","Vajra","Black Star"],"potions_floor_usage":[7,14,16],"damage_taken":[{"damage":6,"enemies":"Cultist","floor":1,"turns":3},{"damage":2,"enemies":"2 Louse","floor":2,"turns":4},{"damage":6,"enemies":"Small Slimes","floor":3,"turns":6},{"damage":7,"enemies":"Red Slaver","floor":4,"turns":8},{"damage":64,"enemies":"Lagavulin","floor":7,"turns":7},{"damage":1,"enemies":"Large Slime","floor":10,"turns":6},{"damage":17,"enemies":"3 Sentries","floor":11,"turns":9},{"damage":2,"enemies":"Exordium Wildlife","floor":12,"turns":3},{"damage":4,"enemies":"3 Louse","floor":13,"turns":4},{"damage":31,"enemies":"Lagavulin","floor":14,"turns":7},{"damage":34,"enemies":"Slime Boss","floor":16,"turns":17},{"damage":38,"enemies":"2 Thieves","floor":18,"turns":5},{"damage":13,"enemies":"Spheric Guardian","floor":19,"turns":4},{"damage":15,"enemies":"Snake Plant","floor":20,"turns":6}],"seed_played":"3926157077969980856","potions_obtained":[{"floor":2,"key":"GamblersBrew"},{"floor":3,"key":"PowerPotion"},{"floor":10,"key":"SpeedPotion"},{"floor":11,"key":"Block Potion"},{"floor":12,"key":"LiquidBronze"}],"is_trial":false,"path_per_floor":["M","M","M","M","?","R","E","R","T","M","E","M","M","E","R","B",null,"M","M","M","$"],"character_chosen":"IRONCLAD","items_purchased":[],"campfire_rested":2,"item_purchase_floors":[],"current_hp_per_floor":[80,80,80,79,79,79,21,45,45,50,39,43,45,23,47,22,70,52,45,36,36],"gold":456,"neow_bonus":"TRANSFORM_CARD","is_prod":false,"is_daily":false,"chose_seed":false,"campfire_upgraded":1,"win_rate":0,"timestamp":1551450907,"path_taken":["M","M","?","M","?","R","E","R","T","M","E","M","M","E","R","BOSS","M","M","M","$"],"build_version":"2019-01-23","purchased_purges":0,"victory":false,"max_hp_per_floor":[80,80,80,80,80,80,80,80,80,80,80,80,80,83,83,86,86,90,90,90,90],"card_choices":[{"not_picked":["Twin Strike","Feel No Pain"],"picked":"Shrug It Off","floor":1},{"not_picked":["Shrug It Off","Armaments"],"picked":"Battle Trance","floor":2},{"not_picked":["Pommel Strike","Flex"],"picked":"Disarm","floor":3},{"not_picked":["Iron Wave","True Grit"],"picked":"Heavy Blade","floor":4},{"not_picked":["Shrug It Off","Dual Wield"],"picked":"Anger","floor":7},{"not_picked":["Combust","Body Slam"],"picked":"Burning Pact","floor":10},{"not_picked":["Perfected Strike","Warcry"],"picked":"Inflame","floor":11},{"not_picked":["Havoc","Searing Blow"],"picked":"Flex","floor":12},{"not_picked":["Shrug It Off","Anger"],"picked":"Feed","floor":13},{"not_picked":["Corruption","Shockwave"],"picked":"Armaments","floor":14},{"not_picked":["Brutality","Impervious"],"picked":"Reaper","floor":16},{"not_picked":["Pommel Strike","Flex"],"picked":"Warcry","floor":18},{"not_picked":["Anger","Inflame"],"picked":"Uppercut+1","floor":19},{"not_picked":["Entrench","Searing Blow","Clash+1"],"picked":"SKIP","floor":20}],"player_experience":287771,"relics_obtained":[{"floor":7,"key":"Happy Flower"},{"floor":9,"key":"Orichalcum"},{"floor":11,"key":"Oddly Smooth Stone"},{"floor":14,"key":"Vajra"}],"event_choices":[{"damage_healed":0,"gold_gain":0,"player_choice":"Ignored","damage_taken":0,"max_hp_gain":0,"max_hp_loss":0,"event_name":"Liars Game","floor":5,"gold_loss":0}],"is_beta":false,"boss_relics":[{"not_picked":["Calling Bell","Lizard Tail"],"picked":"Black Star"}],"items_purged_floors":[],"is_endless":false,"potions_floor_spawned":[2,3,10,11,12],"ascension_level":5}