{"path_per_floor":["M","M","?","M","$","R","M","R","T","M","R","E","?","M","R"],"character_chosen":"DEFECT","items_purchased":["Capacitor"],"gold_per_floor":[110,121,121,135,37,37,55,55,55,67,67,98,158,178,178,178],"floor_reached":16,"campfire_rested":3,"playtime":599,"current_hp_per_floor":[74,74,67,65,65,65,52,74,81,70,82,43,29,9,33,0],"items_purged":["Undo"],"gold":178,"score":102,"play_id":"cf646bb0-2cae-4264-9061-833379914b56","local_time":"20180505173322","is_prod":false,"is_daily":false,"chose_seed":false,"is_ascension_mode":false,"campfire_upgraded":1,"timestamp":1525563202,"path_taken":["M","M","?","?","?","R","M","R","T","M","R","E","?","M","R","BOSS"],"build_version":"2018-05-03","seed_source_timestamp":2082325190661072,"purchased_purges":1,"victory":false,"master_deck":["Strike_B","Strike_B","Strike_B","Defend_B","Defend_B","Defend_B","Zap","Dualcast","Capacitor+1","Rebound","Defragment","Capacitor","Impulse","Skim","Tempest","Aggregate","Stack"],"max_hp_per_floor":[75,75,75,75,75,75,75,75,82,82,82,82,82,82,82,82],"relics":["Cracked Core","Strawberry","Kunai","DataDisk"],"card_choices":[{"not_picked":["Cold Snap","Aggregate"],"picked":"Capacitor","floor":1},{"not_picked":["Axe Kick","Turbo"],"picked":"Rebound","floor":2},{"not_picked":["Rip and Tear","Go for the Eyes"],"picked":"Defragment","floor":4},{"not_picked":["Rip and Tear","Doom and Gloom"],"picked":"Impulse","floor":7},{"not_picked":["Chill","Leap"],"picked":"Skim","floor":10},{"not_picked":["Sweeping Beam","White Noise"],"picked":"Tempest","floor":12},{"not_picked":["Cold Snap","Turbo"],"picked":"Aggregate","floor":13},{"not_picked":["Seek","Gash"],"picked":"Stack","floor":14}],"player_experience":333735,"potions_floor_usage":[12,13,13,16,16],"damage_taken":[{"damage":1,"enemies":"2 Louse","floor":1,"turns":4},{"damage":6,"enemies":"Jaw Worm","floor":2,"turns":4},{"damage":2,"enemies":"Small Slimes","floor":4,"turns":3},{"damage":13,"enemies":"Red Slaver","floor":7,"turns":3},{"damage":11,"enemies":"Large Slime","floor":10,"turns":4},{"damage":39,"enemies":"Gremlin Nob","floor":12,"turns":5},{"damage":14,"enemies":"Gremlin Nob","floor":13,"turns":3},{"damage":20,"enemies":"Looter","floor":14,"turns":3},{"damage":51,"enemies":"The Guardian","floor":16,"turns":9}],"event_choices":[{"event_name":"Golden Wing","player_choice":"Card Removal","floor":3,"damage_taken":0},{"event_name":"Dead Adventurer","player_choice":"Searched \u00271\u0027 times","floor":13,"damage_taken":0}],"boss_relics":[],"potions_floor_spawned":[2,7,12,13,13],"seed_played":"-8609764606515452228","killed_by":"The Guardian","ascension_level":0,"is_trial":false}