{"gold_per_floor":[111,126,139,139,139,139,166,166,166,196,25,37,71,31,31,103,103,123,43,56,56],"floor_reached":21,"playtime":760,"items_purged":[],"score":364,"play_id":"f9167847-3b03-4b66-98c0-b0f9352b6adb","local_time":"20181130160556","is_ascension_mode":true,"campfire_choices":[{"data":"Poisoned Stab","floor":6.0,"key":"SMITH"},{"floor":8.0,"key":"REST"},{"floor":15,"key":"REST"}],"neow_cost":"NONE","seed_source_timestamp":0,"circlet_count":0,"master_deck":["AscendersBane","Defend_G","Defend_G","Defend_G","Defend_G","Defend_G+1","Strike_G","Strike_G","Strike_G","Strike_G","Survivor","Neutralize+1","Flying Knee","Poisoned Stab+1","PiercingWail+1","Poisoned Stab","Cloak And Dagger","Cloak And Dagger","Noxious Fumes","Sucker Punch","Blur","Dodge and Roll"],"special_seed":0,"relics":["Busted Crown","Matryoshka","War Paint","Mercury Hourglass","Ancient Tea Set","Snake Skull","Pen Nib","Philosopher\u0027s Stone"],"potions_floor_usage":[18],"damage_taken":[{"damage":2.0,"enemies":"Small Slimes","floor":1.0,"turns":4.0},{"damage":8.0,"enemies":"2 Louse","floor":2.0,"turns":4.0},{"damage":1.0,"enemies":"Cultist","floor":3.0,"turns":5.0},{"damage":27.0,"enemies":"Gremlin Nob","floor":7.0,"turns":5.0},{"damage":20.0,"enemies":"Lagavulin","floor":10.0,"turns":7.0},{"damage":4.0,"enemies":"Exordium Thugs","floor":12.0,"turns":4.0},{"damage":3.0,"enemies":"3 Sentries","floor":13.0,"turns":6.0},{"damage":13,"enemies":"The Guardian","floor":16,"turns":9},{"damage":33,"enemies":"3 Byrds","floor":18,"turns":5},{"damage":29,"enemies":"2 Thieves","floor":20,"turns":4},{"damage":11,"enemies":"3 Cultists","floor":21,"turns":4}],"seed_played":"-8604161519206570250","potions_obtained":[{"floor":1.0,"key":"Ancient Potion"},{"floor":10.0,"key":"Dexterity Potion"},{"floor":12.0,"key":"Regen Potion"},{"floor":16,"key":"Regen Potion"}],"is_trial":false,"path_per_floor":["M","M","M","?","?","R","E","R","T","E","$","M","E","E","$","R","B",null,"M","$","M","M"],"character_chosen":"THE_SILENT","items_purchased":["Snake Skull","Noxious Fumes","Blur"],"campfire_rested":2,"item_purchase_floors":[11,14,19],"current_hp_per_floor":[57,49,48,48,41,41,14,33,33,13,13,9,21,21,40,27,56,38,38,9,0],"gold":56,"neow_bonus":"BOSS_RELIC","is_prod":false,"is_daily":false,"chose_seed":false,"campfire_upgraded":1,"win_rate":0,"timestamp":1543611956,"path_taken":["M","M","M","?","?","R","E","R","T","E","$","M","E","$","R","BOSS","M","$","M","M"],"build_version":"2018-11-15","purchased_purges":0,"victory":false,"max_hp_per_floor":[66,66,66,66,66,66,66,66,66,66,66,66,66,66,66,66,66,66,66,66,66],"card_choices":[{"not_picked":["Choke"],"picked":"SKIP","floor":1.0},{"not_picked":[],"picked":"Flying Knee","floor":2.0},{"not_picked":[],"picked":"Poisoned Stab","floor":3.0},{"not_picked":[],"picked":"PiercingWail","floor":7.0},{"not_picked":[],"picked":"Poisoned Stab","floor":10.0},{"not_picked":[],"picked":"Cloak And Dagger","floor":12.0},{"not_picked":[],"picked":"Cloak And Dagger","floor":13},{"not_picked":[],"picked":"Sucker Punch","floor":18},{"not_picked":[],"picked":"Dodge and Roll","floor":20}],"player_experience":558281,"relics_obtained":[{"floor":7.0,"key":"Matryoshka"},{"floor":9.0,"key":"War Paint"},{"floor":9.0,"key":"Mercury Hourglass"},{"floor":10.0,"key":"Ancient Tea Set"},{"floor":13,"key":"Pen Nib"}],"event_choices":[{"damage_healed":0.0,"max_hp_gain":0.0,"max_hp_loss":0.0,"gold_gain":0.0,"event_name":"Living Wall","player_choice":"Grow","floor":4.0,"gold_loss":0.0,"damage_taken":0.0,"cards_upgraded":["Neutralize"]},{"cards_removed":["Strike_G"],"damage_healed":0.0,"max_hp_gain":0.0,"max_hp_loss":0.0,"gold_gain":0.0,"event_name":"Golden Wing","player_choice":"Card Removal","floor":5.0,"gold_loss":0.0,"damage_taken":7.0}],"is_beta":false,"boss_relics":[{"not_picked":["Runic Pyramid","Eternal Feather"],"picked":"Philosopher\u0027s Stone"}],"items_purged_floors":[],"is_endless":false,"potions_floor_spawned":[1,10,12,16],"killed_by":"3 Cultists","ascension_level":17}