{"gold_per_floor":[109,126,146,166,166,199,199,213,213,229,246,246],"floor_reached":12,"playtime":3185,"items_purged":[],"score":84,"play_id":"c6db6f61-e040-4388-97fa-604038092a83","local_time":"20190128144838","is_ascension_mode":false,"campfire_choices":[{"floor":7,"key":"REST"}],"neow_cost":"","seed_source_timestamp":0,"circlet_count":0,"master_deck":["Strike_R","Strike_R","Strike_R","Strike_R","Strike_R","Defend_R","Defend_R","Defend_R","Defend_R","Bash","Pommel Strike","Sever Soul","Clothesline","Thunderclap","Fire Breathing","True Grit","Iron Wave","Rampage"],"special_seed":0,"relics":["Burning Blood","Paper Frog","StoneCalendar","Bottled Lightning"],"potions_floor_usage":[],"damage_taken":[{"damage":2.0,"enemies":"Cultist","floor":1.0,"turns":5.0},{"damage":7.0,"enemies":"2 Louse","floor":2.0,"turns":3.0},{"damage":7.0,"enemies":"Small Slimes","floor":3.0,"turns":5.0},{"damage":10.0,"enemies":"Looter","floor":4.0,"turns":4.0},{"damage":39.0,"enemies":"3 Sentries","floor":6.0,"turns":9.0},{"damage":11,"enemies":"Lots of Slimes","floor":8,"turns":3},{"damage":8,"enemies":"Large Slime","floor":10,"turns":6},{"damage":27,"enemies":"Gremlin Gang","floor":11,"turns":5},{"damage":38,"enemies":"Exordium Thugs","floor":12,"turns":6}],"seed_played":"6966000424260063943","potions_obtained":[{"floor":2.0,"key":"Block Potion"},{"floor":3.0,"key":"PowerPotion"},{"floor":6.0,"key":"FearPotion"}],"is_trial":false,"path_per_floor":["M","M","M","M","?","E","R","M","T","M","M","M"],"character_chosen":"IRONCLAD","items_purchased":[],"campfire_rested":1,"item_purchase_floors":[],"current_hp_per_floor":[80,79,78,74,62,29,53,48,48,46,25,0],"gold":246,"neow_bonus":"","is_prod":false,"is_daily":false,"chose_seed":false,"campfire_upgraded":0,"win_rate":0.0,"timestamp":1548683318,"path_taken":["M","M","M","M","?","E","R","M","T","M","M","M"],"build_version":"2019-01-23","purchased_purges":0,"victory":false,"max_hp_per_floor":[80,80,80,80,80,80,80,80,80,80,80,80],"card_choices":[{"not_picked":["Sword Boomerang","Rupture"],"picked":"Pommel Strike","floor":1.0},{"not_picked":["Headbutt","Warcry"],"picked":"Sever Soul","floor":2.0},{"not_picked":["Shrug It Off","Cleave"],"picked":"Clothesline","floor":3.0},{"not_picked":["Headbutt","Armaments"],"picked":"Thunderclap","floor":4.0},{"not_picked":["Burning Pact","Disarm"],"picked":"Fire Breathing","floor":6.0},{"not_picked":["Battle Trance","Second Wind"],"picked":"True Grit","floor":8},{"not_picked":["Whirlwind","Warcry"],"picked":"Iron Wave","floor":10},{"not_picked":["Combust","Flex"],"picked":"Rampage","floor":11}],"player_experience":0,"relics_obtained":[{"floor":6.0,"key":"StoneCalendar"},{"floor":9,"key":"Bottled Lightning"}],"event_choices":[{"damage_healed":0.0,"max_hp_gain":0.0,"max_hp_loss":0.0,"gold_gain":0.0,"event_name":"Scrap Ooze","player_choice":"Success","floor":5.0,"gold_loss":0.0,"damage_taken":12.0,"relics_obtained":["Paper Frog"]}],"is_beta":false,"boss_relics":[],"items_purged_floors":[],"is_endless":false,"potions_floor_spawned":[2,3,6,11],"killed_by":"Exordium Thugs","ascension_level":0}