{"gold_per_floor":[115,190,190,209,209,209,234,234,259,291,291,291,291,314,314,392,392,409,324,324,86,106,137,152,152,152,168,168,188,28,60,60,134,134,148,162,175,19,19,19,30,30],"floor_reached":42,"playtime":2183,"items_purged":["Strike_B"],"score":959,"play_id":"0bfd1d36-9c39-4939-b349-ed7775192ede","local_time":"20190223140020","is_ascension_mode":true,"campfire_choices":[{"data":"Zap","floor":6,"key":"SMITH"},{"floor":12,"key":"REST"},{"data":"Compile Driver","floor":15,"key":"SMITH"},{"data":"Coolheaded","floor":25,"key":"SMITH"},{"floor":28,"key":"REST"},{"floor":32,"key":"REST"},{"data":"Rainbow","floor":40,"key":"SMITH"}],"neow_cost":"NONE","seed_source_timestamp":2103564601925,"circlet_count":0,"master_deck":["AscendersBane","Strike_B","Strike_B","Defend_B","Defend_B","Defend_B","Defend_B","Zap+1","Dualcast","Compile Driver+1","Ball Lightning","Conserve Battery","Seek","Seek","Coolheaded+1","Machine Learning","Rebound+1","White Noise+1","Compile Driver","Core Surge","Creative AI","Hologram","Rainbow+1","Pain","Hologram+1"],"relics":["Cracked Core","NeowsBlessing","Pen Nib","Bag of Marbles","DataDisk","PreservedInsect","Art of War","Singing Bowl","Orichalcum","Nuclear Battery","Strawberry","Ancient Tea Set","Ice Cream","Lantern","Torii","Cursed Key","Omamori"],"potions_floor_usage":[16,16,23,27,33,33],"damage_taken":[{"damage":0,"enemies":"Small Slimes","floor":1,"turns":1},{"damage":0,"enemies":"2 Louse","floor":4,"turns":1},{"damage":0,"enemies":"Gremlin Nob","floor":7,"turns":1},{"damage":25,"enemies":"Lagavulin","floor":10,"turns":6},{"damage":20,"enemies":"Hexaghost","floor":16,"turns":9},{"damage":2,"enemies":"3 Byrds","floor":18,"turns":4},{"damage":10,"enemies":"Spheric Guardian","floor":22,"turns":4},{"damage":13,"enemies":"Gremlin Leader","floor":23,"turns":4},{"damage":21,"enemies":"Shelled Parasite and Fungi","floor":24,"turns":4},{"damage":1,"enemies":"Snake Plant","floor":27,"turns":3},{"damage":0,"enemies":"3 Cultists","floor":29,"turns":2},{"damage":25,"enemies":"Slavers","floor":31,"turns":3},{"damage":39,"enemies":"Automaton","floor":33,"turns":8},{"damage":10,"enemies":"3 Shapes","floor":35,"turns":7},{"damage":0,"enemies":"Orb Walker","floor":36,"turns":3},{"damage":9,"enemies":"Spire Growth","floor":37,"turns":4},{"damage":49,"enemies":"3 Darklings","floor":41,"turns":4},{"damage":5,"enemies":"Nemesis","floor":42,"turns":2}],"seed_played":"-7212155765267400695","potions_obtained":[{"floor":1,"key":"EssenceOfSteel"},{"floor":4,"key":"Block Potion"},{"floor":16,"key":"Fruit Juice"},{"floor":23,"key":"FocusPotion"},{"floor":27,"key":"EntropicBrew"},{"floor":29,"key":"Dexterity Potion"},{"floor":33,"key":"FearPotion"},{"floor":37,"key":"EntropicBrew"}],"is_trial":false,"path_per_floor":["M","?","?","M","?","R","E","?","T","E","T","R","?","T","R","B",null,"M","?","?","$","M","E","M","R","T","M","R","M","$","E","R","B",null,"M","M","M","$","T","R","M","E"],"character_chosen":"DEFECT","items_purchased":["Coolheaded","Block Potion","Strength Potion","Lantern","Rainbow"],"campfire_rested":3,"item_purchase_floors":[21,21,21,30,38],"current_hp_per_floor":[64,53,53,53,46,46,46,46,46,21,21,42,37,37,37,22,63,63,70,70,70,60,47,28,28,28,27,53,53,53,28,54,15,69,59,61,54,54,54,54,5,0],"gold":30,"neow_bonus":"THREE_ENEMY_KILL","is_prod":false,"is_daily":false,"chose_seed":false,"campfire_upgraded":4,"win_rate":0,"timestamp":1550948420,"path_taken":["M","?","?","?","?","R","E","?","T","E","?","R","?","?","R","BOSS","M","?","?","$","M","E","M","R","T","?","R","M","$","E","R","BOSS","M","M","?","?","?","R","M","E"],"build_version":"2019-01-23","purchased_purges":1,"victory":false,"max_hp_per_floor":[71,71,71,71,71,71,71,71,71,71,71,71,71,71,71,76,76,78,85,85,85,85,85,87,87,87,87,87,87,87,87,87,87,87,87,89,91,91,91,91,91,91],"card_choices":[{"not_picked":["Turbo","Melter"],"picked":"Compile Driver","floor":1},{"not_picked":["Stack","Turbo","Gash"],"picked":"SKIP","floor":4},{"not_picked":["Cold Snap","Multi-Cast"],"picked":"Ball Lightning","floor":7},{"not_picked":["Sweeping Beam","Skim"],"picked":"Conserve Battery","floor":10},{"not_picked":["Thunder Strike","Machine Learning"],"picked":"Seek","floor":16},{"not_picked":["Gash","Beam Cell","Redo"],"picked":"Singing Bowl","floor":18},{"not_picked":["Rebound","Melter"],"picked":"Machine Learning","floor":22},{"not_picked":["Melter","Sunder"],"picked":"Rebound+1","floor":23},{"not_picked":["Static Discharge","Streamline","Skim"],"picked":"Singing Bowl","floor":24},{"not_picked":["Gash","Stack"],"picked":"White Noise+1","floor":27},{"not_picked":["Chaos","Ball Lightning"],"picked":"Compile Driver","floor":29},{"not_picked":["Rebound+1","Heatsinks"],"picked":"Core Surge","floor":31},{"not_picked":["Core Surge","Amplify"],"picked":"Creative AI","floor":33},{"not_picked":["Stack","Compile Driver+1"],"picked":"Hologram","floor":35},{"not_picked":["Streamline","Redo","Steam+1"],"picked":"Singing Bowl","floor":36},{"not_picked":["Barrage+1","Hologram","Force Field"],"picked":"Singing Bowl","floor":37},{"not_picked":["Conserve Battery+1","Auto Shields"],"picked":"Hologram+1","floor":41}],"player_experience":703331,"relics_obtained":[{"floor":7,"key":"Bag of Marbles"},{"floor":9,"key":"DataDisk"},{"floor":10,"key":"PreservedInsect"},{"floor":11,"key":"Art of War"},{"floor":14,"key":"Orichalcum"},{"floor":23,"key":"Ancient Tea Set"},{"floor":26,"key":"Ice Cream"},{"floor":31,"key":"Torii"},{"floor":39,"key":"Omamori"}],"event_choices":[{"damage_healed":0,"gold_gain":75,"player_choice":"Gather Gold","damage_taken":11,"max_hp_gain":0,"max_hp_loss":0,"event_name":"World of Goop","floor":2,"gold_loss":0},{"damage_healed":0,"gold_gain":0,"player_choice":"Gave Potion","damage_taken":0,"relics_obtained":["Pen Nib"],"max_hp_gain":0,"max_hp_loss":0,"event_name":"WeMeetAgain","floor":3,"gold_loss":0},{"cards_removed":["Strike_B"],"damage_healed":0,"gold_gain":0,"player_choice":"Card Removal","damage_taken":7,"max_hp_gain":0,"max_hp_loss":0,"event_name":"Golden Wing","floor":5,"gold_loss":0},{"damage_healed":0,"gold_gain":0,"player_choice":"Ignored","damage_taken":0,"max_hp_gain":0,"max_hp_loss":0,"event_name":"Liars Game","floor":8,"gold_loss":0},{"damage_healed":0,"gold_gain":0,"player_choice":"Success","damage_taken":5,"relics_obtained":["Singing Bowl"],"max_hp_gain":0,"max_hp_loss":0,"event_name":"Scrap Ooze","floor":13,"gold_loss":0},{"damage_healed":0,"gold_gain":0,"player_choice":"Obtained Relic","damage_taken":0,"relics_obtained":["Strawberry"],"max_hp_gain":0,"max_hp_loss":0,"event_name":"Addict","floor":19,"gold_loss":85},{"damage_healed":0,"gold_gain":0,"player_choice":"Copied","damage_taken":0,"max_hp_gain":0,"max_hp_loss":0,"event_name":"Duplicator","floor":20,"gold_loss":0,"cards_obtained":["Seek"]}],"is_beta":false,"boss_relics":[{"not_picked":["Eternal Feather","Pandora\u0027s Box"],"picked":"Nuclear Battery"},{"not_picked":["Tiny House","Coffee Dripper"],"picked":"Cursed Key"}],"items_purged_floors":[21],"is_endless":false,"potions_floor_spawned":[1,4,16,23,27,29,33,37],"killed_by":"Nemesis","ascension_level":20}