{"gold_per_floor":[110,110,126,126,146,146,71,89,89,117,117,129,142,162,162,162],"floor_reached":16,"playtime":1295,"items_purged":["Decay"],"score":109,"play_id":"5e314a7d-3260-41a4-bde2-c095e2fad52f","local_time":"20190224174818","is_ascension_mode":true,"campfire_choices":[{"data":"Crippling Poison","floor":6,"key":"SMITH"},{"data":"Sucker Punch","floor":11,"key":"SMITH"},{"floor":15,"key":"REST"}],"neow_cost":"CURSE","seed_source_timestamp":861138278145300,"circlet_count":0,"master_deck":["Defend_G","Defend_G","Defend_G","Defend_G","Defend_G","Strike_G","Strike_G","Strike_G","Strike_G","Survivor","Neutralize","Heel Hook","Flash of Steel","Crippling Poison+1","Sucker Punch+1","Heel Hook","Tools of the Trade+1"],"relics":["Ring of the Snake","Bird Faced Urn","Frozen Egg 2"],"potions_floor_usage":[10,13,14],"damage_taken":[{"damage":5,"enemies":"Cultist","floor":1,"turns":5},{"damage":0,"enemies":"2 Louse","floor":3,"turns":3},{"damage":2,"enemies":"Small Slimes","floor":5,"turns":4},{"damage":7,"enemies":"Exordium Wildlife","floor":8,"turns":3},{"damage":18,"enemies":"Lagavulin","floor":10,"turns":10},{"damage":7,"enemies":"Large Slime","floor":12,"turns":8},{"damage":0,"enemies":"Lots of Slimes","floor":13,"turns":2},{"damage":4,"enemies":"Exordium Thugs","floor":14,"turns":4},{"damage":52,"enemies":"The Guardian","floor":16,"turns":16}],"seed_played":"1566507637352825239","potions_obtained":[{"floor":1,"key":"Dexterity Potion"},{"floor":5,"key":"Ancient Potion"},{"floor":12,"key":"Block Potion"},{"floor":13,"key":"AttackPotion"}],"is_trial":false,"path_per_floor":["M","?","M","?","M","R","$","M","T","E","R","M","M","M","R","B"],"character_chosen":"THE_SILENT","items_purchased":[],"campfire_rested":1,"item_purchase_floors":[],"current_hp_per_floor":[65,65,65,65,63,63,63,56,56,38,38,31,31,27,48,0],"gold":162,"neow_bonus":"ONE_RARE_RELIC","is_prod":false,"is_daily":false,"chose_seed":false,"campfire_upgraded":2,"win_rate":0,"timestamp":1550990898,"path_taken":["M","?","M","?","M","R","$","?","T","E","R","M","M","M","R","BOSS"],"build_version":"2019-01-23","purchased_purges":1,"victory":false,"max_hp_per_floor":[70,70,70,70,70,70,70,70,70,70,70,70,70,70,70,70],"card_choices":[{"not_picked":["Prepared","Backflip","Bane"],"picked":"SKIP","floor":1},{"not_picked":["Blade Dance","Footwork"],"picked":"Heel Hook","floor":3},{"not_picked":["Dodge and Roll","Deadly Poison"],"picked":"Crippling Poison","floor":5},{"not_picked":["Outmaneuver","Bane","Riddle With Holes"],"picked":"SKIP","floor":8},{"not_picked":["Flying Knee","Cloak And Dagger"],"picked":"Sucker Punch","floor":10},{"not_picked":["Dodge and Roll","Underhanded Strike","Reflex"],"picked":"SKIP","floor":12},{"not_picked":["Bane","Crippling Poison"],"picked":"Heel Hook","floor":13},{"not_picked":["Blade Dance","Endless Agony"],"picked":"Tools of the Trade+1","floor":14}],"player_experience":170589,"relics_obtained":[{"floor":10,"key":"Frozen Egg 2"}],"event_choices":[{"cards_removed":["Strike_G"],"damage_healed":0,"gold_gain":0,"player_choice":"Forget","damage_taken":0,"max_hp_gain":0,"max_hp_loss":0,"event_name":"Living Wall","floor":2,"gold_loss":0},{"damage_healed":0,"gold_gain":0,"player_choice":"1 cards matched","damage_taken":0,"max_hp_gain":0,"max_hp_loss":0,"event_name":"Match and Keep!","floor":4,"gold_loss":0,"cards_obtained":["Flash of Steel"]}],"is_beta":false,"boss_relics":[],"items_purged_floors":[7],"is_endless":false,"potions_floor_spawned":[1,5,12,13],"killed_by":"The Guardian","ascension_level":1}