{"gold_per_floor":[113,113,113,15,31,31,48,75,75,103,103,129,129,25,25,125,125,139,61,75,75,75,75,27,27,27,126,51,80,80,93,93,93],"floor_reached":33,"playtime":2336,"items_purged":["Pain"],"score":479,"play_id":"d9266727-59c9-4c6c-a0c6-aa80d2fac0f6","local_time":"20190305172036","is_ascension_mode":true,"campfire_choices":[{"data":"True Grit","floor":6,"key":"SMITH"},{"data":"Clothesline","floor":11,"key":"SMITH"},{"floor":15,"key":"REST"},{"data":"Inflame","floor":23,"key":"SMITH"},{"data":"Bash","floor":30,"key":"SMITH"},{"floor":32,"key":"REST"}],"neow_cost":"NONE","seed_source_timestamp":108170655713944,"circlet_count":0,"master_deck":["AscendersBane","Strike_R+1","Strike_R+1","Strike_R+1","Strike_R+1","Strike_R+1","Defend_R+1","Defend_R+1","Defend_R+1","Defend_R+1","Bash+1","Headbutt","True Grit+1","Clothesline+1","Shrug It Off","Battle Trance","Shrug It Off","Inflame+1","Pain"],"relics":["Burning Blood","Art of War","Darkstone Periapt","Bottled Flame","Singing Bowl","Shuriken","Cursed Key","Letter Opener","Bag of Marbles","Juzu Bracelet"],"potions_floor_usage":[8,10,12,16,16,29,29,31],"damage_taken":[{"damage":1,"enemies":"Cultist","floor":1,"turns":4},{"damage":2,"enemies":"Small Slimes","floor":5,"turns":5},{"damage":3,"enemies":"Jaw Worm","floor":7,"turns":3},{"damage":22,"enemies":"3 Sentries","floor":8,"turns":14},{"damage":17,"enemies":"Gremlin Nob","floor":10,"turns":4},{"damage":32,"enemies":"Lagavulin","floor":12,"turns":6},{"damage":54,"enemies":"Hexaghost","floor":16,"turns":15},{"damage":22,"enemies":"2 Thieves","floor":18,"turns":5},{"damage":22,"enemies":"Spheric Guardian","floor":20,"turns":4},{"damage":22,"enemies":"Slavers","floor":29,"turns":5},{"damage":23,"enemies":"Centurion and Healer","floor":31,"turns":6},{"damage":87,"enemies":"Champ","floor":33,"turns":18}],"seed_played":"4364848658859766719","potions_obtained":[{"floor":1,"key":"SpeedPotion"},{"floor":8,"key":"SteroidPotion"},{"floor":12,"key":"SteroidPotion"},{"floor":20,"key":"Poison Potion"},{"floor":29,"key":"Block Potion"}],"is_trial":false,"path_per_floor":["M","?","?","$","M","R","M","E","T","E","R","E","?","$","R","B",null,"M","$","M","?","?","R","$","T","T","?","$","E","R","M","R","B"],"character_chosen":"IRONCLAD","items_purchased":["Block Potion","True Grit","Dexterity Potion","Shrug It Off","Inflame","SteroidPotion"],"campfire_rested":2,"item_purchase_floors":[4,4,14,14,19,24],"current_hp_per_floor":[77,82,82,82,85,85,85,69,69,60,60,36,36,36,62,16,72,58,58,44,44,75,75,75,81,87,87,87,73,73,58,91,4],"gold":93,"neow_bonus":"RANDOM_COMMON_RELIC","is_prod":false,"is_daily":false,"chose_seed":false,"campfire_upgraded":4,"win_rate":0,"timestamp":1551828036,"path_taken":["M","?","?","?","?","R","M","E","T","E","R","E","?","$","R","BOSS","M","$","M","?","?","R","$","?","T","?","$","E","R","M","R","BOSS"],"build_version":"2019-01-23","purchased_purges":1,"victory":false,"max_hp_per_floor":[80,85,85,85,85,85,85,85,85,87,87,89,89,89,89,91,91,93,93,95,95,95,95,95,101,107,107,107,109,109,111,111,111],"card_choices":[{"not_picked":["Seeing Red","Clash"],"picked":"Headbutt","floor":1},{"not_picked":["Warcry","Cleave"],"picked":"Clothesline","floor":5},{"not_picked":["Exhume","Rampage"],"picked":"Shrug It Off","floor":7},{"not_picked":["Clothesline","Uppercut"],"picked":"Battle Trance","floor":8},{"not_picked":["Searing Blow","Battle Trance","Fiend Fire"],"picked":"Singing Bowl","floor":10},{"not_picked":["Thunderclap","Infernal Blade","Anger"],"picked":"Singing Bowl","floor":12},{"not_picked":["Bludgeon","Limit Break","Offering"],"picked":"Singing Bowl","floor":16},{"not_picked":["Twin Strike","Metallicize","Wild Strike"],"picked":"Singing Bowl","floor":18},{"not_picked":["Warcry","Sentinel","Armaments+1"],"picked":"Singing Bowl","floor":20},{"not_picked":["Twin Strike","Metallicize","Carnage"],"picked":"Singing Bowl","floor":29},{"not_picked":["Shrug It Off","Armaments","Sword Boomerang"],"picked":"Singing Bowl","floor":31}],"player_experience":191839,"relics_obtained":[{"floor":8,"key":"Darkstone Periapt"},{"floor":9,"key":"Bottled Flame"},{"floor":10,"key":"Singing Bowl"},{"floor":12,"key":"Shuriken"},{"floor":25,"key":"Letter Opener"},{"floor":26,"key":"Bag of Marbles"},{"floor":29,"key":"Juzu Bracelet"}],"event_choices":[{"damage_healed":0,"gold_gain":0,"player_choice":"Donut","damage_taken":0,"max_hp_gain":5,"max_hp_loss":0,"event_name":"Big Fish","floor":2,"gold_loss":0},{"damage_healed":0,"gold_gain":0,"player_choice":"Ignored","damage_taken":0,"max_hp_gain":0,"max_hp_loss":0,"event_name":"Liars Game","floor":3,"gold_loss":0},{"damage_healed":0,"gold_gain":0,"player_choice":"Ignored","damage_taken":0,"max_hp_gain":0,"max_hp_loss":0,"event_name":"Shining Light","floor":13,"gold_loss":0},{"damage_healed":0,"gold_gain":0,"player_choice":"Simplicity","damage_taken":0,"max_hp_gain":0,"max_hp_loss":0,"event_name":"Back to Basics","floor":21,"gold_loss":0,"cards_upgraded":["Strike_R","Strike_R","Strike_R","Strike_R","Strike_R","Defend_R","Defend_R","Defend_R","Defend_R"]},{"damage_healed":31,"gold_gain":0,"player_choice":"Heal","damage_taken":0,"max_hp_gain":0,"max_hp_loss":0,"event_name":"The Library","floor":22,"gold_loss":0},{"damage_healed":0,"gold_gain":99,"player_choice":"Stole From Cult","damage_taken":0,"max_hp_gain":0,"max_hp_loss":0,"event_name":"Nest","floor":27,"gold_loss":0}],"is_beta":false,"boss_relics":[{"not_picked":["Fusion Hammer","Sozu"],"picked":"Cursed Key"}],"items_purged_floors":[28],"is_endless":false,"potions_floor_spawned":[1,8,12,20,29],"killed_by":"Champ","ascension_level":11}