{"gold_per_floor":[118,118,137,150,75,75,109,109,135,135,164,164,180,180,180,278,328,343,25,25,33,132,132,132,132,180,180,192,192],"floor_reached":29,"playtime":2406,"items_purged":["Clash+1"],"score":300,"play_id":"ee54a9f1-df91-4d0c-8c0c-26f23d6260d3","local_time":"20190303235713","is_ascension_mode":true,"campfire_choices":[{"data":"Clash","floor":6,"key":"SMITH"},{"data":"Metallicize","floor":8,"key":"SMITH"},{"data":"Warcry","floor":10,"key":"SMITH"},{"data":"Headbutt","floor":15,"key":"SMITH"},{"data":"True Grit","floor":23,"key":"SMITH"},{"data":"Shrug It Off","floor":25,"key":"SMITH"},{"data":"Barricade","floor":27,"key":"SMITH"}],"neow_cost":"NONE","seed_source_timestamp":83205367907251,"circlet_count":0,"master_deck":["Strike_R","Strike_R","Strike_R","Strike_R","Strike_R","Defend_R+1","Defend_R","Defend_R","Defend_R","Warcry+1","Headbutt+1","Metallicize+1","Burning Pact","Barricade+1","True Grit+1","Feel No Pain","Shrug It Off+1","Juggernaut","Feel No Pain","Battle Trance","Metallicize+1"],"relics":["Burning Blood","Bag of Marbles","Vajra","Bronze Scales","Pear","The Courier","Tiny House","MutagenicStrength"],"potions_floor_usage":[11,16,29,29],"damage_taken":[{"damage":13,"enemies":"Jaw Worm","floor":1,"turns":5},{"damage":1,"enemies":"Cultist","floor":3,"turns":3},{"damage":12,"enemies":"Small Slimes","floor":4,"turns":3},{"damage":41,"enemies":"Lagavulin","floor":7,"turns":7},{"damage":18,"enemies":"3 Sentries","floor":11,"turns":7},{"damage":7,"enemies":"Looter","floor":13,"turns":3},{"damage":34,"enemies":"Slime Boss","floor":16,"turns":14},{"damage":19,"enemies":"Chosen","floor":18,"turns":6},{"damage":33,"enemies":"2 Thieves","floor":21,"turns":4},{"damage":32,"enemies":"Centurion and Healer","floor":28,"turns":21},{"damage":47,"enemies":"Slavers","floor":29,"turns":4}],"seed_played":"-627458322772515661","potions_obtained":[{"floor":3,"key":"BloodPotion"},{"floor":7,"key":"Regen Potion"},{"floor":11,"key":"Weak Potion"},{"floor":17,"key":"FearPotion"},{"floor":21,"key":"Block Potion"}],"is_trial":false,"path_per_floor":["M","?","M","M","$","R","E","R","T","R","E","T","M","?","R","B",null,"M","$","?","M","?","R","?","R","T","R","M","E"],"character_chosen":"IRONCLAD","items_purchased":["Metallicize","Feel No Pain","Shrug It Off","Juggernaut","Feel No Pain"],"campfire_rested":0,"item_purchase_floors":[5,19,19,19,19],"current_hp_per_floor":[73,78,83,77,77,77,42,42,42,42,45,55,54,51,51,23,100,87,87,87,60,60,60,60,60,60,60,34,0],"gold":192,"neow_bonus":"TRANSFORM_CARD","is_prod":false,"is_daily":false,"chose_seed":false,"campfire_upgraded":7,"win_rate":0,"timestamp":1551679033,"path_taken":["M","?","M","M","$","R","E","R","T","R","E","?","?","?","R","BOSS","M","$","?","M","?","R","?","R","T","R","?","E"],"build_version":"2019-01-23","purchased_purges":1,"victory":false,"max_hp_per_floor":[80,85,85,85,85,85,85,85,85,85,85,95,95,95,95,95,100,100,100,100,100,100,100,100,100,100,100,100,100],"card_choices":[{"not_picked":["Twin Strike","Perfected Strike"],"picked":"Clash","floor":1},{"not_picked":["Wild Strike","Heavy Blade"],"picked":"Headbutt","floor":3},{"not_picked":["Pommel Strike","Headbutt"],"picked":"Evolve","floor":4},{"not_picked":["Second Wind","Bloodletting","Havoc"],"picked":"SKIP","floor":7},{"not_picked":["Thunderclap","Disarm"],"picked":"Burning Pact","floor":11},{"not_picked":["Uppercut","Armaments","Blood for Blood"],"picked":"SKIP","floor":13},{"not_picked":["Juggernaut","Impervious"],"picked":"Barricade","floor":16},{"not_picked":["Spot Weakness","Cleave"],"picked":"True Grit","floor":17},{"not_picked":["Heavy Blade","Flex","Cleave"],"picked":"SKIP","floor":18},{"not_picked":["Headbutt","Hemokinesis"],"picked":"Battle Trance","floor":21},{"not_picked":["Burning Pact","Reckless Charge"],"picked":"Metallicize+1","floor":28}],"player_experience":112190,"relics_obtained":[{"floor":7,"key":"Bag of Marbles"},{"floor":9,"key":"Vajra"},{"floor":11,"key":"Bronze Scales"},{"floor":12,"key":"Pear"}],"event_choices":[{"damage_healed":0,"gold_gain":0,"player_choice":"Donut","damage_taken":0,"max_hp_gain":5,"max_hp_loss":0,"event_name":"Big Fish","floor":2,"gold_loss":0},{"damage_healed":0,"gold_gain":0,"player_choice":"Success","damage_taken":3,"relics_obtained":["The Courier"],"max_hp_gain":0,"max_hp_loss":0,"event_name":"Scrap Ooze","floor":14,"gold_loss":0},{"damage_healed":0,"gold_gain":0,"player_choice":"Inject Mutagens","damage_taken":0,"relics_obtained":["MutagenicStrength"],"max_hp_gain":0,"max_hp_loss":0,"event_name":"Drug Dealer","floor":20,"gold_loss":0},{"damage_healed":0,"gold_gain":99,"player_choice":"Stole From Cult","damage_taken":0,"max_hp_gain":0,"max_hp_loss":0,"event_name":"Nest","floor":22,"gold_loss":0},{"cards_removed":["Evolve"],"damage_healed":0,"gold_gain":0,"player_choice":"Purged","damage_taken":0,"max_hp_gain":0,"max_hp_loss":0,"event_name":"Purifier","floor":24,"gold_loss":0}],"is_beta":false,"boss_relics":[{"not_picked":["Runic Dome","Runic Pyramid"],"picked":"Tiny House"}],"items_purged_floors":[19],"is_endless":false,"potions_floor_spawned":[3,7,11,21],"killed_by":"Slavers","ascension_level":4}