{"path_per_floor":["M","M","$","?","M","R","M","$","T","M","E","R","M","M","R","B",null,"M","M","?"],"character_chosen":"IRONCLAD","items_purchased":["Rupture","Infernal Blade"],"gold_per_floor":[118,131,25,25,38,38,50,50,50,62,91,91,105,123,123,218,218,237,254,179],"floor_reached":21,"campfire_rested":1,"playtime":1833,"current_hp_per_floor":[80,66,66,66,57,57,41,41,41,61,36,36,38,37,61,44,80,61,54,54],"items_purged":[],"gold":179,"play_id":"6b7d9c27-1588-4b60-af4b-0ab3ff7da178","is_prod":false,"is_daily":false,"campfire_rituals":0,"campfire_upgraded":2,"is_hardmode":false,"path_taken":["M","M","$","?","M","R","M","$","T","?","E","R","M","M","R","BOSS","M","M","?","M"],"build_version":"2017-12-14-PROD1","purchased_purges":0,"victory":false,"master_deck":["Strike_R","Strike_R","Strike_R","Strike_R","Strike_R","Defend_R","Defend_R","Defend_R","Bash","Uppercut","Rage","Rupture","Infernal Blade","Inflame","Headbutt","Perfected Strike","Burning Pact","Pommel Strike","Fiend Fire","Feed","Perfected Strike","Hemokinesis"],"max_hp_per_floor":[80,80,80,80,80,80,80,80,80,80,80,80,80,80,80,80,80,83,83,83],"relics":["Burning Blood","Vajra","Orichalcum","Black Star"],"campfire_meditates":0,"card_choices":[{"not_picked":["Headbutt","Warcry"],"picked":"Uppercut"},{"not_picked":["Reckless Charge","Flex"],"picked":"Rage"},{"not_picked":["Reckless Charge","Rage"],"picked":"Inflame"},{"not_picked":["Reckless Charge","Searing Blow"],"picked":"Headbutt"},{"not_picked":["Sword Boomerang","Clash"],"picked":"Perfected Strike"},{"not_picked":["Clash","Flex"],"picked":"Burning Pact"},{"not_picked":["Flex","Corruption"],"picked":"Pommel Strike"},{"not_picked":["Thunderclap","Metallicize"],"picked":"Fiend Fire"},{"not_picked":["Berserk","Juggernaut"],"picked":"Feed"},{"not_picked":["Cleave","Flame Barrier"],"picked":"Perfected Strike"},{"not_picked":["Bloodletting","Cleave"],"picked":"Hemokinesis"}],"player_experience":0,"potions_floor_usage":[16,16,16],"damage_taken":[{"damage":6,"enemies":"Cultist","floor":1,"turns":4},{"damage":20,"enemies":"Blue Slaver","floor":2,"turns":5},{"damage":21,"enemies":"Jaw Worm","floor":5,"turns":4},{"damage":22,"enemies":"Exordium Thugs","floor":7,"turns":5},{"damage":0,"enemies":"Large Slime","floor":10,"turns":4},{"damage":31,"enemies":"Lagavulin","floor":11,"turns":5},{"damage":4,"enemies":"2 Fungi Beasts","floor":13,"turns":3},{"damage":7,"enemies":"Red Slaver","floor":14,"turns":4},{"damage":23,"enemies":"The Guardian","floor":16,"turns":6},{"damage":28,"enemies":"2 Thieves","floor":18,"turns":4},{"damage":13,"enemies":"Chosen","floor":19,"turns":4},{"damage":57,"enemies":"Slaver and Parasite","floor":21,"turns":3}],"event_choices":[{"event_name":"The Lab","player_choice":"Got Potions","floor":4,"damage_taken":0},{"event_name":"Beggar","player_choice":"Gave Gold","floor":20,"damage_taken":0}],"boss_relics":[{"not_picked":["Sozu","Runic Cube"],"picked":"Black Star"}],"potions_floor_spawned":[1,2,10,11,14,16,18],"seed_played":"-4475235118361116010","killed_by":"Slaver and Parasite","is_trial":false}