{"path_per_floor":["M","$","M","$","?","R","M","?","T","?","M","$","M","E","R","B",null,"M","M","?","?","M","R"],"character_chosen":"DEFECT","items_purchased":["Gash","FTL","Force Field"],"gold_per_floor":[114,45,57,23,23,23,37,112,112,112,123,12,24,53,53,155,155,175,191,291,206,219,219,219],"floor_reached":24,"campfire_rested":2,"playtime":953,"current_hp_per_floor":[71,71,71,71,71,71,65,54,54,75,66,66,58,48,70,59,75,66,45,45,45,12,34,0],"items_purged":["Defend_B"],"gold":219,"score":196,"play_id":"71d17b50-8822-4c63-a246-3b31deed731e","local_time":"20180505174926","is_prod":false,"is_daily":false,"chose_seed":false,"is_ascension_mode":false,"campfire_upgraded":1,"timestamp":1525564166,"path_taken":["M","$","?","?","?","R","M","?","T","?","M","?","M","E","R","BOSS","M","M","?","?","M","R","E"],"build_version":"2018-05-03","seed_source_timestamp":2082938829771716,"purchased_purges":1,"victory":false,"master_deck":["Strike_B","Strike_B","Strike_B","Strike_B","Defend_B","Defend_B","Defend_B","Zap+1","Dualcast","Prime","Double Energy","Gash","Genetic Algorithm+1","FTL","Echo Form","Gash","Force Field","Leap","Fission","Thunder Strike","Rebound","Loop"],"max_hp_per_floor":[75,75,75,75,75,75,75,75,75,75,75,75,75,75,75,75,75,75,75,75,75,75,75,75],"relics":["Cracked Core","Mummified Hand","DataDisk","Nuclear Battery","Ornamental Fan"],"card_choices":[{"not_picked":["Axe Kick","Coolheaded"],"picked":"Double Energy","floor":1},{"not_picked":["Skim","Sweeping Beam"],"picked":"Genetic Algorithm","floor":3},{"not_picked":["Sunder","Leap"],"picked":"Echo Form","floor":7},{"not_picked":["Rebound","Ball Lightning"],"picked":"Gash","floor":11},{"not_picked":["Reinforced Body","Streamline"],"picked":"Leap","floor":13},{"not_picked":["Consume","Rebound"],"picked":"Fission","floor":14},{"not_picked":["Rainbow","Amplify"],"picked":"Thunder Strike","floor":16},{"not_picked":["Coolheaded","Stack"],"picked":"Rebound","floor":18},{"not_picked":["Chaos","Streamline"],"picked":"Loop","floor":19}],"player_experience":334334,"potions_floor_usage":[14,16,22,24],"damage_taken":[{"damage":4,"enemies":"Cultist","floor":1,"turns":4},{"damage":0,"enemies":"Small Slimes","floor":3,"turns":3},{"damage":6,"enemies":"Jaw Worm","floor":7,"turns":3},{"damage":9,"enemies":"2 Fungi Beasts","floor":11,"turns":4},{"damage":8,"enemies":"Looter","floor":13,"turns":3},{"damage":25,"enemies":"3 Sentries","floor":14,"turns":8},{"damage":11,"enemies":"Slime Boss","floor":16,"turns":9},{"damage":9,"enemies":"Chosen","floor":18,"turns":6},{"damage":21,"enemies":"Spheric Guardian","floor":19,"turns":4},{"damage":33,"enemies":"Snake Plant","floor":22,"turns":5},{"damage":40,"enemies":"Slavers","floor":24,"turns":2}],"event_choices":[{"event_name":"Living Wall","player_choice":"Grow","floor":5,"damage_taken":0},{"event_name":"World of Goop","player_choice":"Gather Gold","floor":8,"damage_taken":0},{"event_name":"Big Fish","player_choice":"Banana","floor":10,"damage_taken":0},{"event_name":"Golden Shrine","player_choice":"Pray","floor":20,"damage_taken":0},{"event_name":"Addict","player_choice":"Obtained Relic","floor":21,"damage_taken":0}],"boss_relics":[{"not_picked":["Runic Dome","Black Star"],"picked":"Nuclear Battery"}],"potions_floor_spawned":[7,13,19,22],"seed_played":"-1079889518758512829","killed_by":"Slavers","ascension_level":0,"is_trial":false}