{"gold_per_floor":[14,14,14,28,47,47,61,101,148,148,163,31,31,64,64,160,160,80,5,5,5,5,5],"floor_reached":23,"playtime":775,"items_purged":["Strike_R"],"score":402,"play_id":"788ff3b8-9353-4645-b11e-4da2a001e3a6","local_time":"20181129190348","is_ascension_mode":true,"campfire_choices":[{"data":"Bash","floor":6,"key":"SMITH"},{"data":"Intimidate","floor":13,"key":"SMITH"},{"data":"Iron Wave","floor":15,"key":"SMITH"}],"neow_cost":"NO_GOLD","seed_source_timestamp":1316552069218497,"circlet_count":0,"master_deck":["AscendersBane","Strike_R","Strike_R","Strike_R","Strike_R","Defend_R","Defend_R","Defend_R","Defend_R","Bash+1","Immolate","Headbutt","Iron Wave+1","Evolve","Intimidate+1","Body Slam+1","Shrug It Off","Impervious","Feed+1","Dark Embrace","Body Slam+1","Pommel Strike+1","Clothesline+1"],"relics":["Burning Blood","Golden Idol","Bottled Lightning","Happy Flower","Molten Egg 2","Anchor","Ectoplasm"],"potions_floor_usage":[14,16,23],"damage_taken":[{"damage":0,"enemies":"Small Slimes","floor":1,"turns":2},{"damage":2,"enemies":"Jaw Worm","floor":4,"turns":3},{"damage":6,"enemies":"Cultist","floor":5,"turns":3},{"damage":0,"enemies":"Lots of Slimes","floor":7,"turns":1},{"damage":10,"enemies":"3 Sentries","floor":8,"turns":2},{"damage":3,"enemies":"Looter","floor":11,"turns":2},{"damage":15,"enemies":"Lagavulin","floor":14,"turns":6},{"damage":76,"enemies":"Hexaghost","floor":16,"turns":10},{"damage":11,"enemies":"2 Thieves","floor":18,"turns":4},{"damage":16,"enemies":"Shell Parasite","floor":21,"turns":6},{"damage":8,"enemies":"Snecko","floor":22,"turns":4},{"damage":56,"enemies":"Slavers","floor":23,"turns":4}],"seed_played":"4498706768369578915","potions_obtained":[{"floor":1,"key":"Regen Potion"},{"floor":7,"key":"FearPotion"},{"floor":22,"key":"AttackPotion"}],"is_trial":false,"path_per_floor":["M","?","?","M","M","R","M","E","T","T","M","$","R","E","R","B",null,"M","$","?","M","M","E"],"character_chosen":"IRONCLAD","items_purchased":["Shrug It Off","Impervious"],"campfire_rested":0,"item_purchase_floors":[12,12],"current_hp_per_floor":[74,74,67,71,71,71,75,71,71,71,74,74,74,65,65,10,59,54,54,54,48,46,0],"gold":5,"neow_bonus":"THREE_RARE_CARDS","is_prod":false,"is_daily":false,"chose_seed":false,"campfire_upgraded":3,"win_rate":0,"timestamp":1543536228,"path_taken":["M","?","?","M","M","R","M","E","T","?","?","$","R","E","R","BOSS","M","?","?","M","M","E"],"build_version":"2018-11-15","purchased_purges":1,"victory":false,"max_hp_per_floor":[75,75,75,75,75,75,75,75,75,75,75,75,75,75,75,75,75,75,75,75,79,79,79],"card_choices":[{"not_picked":["Dark Embrace","Reaper"],"picked":"Immolate","floor":0},{"not_picked":["Corruption","Warcry"],"picked":"Headbutt","floor":1},{"not_picked":["Havoc","Heavy Blade"],"picked":"Iron Wave","floor":4},{"not_picked":["Sentinel","Headbutt"],"picked":"Evolve","floor":5},{"not_picked":["Searing Blow","Twin Strike","Havoc"],"picked":"SKIP","floor":7},{"not_picked":["Wild Strike","Perfected Strike"],"picked":"Intimidate","floor":8},{"not_picked":["Evolve","Clash+1"],"picked":"Body Slam+1","floor":11},{"not_picked":["True Grit","Dropkick+1"],"picked":"Feed+1","floor":14},{"not_picked":["Limit Break","Juggernaut"],"picked":"Dark Embrace","floor":16},{"not_picked":["Clash+1","Havoc"],"picked":"Body Slam+1","floor":18},{"not_picked":["Entrench","Headbutt+1"],"picked":"Pommel Strike+1","floor":21},{"not_picked":["Headbutt+1","Sentinel"],"picked":"Clothesline+1","floor":22}],"player_experience":549140,"relics_obtained":[{"floor":8,"key":"Bottled Lightning"},{"floor":9,"key":"Happy Flower"},{"floor":10,"key":"Molten Egg 2"},{"floor":14,"key":"Anchor"}],"event_choices":[{"damage_healed":0,"gold_gain":0,"player_choice":"Take Wound","damage_taken":0,"relics_obtained":["Golden Idol"],"max_hp_gain":0,"max_hp_loss":0,"event_name":"Golden Idol","floor":2,"gold_loss":0,"cards_obtained":["Injury"]},{"cards_removed":["Injury"],"damage_healed":0,"gold_gain":0,"player_choice":"Card Removal","damage_taken":7,"max_hp_gain":0,"max_hp_loss":0,"event_name":"Golden Wing","floor":3,"gold_loss":0},{"damage_healed":0,"gold_gain":0,"player_choice":"Ignored","damage_taken":0,"max_hp_gain":0,"max_hp_loss":0,"event_name":"Golden Shrine","floor":20,"gold_loss":0}],"is_beta":false,"boss_relics":[{"not_picked":["Runic Dome","Velvet Choker"],"picked":"Ectoplasm"}],"items_purged_floors":[19],"is_endless":false,"potions_floor_spawned":[1,7,22],"killed_by":"Slavers","ascension_level":20}