{"path_per_floor":["M","?","$","M","M","R","?","R","T","?","R","M","M","E","R","B",null,"M","?","M","M","?"],"character_chosen":"THE_SILENT","items_purchased":["Apotheosis","Corpse Explosion","Backflip"],"gold_per_floor":[364,364,15,26,44,44,44,44,44,144,144,162,176,206,206,305,305,319,319,334,352,277],"floor_reached":23,"campfire_rested":3,"playtime":1770,"current_hp_per_floor":[63,38,38,28,24,42,30,48,48,48,63,63,58,40,40,9,63,49,49,39,4,4],"items_purged":[],"gold":277,"play_id":"ad20d4db-358f-4529-a05e-f20f21ae2096","is_prod":false,"is_daily":false,"campfire_rituals":0,"campfire_upgraded":1,"is_hardmode":false,"path_taken":["M","?","$","?","M","R","?","R","T","?","R","M","M","E","R","BOSS","M","?","M","M","?","E"],"build_version":"2017-12-21-PROD1","purchased_purges":0,"victory":false,"master_deck":["Defend_G","Defend_G","Defend_G","Defend_G","Defend_G","Strike_G","Strike_G","Strike_G","Strike_G","Strike_G","Survivor","Neutralize","Poisoned Stab","Apotheosis","Backflip","Outmaneuver","Dagger Spray","Underhanded Strike","Acrobatics","After Image","Dodge and Roll","Acrobatics","Well Laid Plans","All Out Attack","Sucker Punch","Eviscerate","Terror","Riddle With Holes","Malaise"],"max_hp_per_floor":[63,63,63,63,63,63,63,63,63,63,63,63,63,63,63,63,63,63,63,63,63,63],"relics":["Ring of the Snake","Tough Bandages","Ginger","Toxic Egg","Orrery"],"campfire_meditates":0,"card_choices":[{"not_picked":["PiercingWail","Dagger Spray"],"picked":"Poisoned Stab"},{"not_picked":["Backstab","Infinite Blades"],"picked":"Outmaneuver"},{"not_picked":["Backflip","Wraith Form"],"picked":"Dagger Spray"},{"not_picked":["Dagger Throw","Prepared"],"picked":"Underhanded Strike"},{"not_picked":["Slice","Bane"],"picked":"Acrobatics"},{"not_picked":["Bullet Time","Glass Knife"],"picked":"After Image"},{"not_picked":["Slice","Dagger Throw"],"picked":"Dodge and Roll"},{"not_picked":["Outmaneuver","A Thousand Cuts"],"picked":"Acrobatics"},{"not_picked":["Infinite Blades","Escape Plan"],"picked":"Well Laid Plans"},{"not_picked":["Noxious Fumes","Backflip"],"picked":"All Out Attack"},{"not_picked":["Catalyst","Backflip"],"picked":"Sucker Punch"},{"not_picked":["Infinite Blades","Acrobatics"],"picked":"Eviscerate"},{"not_picked":["Poisoned Stab","Flying Knee"],"picked":"Riddle With Holes"},{"not_picked":["Deflect","Slice"],"picked":"Malaise"}],"player_experience":32982,"potions_floor_usage":[16,16,16,23],"damage_taken":[{"damage":0,"enemies":"Cultist","floor":1,"turns":4},{"damage":10,"enemies":"Looter","floor":4,"turns":3},{"damage":4,"enemies":"Blue Slaver","floor":5,"turns":4},{"damage":0,"enemies":"Large Slime","floor":12,"turns":4},{"damage":5,"enemies":"2 Fungi Beasts","floor":13,"turns":4},{"damage":18,"enemies":"3 Sentries","floor":14,"turns":4},{"damage":31,"enemies":"Hexaghost","floor":16,"turns":13},{"damage":14,"enemies":"3 Byrds","floor":18,"turns":5},{"damage":10,"enemies":"Spheric Guardian","floor":20,"turns":4},{"damage":35,"enemies":"Chosen and Byrds","floor":21,"turns":8},{"damage":12,"enemies":"Slavers","floor":23,"turns":1}],"event_choices":[{"event_name":"Scrap Ooze","player_choice":"success","floor":2,"damage_taken":25},{"event_name":"Shining Light","player_choice":"Entered Light","floor":7,"damage_taken":0},{"event_name":"Golden Shrine","player_choice":"Pray","floor":10,"damage_taken":0},{"event_name":"The Library","player_choice":"Read","floor":19,"damage_taken":0},{"event_name":"Beggar","player_choice":"Gave Gold","floor":22,"damage_taken":0}],"boss_relics":[{"not_picked":["Cursed Key","Sozu"],"picked":"Orrery"}],"potions_floor_spawned":[5,12,13,16,18],"seed_played":"8797026713591748689","killed_by":"Slavers","is_trial":false}