{"gold_per_floor":[117,42,42,58,8,8,33,45,57,69,92,137,149,175,187,272,284,313,335,347,409,436,448,460],"floor_reached":24,"playtime":907,"items_purged":["Strike_B"],"score":337,"play_id":"445c2ccd-a55e-43ba-b124-f9c4163c7f46","local_time":"20181103182231","is_ascension_mode":true,"campfire_choices":[{"data":"Zap","floor":6,"key":"SMITH"},{"data":"Defragment","floor":8,"key":"SMITH"},{"floor":10,"key":"REST"},{"floor":13,"key":"REST"},{"data":"Go for the Eyes","floor":15,"key":"SMITH"},{"floor":23,"key":"REST"}],"neow_cost":"NONE","seed_source_timestamp":20582055303894,"circlet_count":0,"master_deck":["AscendersBane","Strike_B","Strike_B+1","Strike_B","Defend_B","Defend_B","Defend_B","Zap+1","Dualcast+1","Defragment+1","Rebound","Conserve Battery","Go for the Eyes+1","Biased Cognition","Cold Snap","Cold Snap"],"relics":["Cracked Core","MawBank","Bottled Lightning","DataDisk","White Beast Statue"],"potions_floor_usage":[7,16,16,18,19,24],"damage_taken":[{"damage":0,"enemies":"Cultist","floor":1,"turns":3},{"damage":0,"enemies":"2 Louse","floor":4,"turns":1},{"damage":14,"enemies":"Gremlin Nob","floor":7,"turns":4},{"damage":2,"enemies":"Jaw Worm","floor":11,"turns":2},{"damage":20,"enemies":"Lagavulin","floor":12,"turns":7},{"damage":4,"enemies":"3 Louse","floor":14,"turns":3},{"damage":38,"enemies":"The Guardian","floor":16,"turns":10},{"damage":34,"enemies":"2 Thieves","floor":18,"turns":4},{"damage":15,"enemies":"3 Byrds","floor":19,"turns":5},{"damage":4,"enemies":"Centurion and Healer","floor":22,"turns":11},{"damage":30,"enemies":"Slavers","floor":24,"turns":2}],"seed_played":"-969390746094901668","potions_obtained":[{"floor":4,"key":"Weak Potion"},{"floor":12,"key":"Weak Potion"},{"floor":14,"key":"Poison Potion"},{"floor":16,"key":"GamblersBrew"},{"floor":18,"key":"SkillPotion"},{"floor":19,"key":"FocusPotion"},{"floor":22,"key":"Ancient Potion"}],"is_trial":false,"path_per_floor":["M","$","?","M","?","R","E","R","T","R","M","E","R","M","R","B",null,"M","M","?","?","M","R","E"],"character_chosen":"DEFECT","items_purchased":[],"campfire_rested":3,"item_purchase_floors":[],"current_hp_per_floor":[68,68,53,53,53,53,39,39,39,61,59,39,61,57,57,19,61,27,12,12,12,8,30,0],"gold":460,"neow_bonus":"THREE_CARDS","is_prod":false,"is_daily":false,"chose_seed":false,"campfire_upgraded":3,"win_rate":0,"timestamp":1541283751,"path_taken":["M","?","?","?","?","R","E","R","T","R","M","E","R","M","R","BOSS","M","M","?","?","?","R","E"],"build_version":"2018-11-01","purchased_purges":1,"victory":false,"max_hp_per_floor":[75,75,75,75,75,75,75,75,75,75,75,75,75,75,75,75,75,75,75,75,75,75,75,75],"card_choices":[{"not_picked":["Redo","Steam Power"],"picked":"Defragment","floor":0},{"not_picked":["Redo","Gash","Hologram"],"picked":"SKIP","floor":1},{"not_picked":["Aggregate","Sweeping Beam","Turbo"],"picked":"SKIP","floor":4},{"not_picked":["Force Field","Reinforced Body","Compile Driver"],"picked":"SKIP","floor":7},{"not_picked":["Turbo","Undo"],"picked":"Rebound","floor":11},{"not_picked":["Rebound","Stack"],"picked":"Conserve Battery","floor":12},{"not_picked":["Force Field","Stack"],"picked":"Go for the Eyes","floor":14},{"not_picked":["Multi-Cast","Rainbow"],"picked":"Biased Cognition","floor":16},{"not_picked":["Streamline","Lockon"],"picked":"Cold Snap","floor":18},{"not_picked":["Gash","Go for the Eyes"],"picked":"Cold Snap","floor":19},{"not_picked":["Streamline","Conserve Battery","Beam Cell"],"picked":"SKIP","floor":22}],"player_experience":181402,"relics_obtained":[{"floor":7,"key":"MawBank"},{"floor":9,"key":"Bottled Lightning"},{"floor":12,"key":"DataDisk"}],"event_choices":[{"damage_healed":0,"gold_gain":0,"player_choice":"Entered Light","damage_taken":15,"max_hp_gain":0,"max_hp_loss":0,"event_name":"Shining Light","floor":3,"gold_loss":0,"cards_upgraded":["Strike_B","Dualcast"]},{"cards_removed":["Defend_B"],"damage_healed":0,"gold_gain":0,"player_choice":"Card Removal","damage_taken":0,"max_hp_gain":0,"max_hp_loss":0,"event_name":"The Cleric","floor":5,"gold_loss":50},{"damage_healed":0,"gold_gain":0,"player_choice":"Ignored","damage_taken":0,"max_hp_gain":0,"max_hp_loss":0,"event_name":"Ghosts","floor":20,"gold_loss":0},{"damage_healed":0,"gold_gain":100,"player_choice":"Bet on Murderer","damage_taken":0,"max_hp_gain":0,"max_hp_loss":0,"event_name":"The Joust","floor":21,"gold_loss":50}],"is_beta":false,"boss_relics":[{"not_picked":["Sozu","Runic Dome"],"picked":"White Beast Statue"}],"items_purged_floors":[2],"is_endless":false,"potions_floor_spawned":[4,12,14,16,18,19,22],"killed_by":"Slavers","ascension_level":13}