{"gold_per_floor":[117,135,135,60,71,71,86,86,86,103,103,103,103,120,120,220,220,232,245,545,333,351,351,377,392,392,410,423,423,436,448,448,543,543,557,567,578,597,42,42,69,69,95,0,0,20,20,40,40,40],"floor_reached":51,"playtime":9943,"items_purged":["Strike_G","Strike_G","Strike_G"],"score":695,"play_id":"cf6c46eb-df70-44e0-a6d7-e4cae355c8f0","local_time":"20180704101620","is_ascension_mode":false,"campfire_choices":[{"data":"Poisoned Stab","floor":6.0,"key":"SMITH"},{"data":"Poisoned Stab","floor":8.0,"key":"SMITH"},{"data":"1","floor":13.0,"key":"LIFT"},{"data":"2","floor":15.0,"key":"LIFT"},{"data":"3","floor":23.0,"key":"LIFT"},{"floor":29.0,"key":"REST"},{"floor":32.0,"key":"REST"},{"data":"Panache","floor":40,"key":"SMITH"},{"data":"Footwork","floor":42,"key":"SMITH"},{"data":"Flechettes","floor":45,"key":"SMITH"},{"data":"Jack Of All Trades","floor":47,"key":"SMITH"},{"data":"Neutralize","floor":49,"key":"SMITH"}],"neow_cost":"","seed_source_timestamp":0,"circlet_count":0,"master_deck":["Defend_G","Defend_G","Defend_G","Defend_G","Defend_G","Strike_G","Survivor","Neutralize+1","Riddle With Holes","Poisoned Stab+1","Poisoned Stab+1","Prepared","Leg Sweep","Envenom","Flechettes+1","Poisoned Stab","Slice","Jack Of All Trades+1","Outmaneuver","Terror","Noxious Fumes+1","Dagger Spray+1","Bullet Time","Escape Plan+1","Prepared+1","Dagger Spray+1","Footwork+1","Panache+1","Prepared"],"special_seed":0,"relics":["Ring of the Snake","Letter Opener","Girya","Runic Pyramid","Old Coin","Boot","Pear","Sozu","Lee\u0027s Waffle","Kunai","Regal Pillow","Red Mask"],"potions_floor_usage":[50],"damage_taken":[{"damage":0.0,"enemies":"Jaw Worm","floor":1.0,"turns":5.0},{"damage":0.0,"enemies":"2 Louse","floor":2.0,"turns":2.0},{"damage":0.0,"enemies":"Small Slimes","floor":5.0,"turns":3.0},{"damage":22.0,"enemies":"Exordium Thugs","floor":7.0,"turns":7.0},{"damage":0.0,"enemies":"Gremlin Gang","floor":10.0,"turns":6.0},{"damage":0.0,"enemies":"2 Fungi Beasts","floor":14.0,"turns":3.0},{"damage":65.0,"enemies":"Slime Boss","floor":16.0,"turns":18.0},{"damage":5.0,"enemies":"Spheric Guardian","floor":18.0,"turns":5.0},{"damage":12.0,"enemies":"2 Thieves","floor":19.0,"turns":4.0},{"damage":4.0,"enemies":"Snecko","floor":22.0,"turns":4.0},{"damage":8.0,"enemies":"Book of Stabbing","floor":24.0,"turns":5.0},{"damage":9.0,"enemies":"Slaver and Parasite","floor":25.0,"turns":5.0},{"damage":15.0,"enemies":"Centurion and Healer","floor":27.0,"turns":5.0},{"damage":0.0,"enemies":"Snecko","floor":28.0,"turns":3.0},{"damage":11.0,"enemies":"Slaver and Parasite","floor":30.0,"turns":5.0},{"damage":1.0,"enemies":"Sentry and Sphere","floor":31.0,"turns":6.0},{"damage":18.0,"enemies":"Automaton","floor":33.0,"turns":8.0},{"damage":17,"enemies":"3 Darklings","floor":35,"turns":4},{"damage":5,"enemies":"3 Shapes","floor":36,"turns":3},{"damage":3,"enemies":"Sphere and 2 Shapes","floor":37,"turns":4},{"damage":6,"enemies":"3 Darklings","floor":38,"turns":3},{"damage":0,"enemies":"Nemesis","floor":41,"turns":5},{"damage":0,"enemies":"Maw","floor":46,"turns":5},{"damage":5,"enemies":"Sphere and 2 Shapes","floor":48,"turns":5},{"damage":43,"enemies":"Awakened One","floor":50,"turns":11}],"seed_played":"7420571398539294620","potions_obtained":[{"floor":1.0,"key":"Explosive Potion"},{"floor":14.0,"key":"LiquidBronze"},{"floor":16.0,"key":"FearPotion"},{"floor":18.0,"key":"GamblersBrew"},{"floor":25.0,"key":"FearPotion"},{"floor":27.0,"key":"Dexterity Potion"},{"floor":28.0,"key":"SkillPotion"}],"is_trial":false,"path_per_floor":["M","M","?","$","M","R","M","R","T","M","?","?","R","M","R","B",null,"M","M","?","$","M","R","E","M","T","M","M","R","M","M","R","B",null,"M","M","M","M","$","R","E","R","T","?","R","M","R","M","R","B"],"character_chosen":"THE_SILENT","items_purchased":["Slice","Jack Of All Trades","Footwork","Lee\u0027s Waffle","Panache"],"campfire_rested":2,"item_purchase_floors":[],"current_hp_per_floor":[70,70,63,63,63,63,41,41,41,41,34,70,70,70,70,5,70,65,53,53,53,49,49,41,32,42,27,27,51,40,39,63,45,80,63,58,55,49,87,87,87,87,87,87,87,87,87,82,82,39],"gold":40,"neow_bonus":"","is_prod":false,"is_daily":false,"chose_seed":false,"campfire_upgraded":7,"win_rate":0.0,"timestamp":1530713780,"path_taken":["M","M","?","$","M","R","M","R","T","?","?","?","R","M","R","BOSS","M","M","?","$","?","R","E","M","T","M","?","R","M","M","R","BOSS","M","M","M","?","$","R","E","R","T","?","R","M","R","M","R","BOSS"],"build_version":"2018-06-28","purchased_purges":3,"victory":true,"max_hp_per_floor":[70,70,70,70,70,70,70,70,70,70,70,70,70,70,70,70,70,70,70,70,70,70,70,70,70,80,80,80,80,80,80,80,80,80,80,80,80,80,87,87,87,87,87,87,87,87,87,87,87,87],"card_choices":[{"not_picked":["Calculated Gamble","Dodge and Roll"],"picked":"Riddle With Holes","floor":1.0},{"not_picked":["Distraction","Flechettes"],"picked":"Poisoned Stab","floor":2.0},{"not_picked":["Blade Dance","Acrobatics"],"picked":"Poisoned Stab","floor":5.0},{"not_picked":["Reflex","All Out Attack"],"picked":"Backstab","floor":7.0},{"not_picked":["Slice","Sucker Punch"],"picked":"Prepared","floor":10.0},{"not_picked":["Dodge and Roll","Blade Dance"],"picked":"Leg Sweep","floor":14.0},{"not_picked":["After Image","Glass Knife"],"picked":"Envenom","floor":16.0},{"not_picked":["Dagger Throw","Acrobatics+1"],"picked":"Flechettes","floor":18.0},{"not_picked":["Underhanded Strike","Masterful Stab+1"],"picked":"Poisoned Stab","floor":19.0},{"not_picked":["After Image","Backflip"],"picked":"Outmaneuver","floor":22.0},{"not_picked":["Eviscerate","Predator"],"picked":"Terror","floor":24.0},{"not_picked":["Quick Slash","Deflect"],"picked":"Noxious Fumes+1","floor":25.0},{"not_picked":["Deflect","Dagger Throw","PiercingWail"],"picked":"SKIP","floor":27.0},{"not_picked":["PiercingWail","Eviscerate+1","Caltrops"],"picked":"SKIP","floor":28.0},{"not_picked":["Blur","Deflect","PiercingWail"],"picked":"SKIP","floor":30.0},{"not_picked":["Flying Knee+1","Reflex"],"picked":"Dagger Spray+1","floor":31.0},{"not_picked":["Glass Knife","After Image"],"picked":"Bullet Time","floor":33.0},{"not_picked":["Backflip","Caltrops+1"],"picked":"Escape Plan+1","floor":35},{"not_picked":["Dagger Spray","Outmaneuver"],"picked":"Prepared+1","floor":36},{"not_picked":["Acrobatics","Bouncing Flask"],"picked":"Dagger Spray+1","floor":37},{"not_picked":["Outmaneuver","Well Laid Plans+1","Underhanded Strike+1"],"picked":"SKIP","floor":38},{"not_picked":["Flying Knee+1","All Out Attack+1","Tactician"],"picked":"SKIP","floor":41},{"not_picked":["Calculated Gamble","All Out Attack+1"],"picked":"Prepared","floor":46},{"not_picked":["Expertise","Flying Knee","Acrobatics+1"],"picked":"SKIP","floor":48}],"player_experience":14685,"relics_obtained":[{"floor":9.0,"key":"Letter Opener"},{"floor":24.0,"key":"Boot"},{"floor":26.0,"key":"Pear"},{"floor":41,"key":"Kunai"},{"floor":43,"key":"Regal Pillow"}],"event_choices":[{"event_name":"Golden Wing","player_choice":"Card Removal","floor":3.0,"damage_taken":0.0},{"event_name":"Scrap Ooze","player_choice":"success","floor":11.0,"damage_taken":7.0},{"event_name":"Bonfire Elementals","player_choice":"UNCOMMON","floor":12.0,"damage_taken":0.0},{"event_name":"The Mausoleum","player_choice":"Yes","floor":20.0,"damage_taken":0.0},{"event_name":"Tomb of Lord Red Mask","player_choice":"Paid","floor":44,"damage_taken":0}],"boss_relics":[{"not_picked":["Busted Crown","White Beast Statue"],"picked":"Runic Pyramid"},{"not_picked":["Black Star","Velvet Choker"],"picked":"Sozu"}],"items_purged_floors":[],"is_endless":false,"potions_floor_spawned":[1,14,16,18,25,27,28,30,35,38,41],"ascension_level":0}