{"gold_per_floor":[17,34,34,50,65,65,99,99,147,181,181,181,196,237,237,333,333,253,253,253,253,253,253,253,253,253,24,24,24,24,24,24,24,24,24,24,24,24,24,24,24,24,24,24,24,24,24,24,24,24,24,24,24,24,24],"floor_reached":55,"playtime":3583,"items_purged":[],"score":1943,"play_id":"c2917e8d-f219-43d0-b263-aa0ccb645fc9","local_time":"20190216114538","is_ascension_mode":true,"campfire_choices":[{"data":"Cold Snap","floor":6,"key":"SMITH"},{"data":"Cold Snap","floor":8,"key":"SMITH"},{"floor":11,"key":"REST"},{"data":"Zap","floor":15,"key":"SMITH"},{"floor":24,"key":"REST"},{"floor":32,"key":"REST"},{"floor":40,"key":"REST"},{"floor":45,"key":"RECALL"},{"floor":49,"key":"REST"},{"floor":53,"key":"REST"}],"neow_cost":"NO_GOLD","seed_source_timestamp":5258336796658,"circlet_count":0,"master_deck":["AscendersBane","Strike_B+1","Strike_B+1","Strike_B+1","Strike_B+1","Defend_B+1","Defend_B+1","Defend_B+1","Defend_B+1","Zap+1","Dualcast","Gash","Glacier","Cold Snap+1","Rebound","Cold Snap+1","Go for the Eyes","Biased Cognition","Zap","Self Repair","Compile Driver","Electrodynamics","Defragment","Loop","Force Field","Buffer","Apotheosis+1","Coolheaded+1","Static Discharge","Stack+1","Core Surge","Coolheaded","Coolheaded+1","Heatsinks","All For One","Heatsinks+1"],"relics":["Cracked Core","Golden Idol","Question Card","Blood Vial","Oddly Smooth Stone","StoneCalendar","Ectoplasm","Omamori","Centennial Puzzle","Lantern","Orichalcum","War Paint","Busted Crown","Art of War","WarpedTongs","Anchor"],"potions_floor_usage":[5,16,18,29,29,39,41,48],"damage_taken":[{"damage":1,"enemies":"Cultist","floor":1,"turns":3},{"damage":4,"enemies":"Jaw Worm","floor":2,"turns":3},{"damage":2,"enemies":"2 Louse","floor":4,"turns":3},{"damage":3,"enemies":"Exordium Thugs","floor":5,"turns":5},{"damage":27,"enemies":"3 Sentries","floor":7,"turns":9},{"damage":23,"enemies":"Lagavulin","floor":10,"turns":7},{"damage":2,"enemies":"3 Louse","floor":13,"turns":4},{"damage":25,"enemies":"3 Sentries","floor":14,"turns":7},{"damage":6,"enemies":"Slime Boss","floor":16,"turns":7},{"damage":5,"enemies":"2 Thieves","floor":18,"turns":4},{"damage":7,"enemies":"Spheric Guardian","floor":21,"turns":4},{"damage":4,"enemies":"Snecko","floor":22,"turns":6},{"damage":45,"enemies":"Gremlin Leader","floor":23,"turns":7},{"damage":18,"enemies":"Book of Stabbing","floor":25,"turns":7},{"damage":2,"enemies":"Sentry and Sphere","floor":28,"turns":5},{"damage":23,"enemies":"Slavers","floor":29,"turns":4},{"damage":9,"enemies":"Shelled Parasite and Fungi","floor":30,"turns":7},{"damage":19,"enemies":"Collector","floor":33,"turns":8},{"damage":0,"enemies":"3 Shapes","floor":35,"turns":6},{"damage":44,"enemies":"3 Darklings","floor":36,"turns":6},{"damage":11,"enemies":"Sphere and 2 Shapes","floor":37,"turns":5},{"damage":5,"enemies":"4 Shapes","floor":38,"turns":2},{"damage":17,"enemies":"3 Darklings","floor":39,"turns":3},{"damage":21,"enemies":"Nemesis","floor":41,"turns":7},{"damage":0,"enemies":"Transient","floor":44,"turns":6},{"damage":10,"enemies":"Sphere and 2 Shapes","floor":46,"turns":4},{"damage":16,"enemies":"Reptomancer","floor":48,"turns":7},{"damage":41,"enemies":"Donu and Deca","floor":50,"turns":10},{"damage":13,"enemies":"Awakened One","floor":51,"turns":18},{"damage":81,"enemies":"Shield and Spear","floor":55,"turns":5}],"seed_played":"-1505160062773396001","potions_obtained":[{"floor":1,"key":"Fire Potion"},{"floor":7,"key":"Ancient Potion"},{"floor":10,"key":"SteroidPotion"},{"floor":18,"key":"Strength Potion"},{"floor":22,"key":"Explosive Potion"},{"floor":23,"key":"SteroidPotion"},{"floor":29,"key":"FairyPotion"},{"floor":37,"key":"EssenceOfSteel"},{"floor":38,"key":"PowerPotion"},{"floor":39,"key":"SmokeBomb"},{"floor":41,"key":"Weak Potion"},{"floor":48,"key":"FocusPotion"}],"is_trial":false,"path_per_floor":["M","M","?","M","M","R","E","R","T","E","R","?","M","E","R","B",null,"M","?","?","M","M","E","R","E","T","$","M","E","M","T","R","B",null,"M","M","M","M","M","R","E","?","T","M","R","M","?","E","R","B","B",null,"R","$","E"],"character_chosen":"DEFECT","items_purchased":["Apotheosis","Coolheaded"],"campfire_rested":6,"item_purchase_floors":[27,27],"current_hp_per_floor":[77,73,73,71,68,68,41,41,41,20,43,43,43,27,27,30,65,62,62,62,57,62,26,49,40,40,40,47,26,19,19,42,35,67,76,40,38,35,30,53,44,44,44,56,56,58,58,54,77,46,45,69,77,77,0],"gold":24,"neow_bonus":"TWENTY_PERCENT_HP_BONUS","is_prod":false,"is_daily":false,"chose_seed":false,"campfire_upgraded":3,"win_rate":0,"timestamp":1550335538,"path_taken":["M","?","?","M","M","R","E","R","T","E","R","?","M","E","R","BOSS","M","?","?","?","M","E","R","E","T","$","?","E","M","?","R","BOSS","M","?","M","M","M","R","E","?","T","?","R","M","?","E","R","BOSS","BOSS","R","$","E"],"build_version":"2019-01-23","purchased_purges":0,"victory":false,"max_hp_per_floor":[85,85,77,77,77,77,77,77,77,77,77,77,77,77,77,77,77,77,77,77,77,77,77,77,77,77,77,77,77,77,77,77,77,77,77,77,77,77,77,77,77,77,77,77,77,77,77,77,77,77,77,77,77,77,77],"card_choices":[{"not_picked":["Scrape","Streamline"],"picked":"Gash","floor":1},{"not_picked":["Reprogram","Blizzard"],"picked":"Glacier","floor":2},{"not_picked":["Go for the Eyes","Hologram"],"picked":"Cold Snap","floor":4},{"not_picked":["Stack","Turbo"],"picked":"Rebound","floor":5},{"not_picked":["Hyperbeam","Loop"],"picked":"Cold Snap","floor":7},{"not_picked":["Storm","Chaos","Sweeping Beam"],"picked":"Go for the Eyes","floor":10},{"not_picked":["Loop","Redo","Go for the Eyes"],"picked":"Self Repair","floor":13},{"not_picked":["Turbo","Amplify","Redo"],"picked":"Compile Driver","floor":14},{"not_picked":["All For One","Meteor Strike","Biased Cognition"],"picked":"Electrodynamics","floor":16},{"not_picked":["Coolheaded","Sweeping Beam","Go for the Eyes"],"picked":"Defragment","floor":18},{"not_picked":["Sweeping Beam","Rebound","Turbo","Lockon"],"picked":"SKIP","floor":21},{"not_picked":["Static Discharge","Cold Snap","Sweeping Beam+1"],"picked":"Loop","floor":22},{"not_picked":["Hologram","Leap","Barrage"],"picked":"Force Field","floor":23},{"not_picked":["Streamline","Rip and Tear","Recycle"],"picked":"Buffer","floor":25},{"not_picked":["Compile Driver","Steam","Heatsinks","Darkness"],"picked":"SKIP","floor":28},{"not_picked":["Heatsinks","Rebound","Go for the Eyes"],"picked":"Static Discharge","floor":29},{"not_picked":["Go for the Eyes","Redo","Beam Cell"],"picked":"Stack+1","floor":30},{"not_picked":["Rainbow","Creative AI","Electrodynamics"],"picked":"Core Surge","floor":33},{"not_picked":["Melter","Leap"],"picked":"SKIP","floor":35},{"not_picked":["Streamline+1","Steam"],"picked":"SKIP","floor":36},{"not_picked":["Sweeping Beam"],"picked":"Coolheaded","floor":37},{"not_picked":["Steam Power"],"picked":"Coolheaded+1","floor":38},{"not_picked":["Compile Driver"],"picked":"Heatsinks","floor":39},{"not_picked":["Barrage","Go for the Eyes"],"picked":"SKIP","floor":41},{"not_picked":["Consume","Doom and Gloom"],"picked":"SKIP","floor":44},{"not_picked":["Turbo"],"picked":"All For One","floor":46},{"not_picked":["Stack"],"picked":"Heatsinks+1","floor":48}],"player_experience":653893,"relics_obtained":[{"floor":7,"key":"Question Card"},{"floor":9,"key":"Blood Vial"},{"floor":10,"key":"Oddly Smooth Stone"},{"floor":14,"key":"StoneCalendar"},{"floor":23,"key":"Omamori"},{"floor":25,"key":"Centennial Puzzle"},{"floor":26,"key":"Lantern"},{"floor":29,"key":"Orichalcum"},{"floor":31,"key":"War Paint"},{"floor":41,"key":"Art of War"},{"floor":48,"key":"Anchor"}],"event_choices":[{"damage_healed":0,"gold_gain":0,"player_choice":"Lose Max HP","damage_taken":0,"relics_obtained":["Golden Idol"],"max_hp_gain":0,"max_hp_loss":8,"event_name":"Golden Idol","floor":3,"gold_loss":0},{"damage_healed":0,"gold_gain":0,"player_choice":"2 cards matched","damage_taken":0,"max_hp_gain":0,"max_hp_loss":0,"event_name":"Match and Keep!","floor":12,"gold_loss":0,"cards_obtained":["Biased Cognition","Zap"]},{"damage_healed":0,"gold_gain":0,"player_choice":"Simplicity","damage_taken":0,"max_hp_gain":0,"max_hp_loss":0,"event_name":"Back to Basics","floor":19,"gold_loss":0,"cards_upgraded":["Strike_B","Strike_B","Strike_B","Strike_B","Defend_B","Defend_B","Defend_B","Defend_B"]},{"damage_healed":0,"gold_gain":0,"player_choice":"Ignored","damage_taken":0,"max_hp_gain":0,"max_hp_loss":0,"event_name":"Ghosts","floor":20,"gold_loss":0},{"damage_healed":0,"gold_gain":0,"player_choice":"Rummage","damage_taken":0,"relics_obtained":["WarpedTongs"],"max_hp_gain":0,"max_hp_loss":0,"event_name":"Accursed Blacksmith","floor":42,"gold_loss":0,"cards_obtained":["Pain"]},{"damage_healed":0,"gold_gain":0,"player_choice":"Ignored","damage_taken":0,"max_hp_gain":0,"max_hp_loss":0,"event_name":"The Moai Head","floor":47,"gold_loss":0}],"is_beta":false,"boss_relics":[{"not_picked":["Runic Pyramid","Lizard Tail"],"picked":"Ectoplasm"},{"not_picked":["Snecko Eye","Runic Dome"],"picked":"Busted Crown"}],"items_purged_floors":[],"is_endless":false,"potions_floor_spawned":[1,7,10,14,18,22,23,29,37,38,39,41,48],"killed_by":"Shield and Spear","ascension_level":20}