{"gold_per_floor":[115,115,4,4,24,58,58,91,137,164,200,200,213,252,252,372,372,390,89,89,105,129,129,129,162,162,186,199,199,243,261,261,261],"floor_reached":33,"playtime":1818,"items_purged":["Strike_B"],"score":455,"play_id":"860d1732-4682-4f54-a23f-14cf77401eec","local_time":"20181102140856","is_ascension_mode":true,"campfire_choices":[{"floor":7,"key":"REST"},{"data":"Zap","floor":12,"key":"SMITH"},{"floor":15,"key":"REST"},{"data":"Coolheaded","floor":23,"key":"SMITH"},{"floor":29,"key":"REST"},{"floor":32,"key":"REST"}],"neow_cost":"NONE","seed_source_timestamp":340596535786093,"circlet_count":0,"master_deck":["AscendersBane","Strike_B","Strike_B","Strike_B","Defend_B","Defend_B","Defend_B","Defend_B","Zap+1","Dualcast","Conserve Battery","Genetic Algorithm","Doom and Gloom","Compile Driver","FTL","Self Repair","Hologram","Turbo","Rainbow","Static Discharge","Self Repair","BootSequence","Coolheaded+1","Barrage","Cold Snap+1","Coolheaded","Stack","Static Discharge"],"relics":["Cracked Core","Golden Idol","Oddly Smooth Stone","Lantern","Potion Belt","Vajra","Odd Mushroom","Regal Pillow","Inserter","OrangePellets","Strawberry","Symbiotic Virus","Bag of Marbles"],"potions_floor_usage":[8,14,22,25,25,25,31,33],"damage_taken":[{"damage":1,"enemies":"Cultist","floor":1,"turns":3},{"damage":12,"enemies":"Jaw Worm","floor":5,"turns":4},{"damage":23,"enemies":"Lagavulin","floor":6,"turns":5},{"damage":16,"enemies":"3 Sentries","floor":8,"turns":5},{"damage":6,"enemies":"The Mushroom Lair","floor":11,"turns":4},{"damage":0,"enemies":"2 Louse","floor":13,"turns":2},{"damage":21,"enemies":"Gremlin Nob","floor":14,"turns":4},{"damage":32,"enemies":"Slime Boss","floor":16,"turns":8},{"damage":14,"enemies":"Spheric Guardian","floor":18,"turns":5},{"damage":25,"enemies":"Shell Parasite","floor":21,"turns":6},{"damage":20,"enemies":"Sentry and Sphere","floor":22,"turns":6},{"damage":15,"enemies":"Colosseum Slavers","floor":24,"turns":4},{"damage":1,"enemies":"Gremlin Leader","floor":25,"turns":6},{"damage":30,"enemies":"Snake Plant","floor":27,"turns":5},{"damage":20,"enemies":"Centurion and Healer","floor":28,"turns":9},{"damage":46,"enemies":"Book of Stabbing","floor":30,"turns":5},{"damage":0,"enemies":"Snecko","floor":31,"turns":5},{"damage":85,"enemies":"Automaton","floor":33,"turns":8}],"seed_played":"-441482590856858420","potions_obtained":[{"floor":5,"key":"SkillPotion"},{"floor":8,"key":"Fire Potion"},{"floor":16,"key":"Fire Potion"},{"floor":20,"key":"Dexterity Potion"},{"floor":20,"key":"PowerPotion"},{"floor":20,"key":"EssenceOfSteel"},{"floor":21,"key":"SteroidPotion"},{"floor":25,"key":"SpeedPotion"},{"floor":28,"key":"Ancient Potion"},{"floor":31,"key":"LiquidBronze"}],"is_trial":false,"path_per_floor":["M","?","$","?","M","E","R","E","T","T","?","R","M","E","R","B",null,"M","$","?","M","M","R","?","E","T","M","M","R","E","M","R","B"],"character_chosen":"DEFECT","items_purchased":["Genetic Algorithm","Doom and Gloom","OrangePellets","Self Repair"],"campfire_rested":4,"item_purchase_floors":[3,3,19,19],"current_hp_per_floor":[74,54,54,54,42,19,43,27,27,27,21,21,28,14,53,28,69,62,62,62,51,45,45,30,50,50,27,21,62,30,44,85,0],"gold":261,"neow_bonus":"TEN_PERCENT_HP_BONUS","is_prod":false,"is_daily":false,"chose_seed":false,"campfire_upgraded":2,"win_rate":0,"timestamp":1541182136,"path_taken":["M","?","$","?","M","E","R","E","T","?","?","R","M","E","R","BOSS","M","$","?","?","?","R","?","E","T","M","M","R","E","M","R","BOSS"],"build_version":"2018-11-01","purchased_purges":1,"victory":false,"max_hp_per_floor":[82,82,82,82,82,82,82,82,82,82,82,82,82,82,82,82,82,82,82,82,82,82,82,82,89,89,89,89,89,89,89,89,89],"card_choices":[{"not_picked":["Heatsinks","Stack"],"picked":"Conserve Battery","floor":1},{"not_picked":["Hologram","Steam"],"picked":"Compile Driver","floor":5},{"not_picked":["Compile Driver","Aggregate"],"picked":"FTL","floor":6},{"not_picked":["Loop","Sweeping Beam"],"picked":"Self Repair","floor":8},{"not_picked":["Stack","Barrage"],"picked":"Hologram","floor":11},{"not_picked":["Leap","Force Field"],"picked":"Turbo","floor":13},{"not_picked":["Scrape","Hologram","Thunder Strike"],"picked":"SKIP","floor":14},{"not_picked":["Thunder Strike","Amplify"],"picked":"Rainbow","floor":16},{"not_picked":["Stack","Sunder"],"picked":"Static Discharge","floor":18},{"not_picked":["Redo","Streamline"],"picked":"BootSequence","floor":21},{"not_picked":["Barrage","Sweeping Beam+1"],"picked":"Coolheaded","floor":22},{"not_picked":["Blizzard","Amplify"],"picked":"Barrage","floor":25},{"not_picked":["Streamline","Ball Lightning+1"],"picked":"Cold Snap+1","floor":27},{"not_picked":["Streamline","Redo"],"picked":"Coolheaded","floor":28},{"not_picked":["Compile Driver","Leap"],"picked":"Stack","floor":30},{"not_picked":["Ball Lightning","Rip and Tear"],"picked":"Static Discharge","floor":31}],"player_experience":154901,"relics_obtained":[{"floor":6,"key":"Oddly Smooth Stone"},{"floor":8,"key":"Lantern"},{"floor":9,"key":"Potion Belt"},{"floor":10,"key":"Vajra"},{"floor":11,"key":"Odd Mushroom"},{"floor":14,"key":"Regal Pillow"},{"floor":25,"key":"Strawberry"},{"floor":26,"key":"Symbiotic Virus"},{"floor":30,"key":"Bag of Marbles"}],"event_choices":[{"damage_healed":0,"gold_gain":0,"player_choice":"Take Damage","damage_taken":20,"relics_obtained":["Golden Idol"],"max_hp_gain":0,"max_hp_loss":0,"event_name":"Golden Idol","floor":2,"gold_loss":0},{"damage_healed":0,"gold_gain":0,"player_choice":"Leave","damage_taken":0,"max_hp_gain":0,"max_hp_loss":0,"event_name":"The Cleric","floor":4,"gold_loss":0},{"damage_healed":0,"gold_gain":0,"player_choice":"Fought Mushrooms","damage_taken":0,"max_hp_gain":0,"max_hp_loss":0,"event_name":"Mushrooms","floor":11,"gold_loss":0},{"damage_healed":0,"gold_gain":0,"player_choice":"Got Potions","damage_taken":0,"max_hp_gain":0,"max_hp_loss":0,"event_name":"Lab","floor":20,"gold_loss":0},{"damage_healed":0,"gold_gain":0,"player_choice":"Fight","damage_taken":0,"max_hp_gain":0,"max_hp_loss":0,"event_name":"Colosseum","floor":24,"gold_loss":0},{"damage_healed":0,"gold_gain":0,"player_choice":"Fled From Nobs","damage_taken":0,"max_hp_gain":0,"max_hp_loss":0,"event_name":"Colosseum","floor":24,"gold_loss":0}],"is_beta":false,"boss_relics":[{"not_picked":["FrozenCore","Runic Pyramid"],"picked":"Inserter"}],"items_purged_floors":[19],"is_endless":false,"potions_floor_spawned":[5,8,16,21,24,25,28,31],"killed_by":"Automaton","ascension_level":10}