{"gold_per_floor":[369,49,59,75,95,95,126,138,138,138,155,9,23,198,198,198],"floor_reached":16,"playtime":670,"items_purged":[],"score":156,"play_id":"4597cfc0-9838-4f45-b39b-d66f55031c32","local_time":"20181102112340","is_ascension_mode":true,"campfire_choices":[{"data":"Zap","floor":6,"key":"SMITH"},{"data":"Hologram","floor":10,"key":"SMITH"},{"data":"Go for the Eyes","floor":15,"key":"SMITH"}],"neow_cost":"PERCENT_DAMAGE","seed_source_timestamp":331829596358517,"circlet_count":0,"master_deck":["AscendersBane","Strike_B","Strike_B","Strike_B","Strike_B","Defend_B","Defend_B","Defend_B","Defend_B","Zap+1","Dualcast","Auto Shields","Core Surge","Go for the Eyes+1","Cold Snap","Cold Snap","Hologram+1","Gash","Conserve Battery","Cold Snap","Doubt"],"relics":["Cracked Core","Runic Capacitor","Dream Catcher","Meat on the Bone","Potion Belt"],"potions_floor_usage":[5,7,7,16],"damage_taken":[{"damage":4,"enemies":"Jaw Worm","floor":1,"turns":5},{"damage":1,"enemies":"2 Louse","floor":3,"turns":3},{"damage":4,"enemies":"Cultist","floor":4,"turns":3},{"damage":2,"enemies":"Large Slime","floor":5,"turns":4},{"damage":6,"enemies":"Gremlin Nob","floor":7,"turns":3},{"damage":2,"enemies":"2 Fungi Beasts","floor":8,"turns":3},{"damage":4,"enemies":"Looter","floor":11,"turns":3},{"damage":5,"enemies":"Large Slime","floor":13,"turns":5},{"damage":54,"enemies":"Slime Boss","floor":16,"turns":11}],"seed_played":"-9088516044823826759","potions_obtained":[{"floor":3,"key":"GamblersBrew"},{"floor":4,"key":"Fire Potion"},{"floor":8,"key":"Poison Potion"}],"is_trial":false,"path_per_floor":["M","$","M","M","M","R","E","M","T","R","M","$","M","?","R","B"],"character_chosen":"DEFECT","items_purchased":["Runic Capacitor","Core Surge","Strength Potion","Potion Belt"],"campfire_rested":0,"item_purchase_floors":[2,2,2,12],"current_hp_per_floor":[46,46,45,41,39,39,33,31,31,31,39,39,46,46,46,0],"gold":198,"neow_bonus":"TWO_FIFTY_GOLD","is_prod":false,"is_daily":false,"chose_seed":false,"campfire_upgraded":3,"win_rate":0,"timestamp":1541172220,"path_taken":["M","$","M","M","M","R","E","M","T","R","M","$","M","?","R","BOSS"],"build_version":"2018-11-01","purchased_purges":0,"victory":false,"max_hp_per_floor":[75,75,75,75,75,75,75,75,75,75,75,75,75,75,75,75],"card_choices":[{"not_picked":["Compile Driver","Double Energy"],"picked":"Auto Shields","floor":1},{"not_picked":["Consume","Steam"],"picked":"Go for the Eyes","floor":3},{"not_picked":["Stack","Thunder Strike"],"picked":"Cold Snap","floor":4},{"not_picked":["Sweeping Beam","Beam Cell"],"picked":"Cold Snap","floor":5},{"not_picked":["Go for the Eyes","Reprogram"],"picked":"Hologram","floor":7},{"not_picked":["Amplify","Double Energy"],"picked":"Gash","floor":8},{"not_picked":["Stack","Go for the Eyes"],"picked":"Conserve Battery","floor":11},{"not_picked":["Rip and Tear","Heatsinks"],"picked":"Cold Snap","floor":13}],"player_experience":147685,"relics_obtained":[{"floor":7,"key":"Dream Catcher"},{"floor":9,"key":"Meat on the Bone"}],"event_choices":[{"damage_healed":0,"gold_gain":175,"player_choice":"AGREE","damage_taken":0,"max_hp_gain":0,"max_hp_loss":0,"event_name":"Liars Game","floor":14,"gold_loss":0,"cards_obtained":["Doubt"]}],"is_beta":false,"boss_relics":[],"items_purged_floors":[],"is_endless":false,"potions_floor_spawned":[3,4,8],"killed_by":"Slime Boss","ascension_level":10}