{"gold_per_floor":[109,109,134,148,18,18,42,56,80,80,120,144,168,194,194,288,288,266,285,304,219,240,240,240],"floor_reached":24,"playtime":1468,"items_purged":["Strike_R"],"score":400,"play_id":"9e1d8f82-6248-484d-b303-4f10ced65278","local_time":"20190222001253","is_ascension_mode":true,"campfire_choices":[{"data":"Armaments","floor":6,"key":"SMITH"},{"data":"Carnage","floor":10,"key":"SMITH"},{"data":"Bash","floor":15,"key":"SMITH"},{"floor":23,"key":"REST"}],"neow_cost":"PERCENT_DAMAGE","seed_source_timestamp":408498960251022,"circlet_count":0,"master_deck":["AscendersBane","Strike_R","Strike_R","Strike_R","Strike_R","Defend_R","Defend_R+1","Defend_R+1","Defend_R","Bash+1","Metallicize","Iron Wave","Armaments+1","Carnage+1","Shrug It Off","Feel No Pain","Shrug It Off","Clothesline","Headbutt","Offering","Feel No Pain+1"],"relics":["Burning Blood","Golden Idol","War Paint","Smiling Mask","Blue Candle","Odd Mushroom","Snecko Eye","Question Card"],"potions_floor_usage":[11,16,16,24],"damage_taken":[{"damage":14,"enemies":"Jaw Worm","floor":1,"turns":6},{"damage":16,"enemies":"Cultist","floor":4,"turns":5},{"damage":0,"enemies":"2 Louse","floor":7,"turns":3},{"damage":10,"enemies":"Exordium Wildlife","floor":8,"turns":4},{"damage":13,"enemies":"Lagavulin","floor":11,"turns":4},{"damage":11,"enemies":"3 Louse","floor":12,"turns":5},{"damage":2,"enemies":"Lots of Slimes","floor":13,"turns":8},{"damage":10,"enemies":"The Mushroom Lair","floor":14,"turns":6},{"damage":33,"enemies":"The Guardian","floor":16,"turns":13},{"damage":20,"enemies":"2 Thieves","floor":18,"turns":4},{"damage":21,"enemies":"3 Byrds","floor":19,"turns":8},{"damage":31,"enemies":"Centurion and Healer","floor":20,"turns":8},{"damage":6,"enemies":"Snake Plant","floor":22,"turns":2},{"damage":38,"enemies":"Gremlin Leader","floor":24,"turns":6}],"seed_played":"618947408098728074","potions_obtained":[{"floor":1,"key":"Swift Potion"},{"floor":7,"key":"Energy Potion"},{"floor":8,"key":"AttackPotion"},{"floor":13,"key":"AttackPotion"},{"floor":22,"key":"SkillPotion"}],"is_trial":false,"path_per_floor":["M","?","T","M","$","R","M","M","T","R","E","M","M","?","R","B",null,"M","M","M","?","M","R","E"],"character_chosen":"IRONCLAD","items_purchased":["Armaments"],"campfire_rested":1,"item_purchase_floors":[5],"current_hp_per_floor":[56,56,56,46,46,46,52,48,48,48,41,36,40,36,36,9,63,49,34,9,9,9,33,0],"gold":240,"neow_bonus":"TWENTY_PERCENT_HP_BONUS","is_prod":false,"is_daily":false,"chose_seed":false,"campfire_upgraded":3,"win_rate":0,"timestamp":1550812373,"path_taken":["M","?","?","M","$","R","M","M","T","R","E","M","?","?","R","BOSS","M","M","M","?","M","R","E"],"build_version":"2019-01-23","purchased_purges":1,"victory":false,"max_hp_per_floor":[89,81,81,81,81,81,81,81,81,81,81,81,81,81,81,81,81,81,81,81,81,81,81,81],"card_choices":[{"not_picked":["Searing Blow","Dropkick"],"picked":"Metallicize","floor":1},{"not_picked":["Second Wind","Clash"],"picked":"Iron Wave","floor":4},{"not_picked":["Twin Strike","Clothesline"],"picked":"Carnage","floor":7},{"not_picked":["Warcry","Uppercut"],"picked":"Shrug It Off","floor":8},{"not_picked":["Warcry","Flex"],"picked":"Feel No Pain","floor":11},{"not_picked":["Anger","True Grit"],"picked":"Shrug It Off","floor":12},{"not_picked":["Armaments","Evolve"],"picked":"Clothesline","floor":13},{"not_picked":["Berserk","Twin Strike"],"picked":"Headbutt","floor":14},{"not_picked":["Barricade","Dark Embrace"],"picked":"Offering","floor":16},{"not_picked":["Sword Boomerang","Body Slam","Seeing Red"],"picked":"SKIP","floor":18},{"not_picked":["Cleave+1","Inflame","Wild Strike"],"picked":"SKIP","floor":19},{"not_picked":["Hemokinesis","True Grit","Iron Wave+1"],"picked":"SKIP","floor":20},{"not_picked":["True Grit","Iron Wave","Clash"],"picked":"Feel No Pain+1","floor":22}],"player_experience":695466,"relics_obtained":[{"floor":3,"key":"War Paint"},{"floor":9,"key":"Smiling Mask"},{"floor":11,"key":"Blue Candle"},{"floor":14,"key":"Odd Mushroom"}],"event_choices":[{"damage_healed":0,"gold_gain":0,"player_choice":"Lose Max HP","damage_taken":0,"relics_obtained":["Golden Idol"],"max_hp_gain":0,"max_hp_loss":8,"event_name":"Golden Idol","floor":2,"gold_loss":0},{"damage_healed":0,"gold_gain":0,"player_choice":"Fought Mushrooms","damage_taken":0,"max_hp_gain":0,"max_hp_loss":0,"event_name":"Mushrooms","floor":14,"gold_loss":0},{"damage_healed":0,"gold_gain":0,"player_choice":"Obtained Relic","damage_taken":0,"relics_obtained":["Question Card"],"max_hp_gain":0,"max_hp_loss":0,"event_name":"Addict","floor":21,"gold_loss":85}],"is_beta":false,"boss_relics":[{"not_picked":["Pandora\u0027s Box","Mark of Pain"],"picked":"Snecko Eye"}],"items_purged_floors":[5],"is_endless":false,"potions_floor_spawned":[1,7,8,13,14,22],"killed_by":"Gremlin Leader","ascension_level":20}