{"gold_per_floor":[360,50,50,60,60,60,104,104,104,129,148,148,163,9,9,9],"floor_reached":16,"playtime":1034,"items_purged":["Strike_R"],"score":110,"play_id":"98e6c7df-493b-4955-9b1e-95fec9ed5f27","local_time":"20190227222513","is_ascension_mode":true,"campfire_choices":[{"data":"Body Slam","floor":6,"key":"SMITH"},{"data":"Dark Embrace","floor":12,"key":"SMITH"},{"data":"True Grit","floor":15,"key":"SMITH"}],"neow_cost":"TEN_PERCENT_HP_LOSS","seed_source_timestamp":1137212014849200,"circlet_count":0,"master_deck":["Strike_R","Strike_R","Strike_R","Defend_R","Defend_R","Defend_R","Defend_R","Bash","Body Slam+1","Dark Embrace+1","Injury","Clothesline","Disarm","True Grit+1","Pommel Strike","Feel No Pain"],"relics":["Burning Blood","Kunai","Dodecahedron","Golden Idol","Pen Nib","Pear"],"potions_floor_usage":[7],"damage_taken":[{"damage":4,"enemies":"2 Louse","floor":1,"turns":4},{"damage":2,"enemies":"Small Slimes","floor":4,"turns":4},{"damage":31,"enemies":"Gremlin Nob","floor":7,"turns":5},{"damage":7,"enemies":"Cultist","floor":10,"turns":5},{"damage":2,"enemies":"Large Slime","floor":11,"turns":7},{"damage":28,"enemies":"Exordium Wildlife","floor":13,"turns":8},{"damage":41,"enemies":"Slime Boss","floor":16,"turns":8}],"seed_played":"-7658806228876875869","potions_obtained":[{"floor":4,"key":"Energy Potion"},{"floor":13,"key":"FearPotion"}],"is_trial":false,"path_per_floor":["M","$","?","M","?","R","E","?","T","M","M","R","M","$","R","B"],"character_chosen":"IRONCLAD","items_purchased":["Kunai","Body Slam","Feel No Pain"],"campfire_rested":0,"item_purchase_floors":[2,2,14],"current_hp_per_floor":[72,72,69,72,72,72,47,47,57,56,60,60,38,38,38,0],"gold":9,"neow_bonus":"TWO_FIFTY_GOLD","is_prod":false,"is_daily":false,"chose_seed":false,"campfire_upgraded":3,"win_rate":0,"timestamp":1551266713,"path_taken":["M","$","?","M","?","R","E","?","T","M","M","R","M","$","R","BOSS"],"build_version":"2019-01-23","purchased_purges":1,"victory":false,"max_hp_per_floor":[72,72,72,72,72,72,72,72,82,82,82,82,82,82,82,82],"card_choices":[{"not_picked":["Sword Boomerang","Warcry","Twin Strike"],"picked":"SKIP","floor":1},{"not_picked":["Heavy Blade","Hemokinesis"],"picked":"Dark Embrace","floor":4},{"not_picked":["Heavy Blade","Headbutt"],"picked":"Clothesline","floor":7},{"not_picked":["Cleave","Iron Wave"],"picked":"Disarm","floor":10},{"not_picked":["Havoc","Warcry"],"picked":"True Grit","floor":11},{"not_picked":["Brutality","Sword Boomerang"],"picked":"Pommel Strike","floor":13}],"player_experience":185048,"relics_obtained":[{"floor":7,"key":"Pen Nib"},{"floor":9,"key":"Pear"}],"event_choices":[{"damage_healed":0,"gold_gain":0,"player_choice":"Success","damage_taken":3,"relics_obtained":["Dodecahedron"],"max_hp_gain":0,"max_hp_loss":0,"event_name":"Scrap Ooze","floor":3,"gold_loss":0},{"damage_healed":0,"gold_gain":0,"player_choice":"Take Wound","damage_taken":0,"relics_obtained":["Golden Idol"],"max_hp_gain":0,"max_hp_loss":0,"event_name":"Golden Idol","floor":5,"gold_loss":0,"cards_obtained":["Injury"]},{"cards_removed":["Strike_R"],"damage_healed":0,"gold_gain":0,"player_choice":"Purged","damage_taken":0,"max_hp_gain":0,"max_hp_loss":0,"event_name":"Purifier","floor":8,"gold_loss":0}],"is_beta":false,"boss_relics":[],"items_purged_floors":[14],"is_endless":false,"potions_floor_spawned":[4,13],"killed_by":"Slime Boss","ascension_level":2}