{"path_per_floor":["M","M","M","?","?","E","$","?","T","R","M","R","T","M","R","B",null,"M","M","?","M","?","R","$","R","T","M","M","?","M","M","R"],"character_chosen":"THE_SILENT","items_purchased":["Well Laid Plans","Panacea","Flying Knee","Calculated Gamble","Slice"],"gold_per_floor":[109,121,134,134,134,168,2,2,75,75,90,90,90,104,104,199,199,211,221,221,231,231,231,2,2,49,69,87,87,99,112,112],"floor_reached":33,"campfire_rested":6,"playtime":2970,"current_hp_per_floor":[66,65,65,65,65,33,33,30,30,51,44,65,65,65,70,31,70,57,51,42,11,11,33,33,55,55,44,19,19,11,8,30],"items_purged":["Pain"],"gold":112,"play_id":"5726c50e-7469-4747-904d-8fac9cd83af4","is_prod":false,"is_daily":false,"campfire_rituals":0,"campfire_upgraded":0,"is_hardmode":false,"path_taken":["M","M","?","?","?","E","$","?","T","R","M","R","?","M","R","BOSS","M","M","?","M","?","R","$","R","T","M","?","?","M","?","R","BOSS"],"build_version":"2017-12-21-PROD1","purchased_purges":1,"victory":false,"master_deck":["Defend_G","Defend_G","Defend_G","Defend_G","Defend_G","Strike_G","Strike_G","Strike_G","Strike_G","Strike_G","Survivor","Neutralize","Quick Slash","Flying Knee","Footwork","Sucker Punch","Well Laid Plans","Panacea","Footwork","Caltrops","Choke","Bullet Time","Regret","Normality","Flying Knee","Dagger Spray","Endless Agony","Blur","Flying Knee","Calculated Gamble","Slice","Dagger Spray","Dash","Deflect","Bullet Time","Flechettes","Predator"],"max_hp_per_floor":[70,70,70,70,70,70,70,70,70,70,70,70,70,70,70,70,70,70,70,75,75,75,75,75,75,75,75,75,75,75,75,75],"relics":["Ring of the Snake","Vajra","Ornamental Fan","Matryoshka","Dream Catcher","Ice Cream","Calling Bell","Toolbox","Pen Nib","Ninja Scroll","Frozen Egg","Oddly Smooth Stone"],"campfire_meditates":0,"card_choices":[{"not_picked":["Calculated Gamble","Slice"],"picked":"Quick Slash"},{"not_picked":["Distraction","Poisoned Stab"],"picked":"Flying Knee"},{"not_picked":["Masterful Stab","Acrobatics"],"picked":"Footwork"},{"not_picked":["Acrobatics","Dagger Throw"],"picked":"Sucker Punch"},{"not_picked":["PiercingWail","Backflip"],"picked":"Footwork"},{"not_picked":["Blade Dance","Bane"],"picked":"Caltrops"},{"not_picked":["Catalyst","Tools of the Trade"],"picked":"Choke"},{"not_picked":["Tools of the Trade","Burst"],"picked":"Bullet Time"},{"not_picked":["Prepared","Heel Hook"],"picked":"Flying Knee"},{"not_picked":["Infinite Blades","Acrobatics"],"picked":"Dagger Spray"},{"not_picked":["Prepared","Backstab"],"picked":"Endless Agony"},{"not_picked":["Leg Sweep","Sucker Punch"],"picked":"Blur"},{"not_picked":["Dagger Throw","Slice"],"picked":"Dagger Spray"},{"not_picked":["Leg Sweep","Catalyst"],"picked":"Dash"},{"not_picked":["Backstab","Catalyst"],"picked":"Deflect"},{"not_picked":["Bane","Leg Sweep"],"picked":"Bullet Time"},{"not_picked":["Slice","Dagger Spray"],"picked":"Flechettes"},{"not_picked":["Dagger Spray","Slice"],"picked":"Predator"}],"player_experience":7886,"potions_floor_usage":[],"damage_taken":[{"damage":4,"enemies":"Blue Slaver","floor":1,"turns":7},{"damage":1,"enemies":"Jaw Worm","floor":2,"turns":4},{"damage":0,"enemies":"Cultist","floor":3,"turns":3},{"damage":32,"enemies":"Lagavulin","floor":6,"turns":12},{"damage":7,"enemies":"Exordium Wildlife","floor":11,"turns":6},{"damage":0,"enemies":"Red Slaver","floor":14,"turns":5},{"damage":39,"enemies":"The Guardian","floor":16,"turns":11},{"damage":13,"enemies":"Shell Parasite","floor":18,"turns":7},{"damage":6,"enemies":"Chosen","floor":19,"turns":4},{"damage":31,"enemies":"Snake Plant","floor":21,"turns":5},{"damage":11,"enemies":"3 Cultists","floor":27,"turns":5},{"damage":25,"enemies":"Centurion and Healer","floor":28,"turns":7},{"damage":8,"enemies":"Snecko","floor":30,"turns":6},{"damage":3,"enemies":"3 Cultists","floor":31,"turns":4},{"damage":45,"enemies":"Champ","floor":33,"turns":13}],"event_choices":[{"event_name":"Upgrade Shrine","player_choice":"Upgraded","floor":4,"damage_taken":0},{"event_name":"The Lab","player_choice":"Got Potions","floor":5,"damage_taken":0},{"event_name":"Scrap Ooze","player_choice":"success","floor":8,"damage_taken":3},{"event_name":"Forgotten Altar","player_choice":"Shed Blood","floor":20,"damage_taken":0},{"event_name":"Accursed Blacksmith","player_choice":"Forge","floor":22,"damage_taken":0},{"event_name":"Drug Dealer","player_choice":"Ignored","floor":29,"damage_taken":0}],"boss_relics":[{"not_picked":["Philosopher\u0027s Stone","Runic Dome"],"picked":"Calling Bell"}],"potions_floor_spawned":[2,16,19,21],"seed_played":"5596446670822629872","killed_by":"Champ","is_trial":false}