{"gold_per_floor":[112,112,129,129,145,177,102,102,102,102,113,142,42,59,59,137,137,149,164,39,39,89,89,101,101,101,118,150,150],"floor_reached":29,"playtime":1590,"items_purged":["Strike_B","Strike_B","Strike_B"],"score":454,"play_id":"0896564e-c5df-42e8-b7c5-f492b8325f71","local_time":"20190306002855","is_ascension_mode":true,"campfire_choices":[{"floor":8.0,"key":"REST"},{"data":"Zap","floor":10.0,"key":"SMITH"},{"floor":15.0,"key":"REST"},{"data":"Self Repair","floor":23.0,"key":"SMITH"},{"floor":25.0,"key":"REST"}],"neow_cost":"NONE","seed_source_timestamp":270674869005500,"circlet_count":0,"master_deck":["AscendersBane","Defend_B","Defend_B","Defend_B","Defend_B","Zap+1","Dualcast","Redo","Streamline+1","Sweeping Beam","White Noise","Steam","Rebound","BootSequence","Thunder Strike","Self Repair+1","Cold Snap","Conserve Battery","Ball Lightning"],"special_seed":0,"relics":["Cracked Core","Bottled Lightning","Pantograph","Blood Vial","Runic Pyramid","Cables","Red Mask"],"potions_floor_usage":[28,28],"damage_taken":[{"damage":1.0,"enemies":"2 Louse","floor":1.0,"turns":3.0},{"damage":7.0,"enemies":"Jaw Worm","floor":3.0,"turns":3.0},{"damage":0.0,"enemies":"Cultist","floor":5.0,"turns":3.0},{"damage":40.0,"enemies":"Lagavulin","floor":6.0,"turns":5.0},{"damage":7.0,"enemies":"Lots of Slimes","floor":11.0,"turns":2.0},{"damage":20.0,"enemies":"Gremlin Nob","floor":12.0,"turns":4.0},{"damage":1.0,"enemies":"Exordium Wildlife","floor":14.0,"turns":3.0},{"damage":33.0,"enemies":"The Guardian","floor":16.0,"turns":10.0},{"damage":12.0,"enemies":"Spheric Guardian","floor":18.0,"turns":4.0},{"damage":4.0,"enemies":"3 Byrds","floor":19.0,"turns":4.0},{"damage":14.0,"enemies":"Snecko","floor":24.0,"turns":4.0},{"damage":23.0,"enemies":"Snake Plant","floor":27.0,"turns":5.0},{"damage":40,"enemies":"Masked Bandits","floor":28,"turns":4},{"damage":21,"enemies":"Slavers","floor":29,"turns":2}],"seed_played":"3631194786372697670","potions_obtained":[{"floor":5.0,"key":"GamblersBrew"},{"floor":6.0,"key":"Block Potion"},{"floor":12.0,"key":"Explosive Potion"},{"floor":18.0,"key":"Poison Potion"},{"floor":27.0,"key":"Strength Potion"}],"is_trial":false,"path_per_floor":["M","?","M","?","M","E","$","R","T","R","M","E","$","M","R","B",null,"M","M","$","?","?","R","M","R","T","M","?","E"],"character_chosen":"DEFECT","items_purchased":[],"campfire_rested":3,"item_purchase_floors":[],"current_hp_per_floor":[63,63,56,56,56,16,16,37,37,37,30,10,10,11,32,26,60,50,55,55,35,35,35,33,55,55,44,16,0],"gold":150,"neow_bonus":"REMOVE_CARD","is_prod":false,"is_daily":false,"chose_seed":false,"campfire_upgraded":2,"win_rate":0,"timestamp":1551850135,"path_taken":["M","?","M","?","M","E","$","R","T","R","?","E","?","M","R","BOSS","M","M","$","?","?","R","M","R","T","M","?","E"],"build_version":"2019-01-23","purchased_purges":3,"victory":false,"max_hp_per_floor":[71,71,71,71,71,71,71,71,71,71,71,71,71,71,71,71,71,71,71,71,76,76,76,76,76,76,76,76,76],"card_choices":[{"not_picked":["Turbo","Stack"],"picked":"Redo","floor":1.0},{"not_picked":["Rebound","Stack"],"picked":"Streamline","floor":3.0},{"not_picked":["Doom and Gloom","Recycle"],"picked":"Sweeping Beam","floor":5.0},{"not_picked":["Lockon","Compile Driver"],"picked":"White Noise","floor":6.0},{"not_picked":["Sweeping Beam","Undo"],"picked":"Steam","floor":11.0},{"not_picked":["Loop","Blizzard"],"picked":"Rebound","floor":12.0},{"not_picked":["Beam Cell","Streamline"],"picked":"BootSequence","floor":14.0},{"not_picked":["Buffer","Electrodynamics"],"picked":"Thunder Strike","floor":16.0},{"not_picked":["Barrage+1","Sweeping Beam+1"],"picked":"Self Repair","floor":18.0},{"not_picked":["Self Repair","Hologram"],"picked":"Cold Snap","floor":19.0},{"not_picked":["Beam Cell","Cold Snap","Steam"],"picked":"SKIP","floor":24.0},{"not_picked":["White Noise","Force Field"],"picked":"Conserve Battery","floor":27.0},{"not_picked":["Redo","Reboot"],"picked":"Ball Lightning","floor":28}],"player_experience":1295356,"relics_obtained":[{"floor":6.0,"key":"Bottled Lightning"},{"floor":9.0,"key":"Pantograph"},{"floor":12.0,"key":"Blood Vial"},{"floor":26.0,"key":"Cables"},{"floor":28,"key":"Red Mask"}],"event_choices":[{"damage_healed":0.0,"max_hp_gain":0.0,"max_hp_loss":0.0,"gold_gain":0.0,"event_name":"Liars Game","player_choice":"Ignored","floor":2.0,"gold_loss":0.0,"damage_taken":0.0},{"damage_healed":0.0,"max_hp_gain":0.0,"max_hp_loss":0.0,"gold_gain":0.0,"event_name":"Upgrade Shrine","player_choice":"Upgraded","floor":4.0,"gold_loss":0.0,"damage_taken":0.0,"cards_upgraded":["Streamline"]},{"damage_healed":0.0,"max_hp_gain":5.0,"max_hp_loss":0.0,"gold_gain":0.0,"event_name":"Forgotten Altar","player_choice":"Shed Blood","floor":21.0,"gold_loss":0.0,"damage_taken":25.0},{"damage_healed":0.0,"max_hp_gain":0.0,"max_hp_loss":0.0,"gold_gain":50.0,"event_name":"Nest","player_choice":"Stole From Cult","floor":22.0,"gold_loss":0.0,"damage_taken":0.0},{"damage_healed":0,"gold_gain":0,"player_choice":"Fought Bandits","damage_taken":0,"max_hp_gain":0,"max_hp_loss":0,"event_name":"Masked Bandits","floor":28,"gold_loss":0}],"is_beta":false,"boss_relics":[{"not_picked":["Cursed Key","Snecko Eye"],"picked":"Runic Pyramid"}],"items_purged_floors":[7,13,20],"is_endless":false,"potions_floor_spawned":[5,6,12,18,27],"killed_by":"Slavers","ascension_level":19}