{"path_per_floor":["M","M","M","M","?","E","R","M","T","M","M","R","$","M","R","B",null,"M","?","?","?","M"],"character_chosen":"THE_SILENT","items_purchased":["Infinite Blades","Blood Vial","Cloak And Dagger","Dagger Spray"],"gold_per_floor":[148,158,178,192,192,218,218,235,261,277,289,289,2,18,18,120,120,86,86,86,86,104],"floor_reached":23,"campfire_rested":3,"playtime":2424,"current_hp_per_floor":[58,57,55,47,47,9,31,28,28,20,14,36,36,35,57,18,75,37,62,62,62,40],"items_purged":[],"gold":104,"score":195,"play_id":"1933cd69-da16-48cd-ae10-27e93761fcf0","is_prod":false,"is_daily":false,"is_ascension_mode":false,"campfire_upgraded":0,"path_taken":["M","M","M","M","?","E","R","M","T","M","M","R","$","M","R","BOSS","M","?","?","?","M","E"],"build_version":"2018-02-12-PROD1","purchased_purges":0,"victory":false,"master_deck":["Defend_G","Defend_G","Defend_G","Defend_G","Defend_G+1","Strike_G","Strike_G","Strike_G","Strike_G","Strike_G","Survivor","Neutralize","Setup+1","Dagger Throw","Endless Agony","Quick Slash","Backflip+1","After Image","Prepared","Flechettes","Calculated Gamble","Night Terror","Infinite Blades","Cloak And Dagger","Dagger Spray","Acrobatics","Venomology","Decay","Doubt","Doubt","Cloak And Dagger","Dramatic Entrance+1","Leg Sweep","Storm of Steel"],"max_hp_per_floor":[75,75,75,75,75,75,75,75,75,75,75,75,75,75,75,75,75,75,75,75,75,75],"relics":["Tiny House","Prayer Wheel","Orichalcum","Blood Vial","Calling Bell","Smiling Mask","War Paint","Happy Flower"],"card_choices":[{"not_picked":["PiercingWail","Dodge and Roll"],"picked":"Setup"},{"not_picked":["Dagger Spray","Sucker Punch"],"picked":"Dagger Throw"},{"not_picked":["Malaise","Flechettes"],"picked":"Endless Agony"},{"not_picked":["Dagger Throw","Sucker Punch"],"picked":"Quick Slash"},{"not_picked":["Deadly Poison","Deflect"],"picked":"Backflip"},{"not_picked":["Predator","Masterful Stab"],"picked":"After Image"},{"not_picked":["Deadly Poison","Sucker Punch"],"picked":"Prepared"},{"not_picked":["Outmaneuver","PiercingWail"],"picked":"Flechettes"},{"not_picked":["Slice","Cloak And Dagger"],"picked":"Calculated Gamble"},{"not_picked":["Acrobatics","Cloak And Dagger"],"picked":"Night Terror"},{"not_picked":["Deflect","Bane"],"picked":"Acrobatics"},{"not_picked":["Unload","A Thousand Cuts"],"picked":"Venomology"},{"not_picked":["Deadly Poison","Underhanded Strike"],"picked":"Cloak And Dagger"},{"not_picked":["PiercingWail","Slice"],"picked":"Storm of Steel"}],"player_experience":106026,"potions_floor_usage":[23,23],"damage_taken":[{"damage":17.0,"enemies":"Jaw Worm","floor":1.0,"turns":6.0},{"damage":1.0,"enemies":"2 Louse","floor":2.0,"turns":3.0},{"damage":2.0,"enemies":"Small Slimes","floor":3.0,"turns":3.0},{"damage":8.0,"enemies":"2 Fungi Beasts","floor":4.0,"turns":3.0},{"damage":38.0,"enemies":"3 Sentries","floor":6.0,"turns":7.0},{"damage":3.0,"enemies":"Exordium Wildlife","floor":8.0,"turns":6.0},{"damage":8.0,"enemies":"3 Louse","floor":10.0,"turns":4.0},{"damage":6.0,"enemies":"Gremlin Gang","floor":11.0,"turns":7.0},{"damage":3.0,"enemies":"Looter","floor":14.0,"turns":3.0},{"damage":41.0,"enemies":"Hexaghost","floor":16.0,"turns":16.0},{"damage":50.0,"enemies":"2 Thieves","floor":18.0,"turns":5.0},{"damage":24.0,"enemies":"Spheric Guardian","floor":22.0,"turns":9.0},{"damage":42,"enemies":"Book of Stabbing","floor":23,"turns":6}],"event_choices":[{"event_name":"Living Wall","player_choice":"Grow","floor":5.0,"damage_taken":0.0},{"event_name":"The Library","player_choice":"Heal","floor":19.0,"damage_taken":0.0},{"event_name":"Match and Keep!","player_choice":"2 cards matched","floor":20.0,"damage_taken":0.0},{"event_name":"Upgrade Shrine","player_choice":"Upgraded","floor":21.0,"damage_taken":0.0}],"boss_relics":[],"potions_floor_spawned":[1,3,4,6,10],"seed_played":"7719049578513922974","killed_by":"Book of Stabbing","ascension_level":0,"is_trial":false}