{"path_per_floor":["M","M","?","$","M","E","R","M","T","R","?","M","M","$","R","B",null,"M","?","?","?","M","R"],"character_chosen":"THE_SILENT","items_purchased":["Infinite Blades","Escape Plan","Infinite Blades"],"gold_per_floor":[114,132,132,14,25,53,53,68,95,95,95,105,117,49,49,144,144,144,69,69,69,82,82],"floor_reached":24,"campfire_rested":4,"playtime":1850,"current_hp_per_floor":[60,44,44,44,28,10,31,20,20,56,56,53,40,40,70,42,70,54,54,54,54,29,65],"items_purged":[],"gold":82,"play_id":"085214e0-260e-4f33-91fd-9dfccd1a781e","is_prod":false,"is_daily":false,"campfire_rituals":0,"campfire_upgraded":0,"is_hardmode":false,"path_taken":["M","M","?","$","M","E","R","M","T","R","?","?","M","$","R","BOSS","M","?","?","?","M","R","E"],"build_version":"2017-12-21-PROD1","purchased_purges":0,"victory":false,"master_deck":["Defend_G","Defend_G","Defend_G","Strike_G","Strike_G","Strike_G","Strike_G","Survivor","Neutralize","Noxious Fumes","Infinite Blades","Dagger Throw","Infinite Blades","Escape Plan","Adrenaline","Catalyst","PiercingWail","Infinite Blades","Footwork","Infinite Blades","A Thousand Cuts","Outmaneuver","Backflip"],"max_hp_per_floor":[70,70,70,70,70,70,70,70,70,70,70,70,70,70,70,70,70,70,70,70,70,70,70],"relics":["Ring of the Snake","Snake Skull","Regal Pillow","Pantograph","Nloth\u0027s Gift"],"campfire_meditates":0,"card_choices":[{"not_picked":["Dagger Spray","Bane"],"picked":"Noxious Fumes"},{"not_picked":["PiercingWail","Deadly Poison"],"picked":"Infinite Blades"},{"not_picked":["Leg Sweep","PiercingWail"],"picked":"Adrenaline"},{"not_picked":["Dash","Blade Dance"],"picked":"Catalyst"},{"not_picked":["Acrobatics","Slice"],"picked":"PiercingWail"},{"not_picked":["Backflip","Flying Knee"],"picked":"Infinite Blades"},{"not_picked":["Backflip","Slice"],"picked":"Footwork"},{"not_picked":["Wraith Form","Phantasmal Killer"],"picked":"A Thousand Cuts"},{"not_picked":["Sucker Punch","PiercingWail"],"picked":"Outmaneuver"},{"not_picked":["Slice","PiercingWail"],"picked":"Backflip"}],"player_experience":6036,"potions_floor_usage":[],"damage_taken":[{"damage":10,"enemies":"Looter","floor":1,"turns":3},{"damage":16,"enemies":"Blue Slaver","floor":2,"turns":4},{"damage":16,"enemies":"Jaw Worm","floor":5,"turns":3},{"damage":18,"enemies":"3 Sentries","floor":6,"turns":7},{"damage":11,"enemies":"Exordium Wildlife","floor":8,"turns":4},{"damage":3,"enemies":"Gremlin Gang","floor":12,"turns":4},{"damage":13,"enemies":"Large Slime","floor":13,"turns":6},{"damage":28,"enemies":"Slime Boss","floor":16,"turns":10},{"damage":16,"enemies":"Chosen","floor":18,"turns":5},{"damage":25,"enemies":"Shell Parasite","floor":22,"turns":6},{"damage":68,"enemies":"Gremlin Leader","floor":24,"turns":6}],"event_choices":[{"event_name":"Transmorgrifier","player_choice":"Transform","floor":3,"damage_taken":0},{"event_name":"Living Wall","player_choice":"Forget","floor":11,"damage_taken":0},{"event_name":"Beggar","player_choice":"Gave Gold","floor":19,"damage_taken":0},{"event_name":"The Mausoleum","player_choice":"Yes","floor":20,"damage_taken":0},{"event_name":"N\u0027loth","player_choice":"Traded a Black Star","floor":21,"damage_taken":0}],"boss_relics":[{"not_picked":["Calling Bell","Sozu"],"picked":"Black Star"}],"potions_floor_spawned":[1,5,8,16],"seed_played":"5253585968696471805","killed_by":"Gremlin Leader","is_trial":false}