{"path_per_floor":["M","M","M","$","?","E","R","M","T","?","E","M","M","E","R","B",null,"M","?","M","?","?","R","$","M","T"],"character_chosen":"DEFECT","items_purchased":["Loop","Capacitor","Unceasing Top","Darkness","Compile Driver"],"gold_per_floor":[113,126,143,70,70,97,97,110,110,285,320,334,353,386,386,482,482,502,602,582,582,582,582,41,60,84,84],"floor_reached":27,"campfire_rested":3,"playtime":1451,"item_purchase_floors":[4,24,24,24,24],"current_hp_per_floor":[75,75,75,75,75,65,80,74,74,74,48,39,39,17,41,42,80,53,53,21,21,21,45,45,22,22,0],"items_purged":["Decay"],"gold":84,"score":233,"play_id":"b7d5ccd6-4811-478b-8a15-8ecbd72c0620","local_time":"20180603110935","is_prod":false,"is_daily":false,"chose_seed":false,"is_ascension_mode":false,"campfire_upgraded":0,"win_rate":0.0,"timestamp":1528045775,"campfire_choices":[{"floor":7,"key":"REST"},{"floor":15,"key":"REST"},{"floor":23,"key":"REST"}],"path_taken":["M","M","M","$","?","E","R","M","T","?","E","M","M","E","R","BOSS","M","?","M","?","?","R","$","?","T","M"],"build_version":"2018-05-30v2","seed_source_timestamp":677254302622776,"purchased_purges":1,"victory":false,"master_deck":["Strike_B","Strike_B","Strike_B","Defend_B","Defend_B","Defend_B","Defend_B","Zap","Dualcast","Compile Driver","Genetic Algorithm","Loop","Loop","Hologram","Creative AI","Doubt","Coolheaded","Doom and Gloom","Gash","Go for the Eyes","Machine Learning","Chaos","Compile Driver","Writhe","Capacitor","Darkness","Compile Driver","Beam Cell"],"max_hp_per_floor":[75,75,75,75,75,80,80,80,80,80,80,80,80,80,80,80,80,80,80,80,80,80,80,80,80,80,80],"relics":["Cracked Core","NeowsBlessing","Letter Opener","Dead Branch","Torii","Bird Faced Urn","Inserter","Emotion Chip","Unceasing Top","Bag of Marbles"],"card_choices":[{"not_picked":["Turbo","Steam"],"picked":"Compile Driver","floor":1},{"not_picked":["Cold Snap","Hologram"],"picked":"Genetic Algorithm","floor":2},{"not_picked":["Leap","Lockon"],"picked":"Loop","floor":3},{"not_picked":["Reinforced Body","Heatsinks"],"picked":"Hologram","floor":6},{"not_picked":["Steam","Leap"],"picked":"Creative AI","floor":8},{"not_picked":["Force Field","Turbo"],"picked":"Coolheaded","floor":11},{"not_picked":["Consume","Barrage"],"picked":"Doom and Gloom","floor":12},{"not_picked":["Sweeping Beam","Redo"],"picked":"Gash","floor":13},{"not_picked":["Barrage","Recycle"],"picked":"Go for the Eyes","floor":14},{"not_picked":["Rainbow","Fission"],"picked":"Machine Learning","floor":16},{"not_picked":["Redo","Coolheaded"],"picked":"Chaos","floor":18},{"not_picked":["Genetic Algorithm","Turbo"],"picked":"Compile Driver","floor":20},{"not_picked":["Streamline","Hello World+1"],"picked":"Beam Cell","floor":25}],"player_experience":371192,"potions_floor_usage":[6,16,16,27],"damage_taken":[{"damage":0,"enemies":"2 Louse","floor":1,"turns":1},{"damage":0,"enemies":"Small Slimes","floor":2,"turns":1},{"damage":0,"enemies":"Jaw Worm","floor":3,"turns":1},{"damage":15,"enemies":"Gremlin Nob","floor":6,"turns":4},{"damage":6,"enemies":"Blue Slaver","floor":8,"turns":3},{"damage":26,"enemies":"Lagavulin","floor":11,"turns":7},{"damage":9,"enemies":"Exordium Thugs","floor":12,"turns":4},{"damage":0,"enemies":"3 Louse","floor":13,"turns":2},{"damage":22,"enemies":"3 Sentries","floor":14,"turns":4},{"damage":19,"enemies":"Hexaghost","floor":16,"turns":11},{"damage":37,"enemies":"3 Byrds","floor":18,"turns":6},{"damage":36,"enemies":"2 Thieves","floor":20,"turns":4},{"damage":29,"enemies":"Snecko","floor":25,"turns":6},{"damage":38,"enemies":"Centurion and Healer","floor":27,"turns":7}],"relics_obtained":[{"floor":6,"key":"Letter Opener"},{"floor":9,"key":"Dead Branch"},{"floor":11,"key":"Torii"},{"floor":14,"key":"Bird Faced Urn"},{"floor":26,"key":"Bag of Marbles"}],"event_choices":[{"event_name":"Living Wall","player_choice":"Forget","floor":5,"damage_taken":0},{"event_name":"Liars Game","player_choice":"agreed","floor":10,"damage_taken":0},{"event_name":"Golden Shrine","player_choice":"Pray","floor":19,"damage_taken":0},{"event_name":"Forgotten Altar","player_choice":"Smashed Altar","floor":21,"damage_taken":0},{"event_name":"The Mausoleum","player_choice":"Yes","floor":22,"damage_taken":0}],"boss_relics":[{"not_picked":["Runic Dome","Pandora\u0027s Box"],"picked":"Inserter"}],"items_purged_floors":[24],"potions_floor_spawned":[3,8,14,16],"seed_played":"7642018079224783727","killed_by":"Centurion and Healer","ascension_level":0,"potions_obtained":[{"floor":3,"key":"Fruit Juice"},{"floor":8,"key":"Swift Potion"},{"floor":14,"key":"EssenceOfSteel"},{"floor":16,"key":"SpeedPotion"}],"is_trial":false}