{"path_per_floor":["M","?","M","M","?","R","E","M","T","?","E","R","E","M","R","B",null,"M","?","M","?"],"character_chosen":"THE_SILENT","items_purchased":[],"gold_per_floor":[10,10,28,47,47,47,82,100,155,155,182,182,207,222,222,322,352,366,281,291,291],"floor_reached":22,"campfire_rested":3,"playtime":2096,"current_hp_per_floor":[57,57,47,39,39,60,44,44,44,30,10,31,16,16,37,16,75,42,42,16,7],"items_purged":[],"gold":291,"score":214,"play_id":"aa6f1647-4e88-41db-988d-9c04ca6be06c","is_prod":false,"is_daily":false,"is_ascension_mode":true,"campfire_upgraded":0,"path_taken":["M","?","M","M","?","R","E","M","T","?","E","R","E","M","R","BOSS","M","?","M","?","M"],"build_version":"2018-02-15-PROD1","purchased_purges":0,"victory":false,"master_deck":["Defend_G","Defend_G","Defend_G","Defend_G","Defend_G","Strike_G","Strike_G","Strike_G","Strike_G","Strike_G","Survivor","Neutralize+1","Envenom+1","Crippling Poison+1","Prepared","Escape Plan","Bane+1","Deadly Poison+1","Adrenaline","Skewer","Quick Slash","Wraith Form","Setup","Dagger Throw","Noxious Fumes"],"max_hp_per_floor":[70,70,70,70,70,70,70,70,70,70,70,70,70,70,70,70,75,75,75,75,75],"relics":["Ring of the Snake","Anchor","Tiny Chest","Shuriken","The Courier","Tiny House","Juzu Bracelet"],"card_choices":[{"not_picked":["Doppelganger","Venomology"],"picked":"Envenom"},{"not_picked":["Backflip","Dagger Throw"],"picked":"Crippling Poison"},{"not_picked":["Predator","Masterful Stab"],"picked":"Prepared"},{"not_picked":["Slice","Eviscerate"],"picked":"Escape Plan"},{"not_picked":["Prepared","Heel Hook"],"picked":"Bane"},{"not_picked":["Backflip","Prepared"],"picked":"Deadly Poison"},{"not_picked":["Quick Slash","Doppelganger"],"picked":"Adrenaline"},{"not_picked":["Predator","Backflip"],"picked":"Skewer"},{"not_picked":["Dagger Throw","Reflex"],"picked":"Quick Slash"},{"not_picked":["Unload","Night Terror"],"picked":"Wraith Form"},{"not_picked":["Distraction","Malaise"],"picked":"Setup"},{"not_picked":["Slice","Choke"],"picked":"Dagger Throw"},{"not_picked":["Poisoned Stab","Dodge and Roll"],"picked":"Noxious Fumes"}],"player_experience":115436,"potions_floor_usage":[7,11,14,18,20],"damage_taken":[{"damage":13,"enemies":"2 Louse","floor":1,"turns":2},{"damage":10,"enemies":"Cultist","floor":3,"turns":4},{"damage":8,"enemies":"Small Slimes","floor":4,"turns":5},{"damage":28,"enemies":"Lagavulin","floor":7,"turns":7},{"damage":0,"enemies":"3 Louse","floor":8,"turns":3},{"damage":20,"enemies":"3 Sentries","floor":11,"turns":7},{"damage":15,"enemies":"Lagavulin","floor":13,"turns":6},{"damage":0,"enemies":"Blue Slaver","floor":14,"turns":2},{"damage":21,"enemies":"Hexaghost","floor":16,"turns":8},{"damage":33,"enemies":"2 Thieves","floor":18,"turns":4},{"damage":26,"enemies":"Spheric Guardian","floor":20,"turns":5},{"damage":7,"enemies":"Snake Plant","floor":22,"turns":2}],"event_choices":[{"event_name":"Upgrade Shrine","player_choice":"Upgraded","floor":2,"damage_taken":0},{"event_name":"Living Wall","player_choice":"Grow","floor":5,"damage_taken":0},{"event_name":"Shining Light","player_choice":"Entered Light","floor":10,"damage_taken":0},{"event_name":"Addict","player_choice":"Obtained Relic","floor":19,"damage_taken":0},{"event_name":"Cursed Tome","player_choice":"Stopped","floor":21,"damage_taken":0}],"boss_relics":[{"not_picked":["Ectoplasm","Snecko Eye"],"picked":"Tiny House"}],"potions_floor_spawned":[1,8,13,16],"seed_played":"-7113092263906414309","killed_by":"Snake Plant","ascension_level":1,"is_trial":false}