{"gold_per_floor":[369,384,84,96,96,127,127,137,137,22,39,70,70,81,81,184,184,196,196,196,211,10,40,40,40,40,40,55,82,82,93,93,93],"floor_reached":33,"playtime":2104,"items_purged":["Decay"],"score":350,"play_id":"abc73240-d84c-4a90-9fc4-7f075521ba01","local_time":"20190228211943","is_ascension_mode":true,"campfire_choices":[{"data":"Fire Breathing","floor":7,"key":"SMITH"},{"data":"Rampage","floor":15,"key":"SMITH"},{"data":"Limit Break","floor":24,"key":"SMITH"},{"floor":27,"key":"REST"},{"data":"Body Slam","floor":30,"key":"SMITH"},{"data":"Demon Form","floor":32,"key":"SMITH"}],"neow_cost":"CURSE","seed_source_timestamp":1218615082906400,"circlet_count":0,"master_deck":["Strike_R","Strike_R","Strike_R","Strike_R","Defend_R","Defend_R","Defend_R","Bash","Body Slam","Anger","Anger","Heavy Blade","Fire Breathing+1","Body Slam+1","Rampage+1","Flame Barrier","Anger","Dramatic Entrance","Demon Form+1","Clash","Limit Break+1","Ghostly","Ghostly","Ghostly","Ghostly","Ghostly","Seeing Red","Ghostly Armor+1","Flame Barrier"],"relics":["Burning Blood","Meat on the Bone","Bird Faced Urn","Mango","Shuriken","Empty Cage","MutagenicStrength","Toy Ornithopter","Centennial Puzzle","Paper Frog","Blue Candle","Ornamental Fan"],"potions_floor_usage":[6,6,12,12,23,23,31,33,33],"damage_taken":[{"damage":28,"enemies":"Small Slimes","floor":1,"turns":6},{"damage":10,"enemies":"Cultist","floor":2,"turns":4},{"damage":9,"enemies":"Jaw Worm","floor":4,"turns":3},{"damage":20,"enemies":"Gremlin Nob","floor":6,"turns":5},{"damage":17,"enemies":"Red Slaver","floor":8,"turns":4},{"damage":0,"enemies":"Exordium Wildlife","floor":11,"turns":2},{"damage":47,"enemies":"3 Sentries","floor":12,"turns":8},{"damage":0,"enemies":"Large Slime","floor":14,"turns":3},{"damage":25,"enemies":"Slime Boss","floor":16,"turns":7},{"damage":33,"enemies":"Chosen","floor":18,"turns":6},{"damage":1,"enemies":"Spheric Guardian","floor":21,"turns":4},{"damage":41,"enemies":"Book of Stabbing","floor":23,"turns":6},{"damage":3,"enemies":"3 Cultists","floor":28,"turns":5},{"damage":5,"enemies":"Gremlin Leader","floor":29,"turns":7},{"damage":12,"enemies":"Centurion and Healer","floor":31,"turns":8},{"damage":63,"enemies":"Collector","floor":33,"turns":9}],"seed_played":"-1780806236544432308","potions_obtained":[{"floor":2,"key":"Block Potion"},{"floor":6,"key":"Weak Potion"},{"floor":11,"key":"FearPotion"},{"floor":12,"key":"BloodPotion"},{"floor":16,"key":"Strength Potion"},{"floor":21,"key":"EssenceOfSteel"},{"floor":23,"key":"Regen Potion"},{"floor":28,"key":"LiquidBronze"}],"is_trial":false,"path_per_floor":["M","M","$","M","?","E","R","M","T","$","M","E","?","M","R","B",null,"M","?","?","M","$","E","R","T","T","R","M","E","R","M","R","B"],"character_chosen":"IRONCLAD","items_purchased":["Regen Potion","Anger","Heavy Blade","Rage","Rampage","PowerPotion","Toy Ornithopter"],"campfire_rested":1,"item_purchase_floors":[3,3,3,3,10,10,22],"current_hp_per_floor":[58,54,54,51,51,49,49,52,66,66,74,49,49,57,57,52,94,71,47,47,47,47,26,26,26,26,40,47,47,47,47,47,0],"gold":93,"neow_bonus":"TWO_FIFTY_GOLD","is_prod":false,"is_daily":false,"chose_seed":false,"campfire_upgraded":5,"win_rate":0,"timestamp":1551349183,"path_taken":["M","M","$","M","?","E","R","M","T","$","?","E","?","?","R","BOSS","M","?","?","M","$","E","R","?","T","R","M","E","R","M","R","BOSS"],"build_version":"2019-01-23","purchased_purges":1,"victory":false,"max_hp_per_floor":[80,80,80,80,80,80,80,80,94,94,94,94,94,94,94,94,94,94,47,47,47,47,47,47,47,47,47,47,47,47,47,47,47],"card_choices":[{"not_picked":["True Grit","Clothesline"],"picked":"Body Slam","floor":1},{"not_picked":["Reckless Charge","Wild Strike"],"picked":"Anger","floor":2},{"not_picked":["Wild Strike","Intimidate","Second Wind"],"picked":"SKIP","floor":4},{"not_picked":["Flex","Heavy Blade"],"picked":"Fire Breathing","floor":6},{"not_picked":["Havoc","Anger"],"picked":"Body Slam","floor":8},{"not_picked":["Seeing Red","Thunderclap"],"picked":"Flame Barrier","floor":11},{"not_picked":["Searing Blow","Headbutt"],"picked":"Anger","floor":12},{"not_picked":["Havoc","Brutality"],"picked":"Clash","floor":14},{"not_picked":["Offering","Immolate"],"picked":"Limit Break","floor":16},{"not_picked":["Hemokinesis","Cleave","Battle Trance+1"],"picked":"SKIP","floor":18},{"not_picked":["Bloodletting","Body Slam","Havoc"],"picked":"SKIP","floor":21},{"not_picked":["Heavy Blade","Burning Pact+1"],"picked":"Seeing Red","floor":23},{"not_picked":["Shrug It Off","Corruption"],"picked":"Ghostly Armor+1","floor":28},{"not_picked":["Clothesline","Body Slam"],"picked":"Flame Barrier","floor":29},{"not_picked":["Reckless Charge+1","Pummel+1","Twin Strike+1"],"picked":"SKIP","floor":31}],"player_experience":203593,"relics_obtained":[{"floor":6,"key":"Bird Faced Urn"},{"floor":9,"key":"Mango"},{"floor":12,"key":"Shuriken"},{"floor":23,"key":"Centennial Puzzle"},{"floor":25,"key":"Paper Frog"},{"floor":26,"key":"Blue Candle"},{"floor":29,"key":"Ornamental Fan"}],"event_choices":[{"cards_removed":["Rage"],"damage_healed":0,"gold_gain":0,"player_choice":"Gave Card","damage_taken":0,"relics_obtained":["Meat on the Bone"],"max_hp_gain":0,"max_hp_loss":0,"event_name":"WeMeetAgain","floor":5,"gold_loss":0},{"damage_healed":0,"gold_gain":0,"player_choice":"2 cards matched","damage_taken":0,"max_hp_gain":0,"max_hp_loss":0,"event_name":"Match and Keep!","floor":13,"gold_loss":0,"cards_obtained":["Dramatic Entrance","Demon Form"]},{"damage_healed":0,"gold_gain":0,"player_choice":"Became a Ghost","damage_taken":0,"max_hp_gain":0,"max_hp_loss":47,"event_name":"Ghosts","floor":19,"gold_loss":0,"cards_obtained":["Ghostly","Ghostly","Ghostly","Ghostly","Ghostly"]},{"damage_healed":0,"gold_gain":0,"player_choice":"Inject Mutagens","damage_taken":0,"relics_obtained":["MutagenicStrength"],"max_hp_gain":0,"max_hp_loss":0,"event_name":"Drug Dealer","floor":20,"gold_loss":0}],"is_beta":false,"boss_relics":[{"not_picked":["Mark of Pain","Coffee Dripper"],"picked":"Empty Cage"}],"items_purged_floors":[3],"is_endless":false,"potions_floor_spawned":[2,6,11,12,16,21,23,28],"killed_by":"Collector","ascension_level":2}