{"gold_per_floor":[19,19,19,29,43,43,76,76,127,127,146,160,160,160,160,234,234,251,251,282,38,52,52],"floor_reached":23,"playtime":739,"items_purged":[],"score":359,"play_id":"f81074ee-3e8e-4828-a7c6-39b111a49e48","local_time":"20181203095938","is_ascension_mode":true,"campfire_choices":[{"data":"1","floor":6,"key":"LIFT"},{"data":"2","floor":8,"key":"LIFT"},{"data":"3","floor":10,"key":"LIFT"},{"data":"Caltrops","floor":13,"key":"SMITH"},{"data":"Dagger Spray","floor":15,"key":"SMITH"}],"neow_cost":"NO_GOLD","seed_source_timestamp":1629538518387371,"circlet_count":0,"master_deck":["AscendersBane","Defend_G","Defend_G","Defend_G","Defend_G","Defend_G","Strike_G","Strike_G","Strike_G","Strike_G","Strike_G","Survivor","Neutralize+1","Dagger Spray+1","Caltrops+1","All Out Attack","PiercingWail","Predator+1","Infinite Blades","A Thousand Cuts","RitualDagger","Acrobatics+1","Footwork","Backflip"],"relics":["Ring of the Snake","Girya","Oddly Smooth Stone","Potion Belt","Sozu","Red Mask","Vajra"],"potions_floor_usage":[7,16,16],"damage_taken":[{"damage":3,"enemies":"Small Slimes","floor":1,"turns":5},{"damage":6,"enemies":"Cultist","floor":4,"turns":4},{"damage":0,"enemies":"2 Louse","floor":5,"turns":3},{"damage":24,"enemies":"Gremlin Nob","floor":7,"turns":4},{"damage":3,"enemies":"Large Slime","floor":11,"turns":4},{"damage":0,"enemies":"Looter","floor":12,"turns":4},{"damage":2,"enemies":"Hexaghost","floor":16,"turns":9},{"damage":13,"enemies":"3 Byrds","floor":18,"turns":3},{"damage":8,"enemies":"Masked Bandits","floor":20,"turns":2},{"damage":8,"enemies":"Shell Parasite","floor":22,"turns":5},{"damage":28,"enemies":"Book of Stabbing","floor":23,"turns":3}],"seed_played":"355297958836420844","potions_obtained":[{"floor":1,"key":"SkillPotion"},{"floor":5,"key":"Fire Potion"},{"floor":7,"key":"EssenceOfSteel"}],"is_trial":false,"path_per_floor":["M","?","$","M","M","R","E","R","T","R","M","M","R","?","R","B",null,"M","?","?","$","M","E"],"character_chosen":"THE_SILENT","items_purchased":["Vajra","Footwork"],"campfire_rested":0,"item_purchase_floors":[21,21],"current_hp_per_floor":[56,56,56,50,50,50,26,26,26,26,23,23,23,23,23,21,55,42,36,28,28,20,0],"gold":52,"neow_bonus":"ONE_RARE_RELIC","is_prod":false,"is_daily":false,"chose_seed":false,"campfire_upgraded":2,"win_rate":0,"timestamp":1543849178,"path_taken":["M","?","$","M","M","R","E","R","T","R","M","?","R","?","R","BOSS","M","?","?","$","M","E"],"build_version":"2018-11-15","purchased_purges":0,"victory":false,"max_hp_per_floor":[66,66,66,66,66,66,66,66,66,66,66,66,66,66,66,66,66,66,66,66,66,66,66],"card_choices":[{"not_picked":["Dodge and Roll","Prepared"],"picked":"Dagger Spray","floor":1},{"not_picked":["Noxious Fumes","Burst"],"picked":"Caltrops","floor":4},{"not_picked":["Prepared","Riddle With Holes"],"picked":"All Out Attack","floor":5},{"not_picked":["Deadly Poison","Prepared"],"picked":"PiercingWail","floor":7},{"not_picked":["Backflip","Masterful Stab"],"picked":"Predator","floor":11},{"not_picked":["Acrobatics","Slice"],"picked":"Infinite Blades","floor":12},{"not_picked":["Envenom","Tools of the Trade"],"picked":"A Thousand Cuts","floor":16},{"not_picked":["Poisoned Stab","Dagger Throw","Catalyst"],"picked":"SKIP","floor":18},{"not_picked":["Flying Knee+1","Distraction"],"picked":"Acrobatics+1","floor":20},{"not_picked":["Poisoned Stab","Dodge and Roll"],"picked":"Backflip","floor":22}],"player_experience":584673,"relics_obtained":[{"floor":7,"key":"Oddly Smooth Stone"},{"floor":9,"key":"Potion Belt"},{"floor":20,"key":"Red Mask"}],"event_choices":[{"damage_healed":0,"gold_gain":0,"player_choice":"Upgraded","damage_taken":0,"max_hp_gain":0,"max_hp_loss":0,"event_name":"Upgrade Shrine","floor":2,"gold_loss":0,"cards_upgraded":["Neutralize"]},{"damage_healed":0,"gold_gain":0,"player_choice":"Forge","damage_taken":0,"max_hp_gain":0,"max_hp_loss":0,"event_name":"Accursed Blacksmith","floor":14,"gold_loss":0,"cards_upgraded":["Predator"]},{"damage_healed":0,"gold_gain":0,"player_choice":"Joined the Cult","damage_taken":6,"max_hp_gain":0,"max_hp_loss":0,"event_name":"Nest","floor":19,"gold_loss":0,"cards_obtained":["RitualDagger"]},{"damage_healed":0,"gold_gain":0,"player_choice":"Fought Bandits","damage_taken":0,"max_hp_gain":0,"max_hp_loss":0,"event_name":"Masked Bandits","floor":20,"gold_loss":0}],"is_beta":false,"boss_relics":[{"not_picked":["Ring of the Serpent","Astrolabe"],"picked":"Sozu"}],"items_purged_floors":[],"is_endless":false,"potions_floor_spawned":[1,5,7,20],"killed_by":"Book of Stabbing","ascension_level":18}