{"path_per_floor":["M","?","$","?","M","R","M","R","T","M","R","M","M","M","R"],"character_chosen":"DEFECT","items_purchased":["Capacitor"],"gold_per_floor":[119,219,91,266,277,277,294,294,294,310,310,323,336,346,346,346],"floor_reached":16,"campfire_rested":3,"playtime":543,"current_hp_per_floor":[38,38,38,38,31,53,47,69,69,63,63,53,40,14,36,0],"items_purged":["Strike_B"],"gold":346,"score":94,"play_id":"045fe294-8845-4376-a6d6-d1000c0d7506","local_time":"20180428065509","is_prod":false,"is_daily":false,"chose_seed":false,"is_ascension_mode":false,"campfire_upgraded":1,"timestamp":1524920109,"path_taken":["M","?","$","?","M","R","M","R","T","M","R","M","?","M","R","BOSS"],"build_version":"2018-04-27v3","seed_source_timestamp":1439259010585425,"purchased_purges":1,"victory":false,"master_deck":["Strike_B","Strike_B","Strike_B","Defend_B","Defend_B","Defend_B","Defend_B","Zap","Dualcast","Thunder Strike","Impulse+1","Capacitor","Doubt","Ball Lightning","Streamline","Skim","Blaster","Thunder Strike","Defragment"],"max_hp_per_floor":[75,75,75,75,75,75,75,75,75,75,75,75,75,75,75,75],"relics":["Cracked Core","Shuriken"],"card_choices":[{"not_picked":["Biased Cognition","Echo Form"],"picked":"Thunder Strike","floor":0},{"not_picked":["White Noise","Cold Snap"],"picked":"Impulse","floor":1},{"not_picked":["Hologram","Beam Cell"],"picked":"Ball Lightning","floor":5},{"not_picked":["White Noise","Cold Snap"],"picked":"Streamline","floor":7},{"not_picked":["Hello World","Darkness"],"picked":"Skim","floor":10},{"not_picked":["Genetic Algorithm","Go for the Eyes"],"picked":"Blaster","floor":12},{"not_picked":["Coolheaded","Reinforced Body"],"picked":"Thunder Strike","floor":13},{"not_picked":["Axe Kick","Hologram"],"picked":"Defragment","floor":14}],"player_experience":304935,"potions_floor_usage":[13,16,16],"damage_taken":[{"damage":0,"enemies":"Cultist","floor":1,"turns":3},{"damage":7,"enemies":"Small Slimes","floor":5,"turns":4},{"damage":6,"enemies":"Jaw Worm","floor":7,"turns":3},{"damage":6,"enemies":"Red Slaver","floor":10,"turns":3},{"damage":10,"enemies":"3 Louse","floor":12,"turns":3},{"damage":13,"enemies":"Gremlin Gang","floor":13,"turns":4},{"damage":26,"enemies":"2 Fungi Beasts","floor":14,"turns":4},{"damage":36,"enemies":"The Guardian","floor":16,"turns":8}],"event_choices":[{"event_name":"Golden Shrine","player_choice":"Pray","floor":2,"damage_taken":0},{"event_name":"Liars Game","player_choice":"agreed","floor":4,"damage_taken":0}],"boss_relics":[],"potions_floor_spawned":[1,5,12,13],"seed_played":"-8547530249542639564","killed_by":"The Guardian","ascension_level":0,"is_trial":false}