{"gold_per_floor":[118,138,63,63,78,111,111,123,123,123,136,155,155,170,170,248,248,264,282,282],"floor_reached":20,"playtime":1067,"items_purged":[],"score":329,"play_id":"0595d432-2f79-4714-8a81-dc0b756b0eb3","local_time":"20181124202524","is_ascension_mode":true,"campfire_choices":[{"floor":7,"key":"REST"},{"floor":13,"key":"REST"},{"floor":15,"key":"REST"}],"neow_cost":"NONE","seed_source_timestamp":889158104965404,"circlet_count":0,"master_deck":["AscendersBane","Defend_G","Defend_G","Defend_G+1","Defend_G","Defend_G","Strike_G","Strike_G","Survivor","Neutralize+1","PiercingWail+1","Bouncing Flask","PiercingWail","Skewer","Burst","Well Laid Plans","Deadly Poison","Corpse Explosion","Dash","Deadly Poison"],"relics":["Fusion Hammer","Dodecahedron","Bottled Lightning","Empty Cage"],"potions_floor_usage":[8,12,14,18,18],"damage_taken":[{"damage":1,"enemies":"Cultist","floor":1,"turns":5},{"damage":2,"enemies":"Jaw Worm","floor":2,"turns":6},{"damage":0,"enemies":"2 Louse","floor":5,"turns":3},{"damage":26,"enemies":"3 Sentries","floor":6,"turns":12},{"damage":23,"enemies":"Large Slime","floor":8,"turns":8},{"damage":5,"enemies":"Looter","floor":11,"turns":4},{"damage":0,"enemies":"Blue Slaver","floor":12,"turns":3},{"damage":0,"enemies":"Lots of Slimes","floor":14,"turns":5},{"damage":9,"enemies":"Hexaghost","floor":16,"turns":9},{"damage":6,"enemies":"2 Thieves","floor":18,"turns":5},{"damage":16,"enemies":"3 Byrds","floor":19,"turns":4},{"damage":6,"enemies":"Colosseum Slavers","floor":20,"turns":3},{"damage":40,"enemies":"Colosseum Nobs","floor":20,"turns":3}],"seed_played":"7186746375528700646","potions_obtained":[{"floor":5,"key":"SteroidPotion"},{"floor":8,"key":"Energy Potion"},{"floor":11,"key":"Dexterity Potion"},{"floor":14,"key":"Fire Potion"},{"floor":16,"key":"Fruit Juice"}],"is_trial":false,"path_per_floor":["M","M","?","?","M","E","R","M","T","?","M","M","R","M","R","B",null,"M","M","?"],"character_chosen":"THE_SILENT","items_purchased":[],"campfire_rested":3,"item_purchase_floors":[],"current_hp_per_floor":[58,56,56,36,36,10,29,6,6,6,1,1,20,20,39,30,57,56,40,0],"gold":282,"neow_bonus":"BOSS_RELIC","is_prod":false,"is_daily":false,"chose_seed":false,"campfire_upgraded":0,"win_rate":0,"timestamp":1543109124,"path_taken":["M","M","?","?","M","E","R","M","T","?","?","M","R","M","R","BOSS","M","M","?"],"build_version":"2018-11-15","purchased_purges":0,"victory":false,"max_hp_per_floor":[66,66,66,66,66,66,66,66,66,66,66,66,66,66,66,66,66,71,71,71],"card_choices":[{"not_picked":["Acrobatics","Well Laid Plans"],"picked":"PiercingWail","floor":1},{"not_picked":["Caltrops","Setup"],"picked":"Bouncing Flask","floor":2},{"not_picked":["Outmaneuver","Dagger Throw"],"picked":"PiercingWail","floor":5},{"not_picked":["Accuracy","Riddle With Holes"],"picked":"Skewer","floor":6},{"not_picked":["Heel Hook","Blade Dance","Slice"],"picked":"SKIP","floor":8},{"not_picked":["PiercingWail","Poisoned Stab"],"picked":"Burst","floor":11},{"not_picked":["Heel Hook","Slice"],"picked":"Well Laid Plans","floor":12},{"not_picked":["Expertise","Cloak And Dagger"],"picked":"Deadly Poison","floor":14},{"not_picked":["Envenom","Bullet Time"],"picked":"Corpse Explosion","floor":16},{"not_picked":["Poisoned Stab","Well Laid Plans"],"picked":"Dash","floor":18},{"not_picked":["Reflex","Quick Slash"],"picked":"Deadly Poison","floor":19}],"player_experience":495452,"relics_obtained":[{"floor":6,"key":"Dodecahedron"},{"floor":9,"key":"Bottled Lightning"}],"event_choices":[{"cards_removed":["Strike_G"],"damage_healed":0,"gold_gain":0,"player_choice":"Card Removal","damage_taken":0,"max_hp_gain":0,"max_hp_loss":0,"event_name":"The Cleric","floor":3,"gold_loss":75},{"damage_healed":0,"gold_gain":0,"player_choice":"Entered Light","damage_taken":20,"max_hp_gain":0,"max_hp_loss":0,"event_name":"Shining Light","floor":4,"gold_loss":0,"cards_upgraded":["Defend_G","PiercingWail"]},{"damage_healed":0,"gold_gain":0,"player_choice":"Forge","damage_taken":0,"max_hp_gain":0,"max_hp_loss":0,"event_name":"Accursed Blacksmith","floor":10,"gold_loss":0,"cards_upgraded":["Neutralize"]},{"damage_healed":0,"gold_gain":0,"player_choice":"Fight","damage_taken":0,"max_hp_gain":0,"max_hp_loss":0,"event_name":"Colosseum","floor":20,"gold_loss":0},{"damage_healed":0,"gold_gain":0,"player_choice":"Fought Nobs","damage_taken":0,"max_hp_gain":0,"max_hp_loss":0,"event_name":"Colosseum","floor":20,"gold_loss":0}],"is_beta":false,"boss_relics":[{"not_picked":["Runic Pyramid","WristBlade"],"picked":"Empty Cage"}],"items_purged_floors":[],"is_endless":false,"potions_floor_spawned":[5,8,11,14,16,20],"killed_by":"Colosseum Nobs","ascension_level":17}