{"gold_per_floor":[119,119,63,80,95,128,128,160,183,183,201,201,201,213,213,288,288,302,312,331,53,53,53,72,87,110,110,110,139,139,151,151,151],"floor_reached":33,"playtime":1380,"items_purged":[],"score":457,"play_id":"b2002b11-46cc-4269-93f3-158b276142f0","local_time":"20181103180710","is_ascension_mode":true,"campfire_choices":[{"data":"Zap","floor":7,"key":"SMITH"},{"floor":10,"key":"REST"},{"data":"Dualcast","floor":13,"key":"SMITH"},{"floor":15,"key":"REST"},{"data":"Coolheaded","floor":23,"key":"SMITH"},{"floor":27,"key":"REST"},{"data":"Multi-Cast","floor":30,"key":"SMITH"},{"data":"Conserve Battery","floor":32,"key":"SMITH"}],"neow_cost":"NONE","seed_source_timestamp":19188041351713,"circlet_count":0,"master_deck":["AscendersBane","Strike_B+1","Strike_B","Strike_B","Strike_B","Defend_B","Defend_B+1","Defend_B+1","Defend_B+1","Zap+1","Dualcast+1","FTL","Doom and Gloom","Gash","FTL","Conserve Battery+1","Multi-Cast+1","Coolheaded+1","Cold Snap","Self Repair","Cold Snap"],"relics":["FrozenCore","Omamori","Orichalcum","Emotion Chip","Bronze Scales","War Paint","Matryoshka","PreservedInsect","Oddly Smooth Stone","Darkstone Periapt"],"potions_floor_usage":[6,8,16,16,29,31,33],"damage_taken":[{"damage":5,"enemies":"2 Louse","floor":1,"turns":3},{"damage":0,"enemies":"Small Slimes","floor":4,"turns":3},{"damage":0,"enemies":"Cultist","floor":5,"turns":3},{"damage":32,"enemies":"Gremlin Nob","floor":6,"turns":4},{"damage":17,"enemies":"Lagavulin","floor":8,"turns":6},{"damage":8,"enemies":"3 Louse","floor":11,"turns":2},{"damage":0,"enemies":"Looter","floor":14,"turns":2},{"damage":11,"enemies":"Slime Boss","floor":16,"turns":7},{"damage":0,"enemies":"Chosen","floor":18,"turns":5},{"damage":7,"enemies":"Shell Parasite","floor":19,"turns":5},{"damage":14,"enemies":"Snake Plant","floor":20,"turns":4},{"damage":9,"enemies":"Cultist and Chosen","floor":24,"turns":5},{"damage":14,"enemies":"Sentry and Sphere","floor":25,"turns":5},{"damage":6,"enemies":"Book of Stabbing","floor":29,"turns":4},{"damage":13,"enemies":"Centurion and Healer","floor":31,"turns":5},{"damage":79,"enemies":"Automaton","floor":33,"turns":10}],"seed_played":"637847823715266564","potions_obtained":[{"floor":5,"key":"Regen Potion"},{"floor":6,"key":"SkillPotion"},{"floor":8,"key":"Dexterity Potion"},{"floor":14,"key":"Fire Potion"},{"floor":19,"key":"SteroidPotion"},{"floor":20,"key":"EssenceOfSteel"},{"floor":31,"key":"Swift Potion"}],"is_trial":false,"path_per_floor":["M","?","?","M","M","E","R","E","T","R","M","?","R","M","R","B",null,"M","M","M","$","?","R","M","M","T","R","?","E","R","M","R","B"],"character_chosen":"DEFECT","items_purchased":["Matryoshka","Self Repair"],"campfire_rested":3,"item_purchase_floors":[21,21],"current_hp_per_floor":[70,54,54,54,54,34,34,17,17,41,33,30,30,30,54,43,72,72,65,51,51,35,35,33,26,26,52,81,75,75,69,69,0],"gold":151,"neow_bonus":"TEN_PERCENT_HP_BONUS","is_prod":false,"is_daily":false,"chose_seed":false,"campfire_upgraded":5,"win_rate":0,"timestamp":1541282830,"path_taken":["M","?","?","?","M","E","R","E","T","R","M","?","R","M","R","BOSS","M","M","M","$","?","R","M","M","T","R","?","E","R","M","R","BOSS"],"build_version":"2018-11-01","purchased_purges":0,"victory":false,"max_hp_per_floor":[82,82,82,82,82,82,82,82,82,82,82,82,82,82,82,82,82,82,82,82,82,87,87,87,87,87,87,87,87,87,87,87,87],"card_choices":[{"not_picked":["Turbo","Hologram","Force Field"],"picked":"SKIP","floor":1},{"not_picked":["Hologram","BootSequence"],"picked":"FTL","floor":4},{"not_picked":["Double Energy","Leap"],"picked":"Doom and Gloom","floor":5},{"not_picked":["Melter","Barrage"],"picked":"Gash","floor":6},{"not_picked":["Capacitor","Stack"],"picked":"FTL","floor":8},{"not_picked":["Turbo","Melter"],"picked":"Conserve Battery","floor":11},{"not_picked":["Recycle","Capacitor","Sweeping Beam"],"picked":"SKIP","floor":14},{"not_picked":["Creative AI","Buffer"],"picked":"Multi-Cast","floor":16},{"not_picked":["Rebound","Beam Cell+1"],"picked":"Coolheaded","floor":18},{"not_picked":["Ball Lightning","Turbo","Sweeping Beam"],"picked":"SKIP","floor":19},{"not_picked":["Echo Form","Beam Cell"],"picked":"Cold Snap","floor":20},{"not_picked":["Steam","Turbo","Force Field"],"picked":"SKIP","floor":24},{"not_picked":["Force Field","Hologram","Steam Power"],"picked":"SKIP","floor":25},{"not_picked":["Redo","Sweeping Beam"],"picked":"Cold Snap","floor":29},{"not_picked":["Leap","Cold Snap","Undo"],"picked":"SKIP","floor":31}],"player_experience":180022,"relics_obtained":[{"floor":6,"key":"Orichalcum"},{"floor":8,"key":"Emotion Chip"},{"floor":9,"key":"Bronze Scales"},{"floor":26,"key":"PreservedInsect"},{"floor":26,"key":"Oddly Smooth Stone"},{"floor":29,"key":"Darkstone Periapt"}],"event_choices":[{"damage_healed":0,"gold_gain":0,"player_choice":"Entered Light","damage_taken":16,"max_hp_gain":0,"max_hp_loss":0,"event_name":"Shining Light","floor":2,"gold_loss":0,"cards_upgraded":["Defend_B","Strike_B"]},{"damage_healed":0,"gold_gain":0,"player_choice":"Paid Gold","damage_taken":0,"relics_obtained":["Omamori"],"max_hp_gain":0,"max_hp_loss":0,"event_name":"WeMeetAgain","floor":3,"gold_loss":56},{"damage_healed":0,"gold_gain":0,"player_choice":"Success","damage_taken":3,"relics_obtained":["War Paint"],"max_hp_gain":0,"max_hp_loss":0,"event_name":"Scrap Ooze","floor":12,"gold_loss":0},{"damage_healed":0,"gold_gain":0,"player_choice":"Shed Blood","damage_taken":21,"max_hp_gain":5,"max_hp_loss":0,"event_name":"Forgotten Altar","floor":22,"gold_loss":0},{"damage_healed":29,"gold_gain":0,"player_choice":"Heal","damage_taken":0,"max_hp_gain":0,"max_hp_loss":0,"event_name":"The Library","floor":28,"gold_loss":0}],"is_beta":false,"boss_relics":[{"not_picked":["Calling Bell","Fusion Hammer"],"picked":"FrozenCore"}],"items_purged_floors":[],"is_endless":false,"potions_floor_spawned":[5,6,8,14,19,20,31],"killed_by":"Automaton","ascension_level":13}