{"gold_per_floor":[118,133,145,145,145,145,155,155,155,120,120,135,135,167,167,244,244,255,255,268,268,24,52,52,64,91,103],"floor_reached":27,"playtime":1033,"items_purged":["Strike_B"],"score":450,"play_id":"37bc42dd-aa4b-4daa-8b8d-64a28258bd36","local_time":"20190305153421","is_ascension_mode":true,"campfire_choices":[{"data":"Go for the Eyes","floor":6.0,"key":"SMITH"},{"data":"Beam Cell","floor":8.0,"key":"SMITH"},{"data":"Dualcast","floor":11.0,"key":"SMITH"},{"data":"Glacier","floor":13.0,"key":"SMITH"},{"floor":15.0,"key":"DIG"},{"floor":24,"key":"REST"}],"neow_cost":"NONE","seed_source_timestamp":239134273021800,"circlet_count":0,"master_deck":["AscendersBane","Strike_B","Strike_B","Strike_B","Defend_B","Defend_B","Defend_B","Defend_B","Zap+1","Dualcast+1","Machine Learning","Go for the Eyes+1","Beam Cell+1","Cold Snap","Rebound","Glacier+1","Electrodynamics","Ball Lightning","Gash","Leap"],"special_seed":0,"relics":["Cracked Core","Dead Branch","Shovel","Meat on the Bone","Nuclear Battery","Blood Vial","Regal Pillow","Matryoshka","Pen Nib","MawBank"],"potions_floor_usage":[],"damage_taken":[{"damage":1.0,"enemies":"Cultist","floor":1.0,"turns":4.0},{"damage":7.0,"enemies":"Jaw Worm","floor":2.0,"turns":3.0},{"damage":2.0,"enemies":"2 Louse","floor":3.0,"turns":3.0},{"damage":16.0,"enemies":"Large Slime","floor":7.0,"turns":6.0},{"damage":12.0,"enemies":"Red Slaver","floor":12.0,"turns":2.0},{"damage":6.0,"enemies":"Lagavulin","floor":14.0,"turns":5.0},{"damage":5.0,"enemies":"Hexaghost","floor":16.0,"turns":9.0},{"damage":6.0,"enemies":"Shell Parasite","floor":18.0,"turns":6.0},{"damage":5.0,"enemies":"Spheric Guardian","floor":20.0,"turns":4.0},{"damage":43,"enemies":"Book of Stabbing","floor":23,"turns":6},{"damage":21,"enemies":"Chosen and Byrds","floor":25,"turns":5},{"damage":49,"enemies":"Slavers","floor":27,"turns":4}],"seed_played":"-3061573884498854578","potions_obtained":[{"floor":1.0,"key":"LiquidBronze"},{"floor":12.0,"key":"Regen Potion"},{"floor":20.0,"key":"Poison Potion"}],"is_trial":false,"path_per_floor":["M","M","M","?","$","R","M","R","T","?","R","M","R","E","R","B",null,"M","$","M","?","$","E","R","M","T","E"],"character_chosen":"DEFECT","items_purchased":["Regal Pillow"],"campfire_rested":1,"item_purchase_floors":[22],"current_hp_per_floor":[63,56,54,54,54,54,38,38,38,55,55,43,43,51,51,46,65,59,59,54,54,54,25,61,42,42,0],"gold":103,"neow_bonus":"ONE_RANDOM_RARE_CARD","is_prod":false,"is_daily":false,"chose_seed":false,"campfire_upgraded":4,"win_rate":0,"timestamp":1551818061,"path_taken":["M","?","M","?","$","R","?","R","T","?","R","M","R","E","R","BOSS","M","$","M","?","$","E","R","M","T","E"],"build_version":"2019-01-23","purchased_purges":1,"victory":false,"max_hp_per_floor":[71,71,71,71,71,71,71,71,71,71,71,71,71,71,71,71,71,71,71,71,71,71,71,71,71,71,71],"card_choices":[{"not_picked":["Consume","Sunder"],"picked":"Go for the Eyes","floor":1.0},{"not_picked":["Barrage","Streamline"],"picked":"Beam Cell","floor":2.0},{"not_picked":["Static Discharge","Steam Power"],"picked":"Cold Snap","floor":3.0},{"not_picked":["Turbo","Reprogram"],"picked":"Rebound","floor":7.0},{"not_picked":["Self Repair","Compile Driver"],"picked":"Glacier","floor":12.0},{"not_picked":["Rip and Tear","Beam Cell","Sunder"],"picked":"SKIP","floor":14.0},{"not_picked":["Fission","Thunder Strike"],"picked":"Electrodynamics","floor":16.0},{"not_picked":["Coolheaded","Barrage"],"picked":"Ball Lightning","floor":18.0},{"not_picked":["Streamline","BootSequence"],"picked":"Gash","floor":20.0},{"not_picked":["Go for the Eyes","Turbo","Loop"],"picked":"SKIP","floor":23},{"not_picked":["Steam","Redo"],"picked":"Leap","floor":25}],"player_experience":1291837,"relics_obtained":[{"floor":9.0,"key":"Dead Branch"},{"floor":14.0,"key":"Shovel"},{"floor":15.0,"key":"Meat on the Bone"},{"floor":23,"key":"Matryoshka"},{"floor":26,"key":"Pen Nib"},{"floor":26,"key":"MawBank"}],"event_choices":[{"damage_healed":0.0,"max_hp_gain":0.0,"max_hp_loss":0.0,"gold_gain":0.0,"event_name":"Upgrade Shrine","player_choice":"Upgraded","floor":4.0,"gold_loss":0.0,"damage_taken":0.0,"cards_upgraded":["Zap"]},{"damage_healed":17.0,"max_hp_gain":0.0,"max_hp_loss":0.0,"gold_gain":0.0,"event_name":"The Cleric","player_choice":"Healed","floor":10.0,"gold_loss":35.0,"damage_taken":0.0},{"damage_healed":0.0,"max_hp_gain":0.0,"max_hp_loss":0.0,"gold_gain":0.0,"event_name":"WeMeetAgain","player_choice":"Gave Potion","floor":21.0,"gold_loss":0.0,"damage_taken":0.0,"relics_obtained":["Blood Vial"]}],"is_beta":false,"boss_relics":[{"not_picked":["Runic Dome","Snecko Eye"],"picked":"Nuclear Battery"}],"items_purged_floors":[22],"is_endless":false,"potions_floor_spawned":[1,12,20],"killed_by":"Slavers","ascension_level":19}