{"gold_per_floor":[218,218,47,222,240,273,348,348,401,401,426,94,94,114,114,242,242,237,237,32,51,74,74,92,111,111,111,111,111,111],"floor_reached":30,"playtime":4363,"items_purged":["Strike_R","Strike_R","Sword Boomerang"],"score":353,"play_id":"62387821-e036-42a7-85c9-5c6297e804e0","local_time":"20190131002409","is_ascension_mode":false,"campfire_choices":[{"floor":8.0,"key":"REST"},{"floor":10.0,"key":"REST"},{"data":"Searing Blow","floor":13,"key":"SMITH"},{"data":"Bludgeon","floor":15,"key":"SMITH"},{"floor":23,"key":"REST"},{"floor":27,"key":"REST"},{"data":"Feed","floor":29,"key":"SMITH"}],"neow_cost":"NONE","seed_source_timestamp":0,"circlet_count":0,"master_deck":["Defend_R","Defend_R","Defend_R+1","Defend_R+1","Bash","Searing Blow+1","Evolve","Iron Wave","Doubt","Perfected Strike","Bludgeon+1","Armaments","Shrug It Off","Anger","Feed+1","Disarm+1","Metallicize","Shrug It Off+1","Metallicize","Bite","Bite","Bite","Bite","Bite"],"special_seed":0,"relics":["Burning Blood","Golden Idol","Paper Frog","War Paint","Lee\u0027s Waffle","Black Star","Smiling Mask"],"potions_floor_usage":[22,22],"damage_taken":[{"damage":2.0,"enemies":"Small Slimes","floor":1.0,"turns":4.0},{"damage":6.0,"enemies":"2 Louse","floor":5.0,"turns":4.0},{"damage":63.0,"enemies":"Lagavulin","floor":6.0,"turns":9.0},{"damage":1.0,"enemies":"Cultist","floor":11.0,"turns":4.0},{"damage":0,"enemies":"3 Louse","floor":14,"turns":3},{"damage":73,"enemies":"Hexaghost","floor":16,"turns":12},{"damage":20,"enemies":"2 Thieves","floor":18,"turns":4},{"damage":35,"enemies":"Spheric Guardian","floor":21,"turns":6},{"damage":48,"enemies":"Chosen and Byrds","floor":22,"turns":12},{"damage":12,"enemies":"Snecko","floor":24,"turns":3},{"damage":22,"enemies":"Snake Plant","floor":25,"turns":5},{"damage":57,"enemies":"Gremlin Leader","floor":30,"turns":6}],"seed_played":"8032833712573382147","potions_obtained":[{"floor":5.0,"key":"Ancient Potion"},{"floor":6.0,"key":"BloodPotion"},{"floor":14,"key":"AttackPotion"},{"floor":24,"key":"Explosive Potion"}],"is_trial":false,"path_per_floor":["M","?","$","?","M","E","?","R","T","R","M","$","R","M","R","B",null,"M","?","$","M","M","R","M","M","T","R","?","R","E"],"character_chosen":"IRONCLAD","items_purchased":["Evolve","Iron Wave","Shrug It Off","Lee\u0027s Waffle","Metallicize"],"campfire_rested":4,"item_purchase_floors":[3,3,12,12,20],"current_hp_per_floor":[80,74,74,74,74,17,6,28,28,50,55,81,81,81,81,14,81,70,70,70,41,7,32,26,10,10,35,35,35,0],"gold":111,"neow_bonus":"HUNDRED_GOLD","is_prod":false,"is_daily":false,"chose_seed":false,"campfire_upgraded":3,"win_rate":0.0,"timestamp":1548854649,"path_taken":["M","?","$","?","M","E","?","R","T","R","M","$","R","M","R","BOSS","M","?","$","M","M","R","M","?","T","R","?","R","E"],"build_version":"2019-01-23","purchased_purges":3,"victory":false,"max_hp_per_floor":[80,74,74,74,74,74,74,74,74,74,74,81,81,81,81,81,81,84,84,84,84,84,84,84,84,84,84,58,58,58],"card_choices":[{"not_picked":["Sword Boomerang","Wild Strike"],"picked":"Searing Blow","floor":1.0},{"not_picked":["Reckless Charge","Warcry"],"picked":"Perfected Strike","floor":5.0},{"not_picked":["Perfected Strike","Havoc"],"picked":"Bludgeon","floor":6.0},{"not_picked":["Headbutt","Inflame"],"picked":"Armaments","floor":11.0},{"not_picked":["True Grit","Heavy Blade"],"picked":"Anger","floor":14},{"not_picked":["Fiend Fire","Immolate"],"picked":"Feed","floor":16},{"not_picked":["Rupture","Pommel Strike"],"picked":"Disarm+1","floor":18},{"not_picked":["True Grit","Thunderclap"],"picked":"Shrug It Off+1","floor":21},{"not_picked":["Heavy Blade","Power Through","Body Slam+1"],"picked":"SKIP","floor":22},{"not_picked":["True Grit","Disarm","Heavy Blade+1"],"picked":"SKIP","floor":24},{"not_picked":["Immolate","Thunderclap"],"picked":"Metallicize","floor":25}],"player_experience":49810,"relics_obtained":[{"floor":6.0,"key":"Paper Frog"},{"floor":9.0,"key":"War Paint"},{"floor":26,"key":"Smiling Mask"}],"event_choices":[{"damage_healed":0.0,"max_hp_gain":0.0,"max_hp_loss":6.0,"gold_gain":0.0,"event_name":"Golden Idol","player_choice":"Lose Max HP","floor":2.0,"gold_loss":0.0,"damage_taken":0.0,"relics_obtained":["Golden Idol"]},{"damage_healed":0.0,"max_hp_gain":0.0,"max_hp_loss":0.0,"gold_gain":175.0,"event_name":"Liars Game","player_choice":"AGREE","floor":4.0,"gold_loss":0.0,"damage_taken":0.0,"cards_obtained":["Doubt"]},{"damage_healed":0.0,"max_hp_gain":0.0,"max_hp_loss":0.0,"gold_gain":75.0,"event_name":"World of Goop","player_choice":"Gather Gold","floor":7.0,"gold_loss":0.0,"damage_taken":11.0},{"damage_healed":0,"gold_gain":0,"cards_transformed":["Strike_R"],"player_choice":"Transformed","damage_taken":0,"max_hp_gain":0,"max_hp_loss":0,"event_name":"Transmorgrifier","floor":19,"gold_loss":0,"cards_obtained":["Sword Boomerang"]},{"damage_healed":0,"gold_gain":0,"player_choice":"Became a vampire","damage_taken":0,"max_hp_gain":0,"max_hp_loss":26,"event_name":"Vampires","floor":28,"gold_loss":0,"cards_obtained":["Bite","Bite","Bite","Bite","Bite"]}],"is_beta":false,"boss_relics":[{"not_picked":["Eternal Feather","Orrery"],"picked":"Black Star"}],"items_purged_floors":[3,12,20],"is_endless":false,"potions_floor_spawned":[5,6,14,16,18,24],"killed_by":"Gremlin Leader","ascension_level":0}