{"gold_per_floor":[109,259,278,297,311,311,373,373,373,373,404,364,364,329,329,329],"floor_reached":16,"playtime":648,"items_purged":[],"score":216,"play_id":"26309944-228e-44f5-b27d-c89581f889fd","local_time":"20181129193809","is_ascension_mode":true,"campfire_choices":[{"data":"Bash","floor":6,"key":"SMITH"},{"floor":8,"key":"REST"},{"data":"Sever Soul","floor":15,"key":"SMITH"}],"neow_cost":"NONE","seed_source_timestamp":1318742345785030,"circlet_count":0,"master_deck":["AscendersBane","Strike_R","Strike_R","Strike_R","Strike_R","Strike_R","Defend_R+1","Defend_R","Defend_R","Defend_R+1","Bash+1","Dark Embrace","Iron Wave","Doubt","Sever Soul+1","Shrug It Off","Dropkick","Fiend Fire","Feel No Pain"],"relics":["Burning Blood","Tiny Chest","Matryoshka","Champion Belt"],"potions_floor_usage":[7,7],"damage_taken":[{"damage":6,"enemies":"Small Slimes","floor":1,"turns":4},{"damage":43,"enemies":"Jaw Worm","floor":3,"turns":8},{"damage":2,"enemies":"Cultist","floor":4,"turns":4},{"damage":11,"enemies":"Blue Slaver","floor":5,"turns":5},{"damage":30,"enemies":"3 Sentries","floor":7,"turns":12},{"damage":27,"enemies":"Gremlin Nob","floor":11,"turns":4},{"damage":3,"enemies":"Looter","floor":12,"turns":4},{"damage":46,"enemies":"Hexaghost","floor":16,"turns":9}],"seed_played":"4011724027774368457","potions_obtained":[{"floor":4,"key":"Energy Potion"},{"floor":5,"key":"Regen Potion"}],"is_trial":false,"path_per_floor":["M","?","M","M","M","R","E","R","T","?","E","M","?","?","R","B"],"character_chosen":"IRONCLAD","items_purchased":[],"campfire_rested":1,"item_purchase_floors":[],"current_hp_per_floor":[68,68,31,35,30,30,21,43,43,68,47,50,27,45,45,0],"gold":329,"neow_bonus":"ONE_RANDOM_RARE_CARD","is_prod":false,"is_daily":false,"chose_seed":false,"campfire_upgraded":2,"win_rate":0,"timestamp":1543538289,"path_taken":["M","?","M","M","M","R","E","R","T","?","E","M","?","?","R","BOSS"],"build_version":"2018-11-15","purchased_purges":0,"victory":false,"max_hp_per_floor":[75,75,75,75,75,75,75,75,75,75,75,75,75,75,75,75],"card_choices":[{"not_picked":["Headbutt","Anger"],"picked":"Iron Wave","floor":1},{"not_picked":["Wild Strike","Clothesline"],"picked":"Sever Soul","floor":3},{"not_picked":["Havoc","Pommel Strike"],"picked":"Shrug It Off","floor":4},{"not_picked":["Heavy Blade","Fire Breathing"],"picked":"Dropkick","floor":5},{"not_picked":["Thunderclap","Body Slam"],"picked":"Fiend Fire","floor":7},{"not_picked":["Infernal Blade","Heavy Blade"],"picked":"Feel No Pain","floor":11},{"not_picked":["Second Wind","Perfected Strike","Clothesline"],"picked":"SKIP","floor":12}],"player_experience":551236,"relics_obtained":[{"floor":7,"key":"Tiny Chest"},{"floor":9,"key":"Matryoshka"},{"floor":11,"key":"Champion Belt"}],"event_choices":[{"damage_healed":0,"gold_gain":150,"player_choice":"AGREE","damage_taken":0,"max_hp_gain":0,"max_hp_loss":0,"event_name":"Liars Game","floor":2,"gold_loss":0,"cards_obtained":["Doubt"]},{"damage_healed":25,"gold_gain":0,"player_choice":"Banana","damage_taken":0,"max_hp_gain":0,"max_hp_loss":0,"event_name":"Big Fish","floor":10,"gold_loss":0},{"damage_healed":0,"gold_gain":0,"player_choice":"Entered Light","damage_taken":23,"max_hp_gain":0,"max_hp_loss":0,"event_name":"Shining Light","floor":13,"gold_loss":0,"cards_upgraded":["Defend_R","Defend_R"]},{"damage_healed":18,"gold_gain":0,"player_choice":"Healed","damage_taken":0,"max_hp_gain":0,"max_hp_loss":0,"event_name":"The Cleric","floor":14,"gold_loss":35}],"is_beta":false,"boss_relics":[],"items_purged_floors":[],"is_endless":false,"potions_floor_spawned":[4,5],"killed_by":"Hexaghost","ascension_level":20}