{"gold_per_floor":[117,117,192,205,205,240,240,278,278,297,638,656,656,49,49,142,142,156,156,206,220,220,258,279,279,329,365,7,30,30,48,48,137,137,162,92,92,115,140,140,171,79,79,100,100,100,100,120,120,120,120,120,120,22,66,66],"floor_reached":56,"playtime":4086,"items_purged":["Strike_B","Writhe","Barrage","Defend_B","Beam Cell+1"],"score":2016,"play_id":"8d6dcf64-e19d-4f38-a431-18fd282a0f95","local_time":"20190223124700","is_ascension_mode":true,"campfire_choices":[{"floor":7.0,"key":"REST"},{"floor":13.0,"key":"REST"},{"floor":15.0,"key":"REST"},{"data":"Defragment","floor":25.0,"key":"SMITH"},{"floor":30.0,"key":"REST"},{"data":"Defragment","floor":32.0,"key":"SMITH"},{"data":"Buffer","floor":40.0,"key":"SMITH"},{"floor":45.0,"key":"RECALL"},{"data":"Biased Cognition","floor":47.0,"key":"SMITH"},{"data":"Biased Cognition","floor":49.0,"key":"SMITH"},{"data":"Coolheaded","floor":53.0,"key":"SMITH"}],"neow_cost":"NONE","seed_source_timestamp":0,"circlet_count":0,"master_deck":["AscendersBane","Defend_B","Defend_B","Defend_B","Zap","Dualcast","Electrodynamics","FTL","Steam","Biased Cognition+1","BootSequence","Glacier","Defragment+1","Tempest","Conserve Battery","Bandage Up","Biased Cognition+1","Chill+1","Skim+1","Self Repair","Defragment+1","Genetic Algorithm","Go for the Eyes+1","Coolheaded+1","Buffer+1","Echo Form","Capacitor+1","Loop","Coolheaded+1","Multi-Cast","Normality","Parasite","Violence","Dark Shackles","Dark Shackles","Aggregate","Loop","Stack+1"],"special_seed":0,"relics":["Cracked Core","Golden Idol","Ornamental Fan","Centennial Puzzle","DataDisk","Old Coin","Membership Card","Bag of Preparation","Gambling Chip","Astrolabe","Molten Egg 2","Turnip","Smiling Mask","Ancient Tea Set","Ice Cream","Lantern","Cursed Key","Potion Belt","Happy Flower"],"potions_floor_usage":[56,56,56],"damage_taken":[{"damage":0.0,"enemies":"2 Louse","floor":1.0,"turns":3.0},{"damage":7.0,"enemies":"Small Slimes","floor":4.0,"turns":3.0},{"damage":31.0,"enemies":"Gremlin Nob","floor":6.0,"turns":4.0},{"damage":14.0,"enemies":"Lagavulin","floor":8.0,"turns":5.0},{"damage":2.0,"enemies":"Jaw Worm","floor":10.0,"turns":2.0},{"damage":8.0,"enemies":"Gremlin Nob","floor":11.0,"turns":3.0},{"damage":4.0,"enemies":"Exordium Thugs","floor":12.0,"turns":4.0},{"damage":21.0,"enemies":"Slime Boss","floor":16.0,"turns":5.0},{"damage":1.0,"enemies":"2 Thieves","floor":18.0,"turns":3.0},{"damage":6.0,"enemies":"Chosen","floor":21.0,"turns":3.0},{"damage":12.0,"enemies":"Gremlin Leader","floor":23.0,"turns":6.0},{"damage":17.0,"enemies":"Snake Plant","floor":24.0,"turns":4.0},{"damage":46.0,"enemies":"Book of Stabbing","floor":27.0,"turns":6.0},{"damage":0.0,"enemies":"Shelled Parasite and Fungi","floor":29.0,"turns":4.0},{"damage":0.0,"enemies":"Cultist and Chosen","floor":31.0,"turns":4.0},{"damage":0.0,"enemies":"Champ","floor":33.0,"turns":21.0},{"damage":7.0,"enemies":"3 Darklings","floor":35.0,"turns":5.0},{"damage":0.0,"enemies":"Orb Walker","floor":38.0,"turns":4.0},{"damage":0.0,"enemies":"4 Shapes","floor":39.0,"turns":6.0},{"damage":0.0,"enemies":"Nemesis","floor":41.0,"turns":13.0},{"damage":0.0,"enemies":"Writhing Mass","floor":44.0,"turns":7.0},{"damage":0.0,"enemies":"Jaw Worm Horde","floor":48.0,"turns":5.0},{"damage":15.0,"enemies":"Donu and Deca","floor":50.0,"turns":7.0},{"damage":11.0,"enemies":"Time Eater","floor":51.0,"turns":9.0},{"damage":46.0,"enemies":"Shield and Spear","floor":55.0,"turns":6.0},{"damage":26,"enemies":"The Heart","floor":56,"turns":5}],"seed_played":"441479643453230103","potions_obtained":[{"floor":1.0,"key":"Swift Potion"},{"floor":6.0,"key":"SpeedPotion"},{"floor":12.0,"key":"AttackPotion"},{"floor":16.0,"key":"Energy Potion"},{"floor":23.0,"key":"Weak Potion"},{"floor":27.0,"key":"SteroidPotion"},{"floor":29.0,"key":"Poison Potion"},{"floor":35.0,"key":"Ancient Potion"},{"floor":41.0,"key":"FairyPotion"}],"is_trial":false,"path_per_floor":["M","?","?","M","?","E","R","E","T","M","E","M","R","$","R","B",null,"M","?","?","M","?","E","M","R","T","E","$","M","R","M","R","B",null,"M","$","?","M","M","R","E","$","T","M","R","?","R","M","R","B","B",null,"R","$","E","B"],"character_chosen":"DEFECT","items_purchased":["Membership Card","Bag of Preparation","Gambling Chip","Tempest","Conserve Battery","Bandage Up","Ice Cream","Lantern","Coolheaded","Energy Potion","Loop","LiquidBronze","PowerPotion","Loop"],"campfire_rested":4,"item_purchase_floors":[14,14,14,14,14,14,28,28,28,28,36,42,54,54],"current_hp_per_floor":[64,64,53,46,46,15,34,20,20,18,10,6,25,25,44,27,55,54,54,54,59,59,58,52,52,52,10,10,17,36,47,47,58,63,64,64,64,64,64,64,64,64,64,64,64,54,54,64,64,64,53,61,61,61,26,0],"gold":66,"neow_bonus":"ONE_RANDOM_RARE_CARD","is_prod":false,"is_daily":false,"chose_seed":false,"campfire_upgraded":6,"win_rate":0,"timestamp":1550944020,"path_taken":["M","?","?","M","?","E","R","E","T","?","E","M","R","?","R","BOSS","M","?","?","?","?","E","M","R","T","E","?","M","R","M","R","BOSS","M","$","?","?","M","R","E","$","T","M","R","?","R","M","R","BOSS","BOSS","R","$","E","BOSS"],"build_version":"2019-01-23","purchased_purges":5,"victory":false,"max_hp_per_floor":[71,64,64,64,64,64,64,64,64,64,64,64,64,64,64,64,64,64,64,64,64,64,64,64,64,64,64,64,64,64,64,64,64,64,64,64,64,64,64,64,64,64,64,64,64,64,64,64,64,64,64,64,64,64,64,64],"card_choices":[{"not_picked":["Barrage","Reprogram"],"picked":"FTL","floor":1.0},{"not_picked":["Sweeping Beam","Aggregate"],"picked":"Barrage","floor":4.0},{"not_picked":["Gash","Fusion"],"picked":"Steam","floor":6.0},{"not_picked":["Darkness","Steam"],"picked":"Biased Cognition","floor":8.0},{"not_picked":["Beam Cell","Sweeping Beam"],"picked":"BootSequence","floor":10.0},{"not_picked":["Static Discharge","Coolheaded"],"picked":"Glacier","floor":11.0},{"not_picked":["Hologram","Sweeping Beam"],"picked":"Defragment","floor":12.0},{"not_picked":["Machine Learning","Fission"],"picked":"Biased Cognition","floor":16.0},{"not_picked":["Conserve Battery","Compile Driver"],"picked":"Self Repair","floor":18.0},{"not_picked":["Aggregate","Gash"],"picked":"Defragment","floor":21.0},{"not_picked":["Machine Learning","Darkness"],"picked":"Genetic Algorithm","floor":23.0},{"not_picked":["Beam Cell+1","Stack"],"picked":"Go for the Eyes+1","floor":24.0},{"not_picked":["Steam","Skim","Gash+1"],"picked":"SKIP","floor":27.0},{"not_picked":["Barrage+1","Go for the Eyes+1","Heatsinks"],"picked":"SKIP","floor":29.0},{"not_picked":["Compile Driver+1","Steam"],"picked":"Buffer","floor":31.0},{"not_picked":["Hyperbeam+1","Electrodynamics"],"picked":"Echo Form","floor":33.0},{"not_picked":["Aggregate","Melter+1"],"picked":"Capacitor+1","floor":35.0},{"not_picked":["Cold Snap+1","Conserve Battery"],"picked":"Coolheaded+1","floor":38.0},{"not_picked":["Beam Cell+1","Go for the Eyes+1","Genetic Algorithm+1"],"picked":"SKIP","floor":39.0},{"not_picked":["Rebound+1","Stack"],"picked":"Multi-Cast","floor":41.0},{"not_picked":["Gash+1","Turbo","Redo"],"picked":"SKIP","floor":44.0},{"not_picked":["Madness","HandOfGreed+1"],"picked":"Violence","floor":46.0},{"not_picked":["Enlightenment","Blind"],"picked":"Dark Shackles","floor":46.0},{"not_picked":["PanicButton","Good Instincts"],"picked":"Dark Shackles","floor":46.0},{"not_picked":["Redo","Genetic Algorithm"],"picked":"Aggregate","floor":48.0},{"not_picked":["Redo","Ball Lightning+1"],"picked":"Stack+1","floor":55}],"player_experience":697670,"relics_obtained":[{"floor":6.0,"key":"Ornamental Fan"},{"floor":8.0,"key":"Centennial Puzzle"},{"floor":9.0,"key":"DataDisk"},{"floor":11.0,"key":"Old Coin"},{"floor":23.0,"key":"Turnip"},{"floor":26.0,"key":"Smiling Mask"},{"floor":27.0,"key":"Ancient Tea Set"},{"floor":41.0,"key":"Potion Belt"},{"floor":55,"key":"Happy Flower"}],"event_choices":[{"damage_healed":0.0,"max_hp_gain":0.0,"max_hp_loss":7.0,"gold_gain":0.0,"event_name":"Golden Idol","player_choice":"Lose Max HP","floor":2.0,"gold_loss":0.0,"damage_taken":0.0,"relics_obtained":["Golden Idol"]},{"damage_healed":0.0,"max_hp_gain":0.0,"max_hp_loss":0.0,"gold_gain":75.0,"event_name":"World of Goop","player_choice":"Gather Gold","floor":3.0,"gold_loss":0.0,"damage_taken":11.0},{"damage_healed":0.0,"max_hp_gain":0.0,"max_hp_loss":0.0,"gold_gain":0.0,"event_name":"Liars Game","player_choice":"Ignored","floor":5.0,"gold_loss":0.0,"damage_taken":0.0},{"damage_healed":0.0,"max_hp_gain":0.0,"max_hp_loss":0.0,"gold_gain":0.0,"event_name":"Vampires","player_choice":"Ignored","floor":19.0,"gold_loss":0.0,"damage_taken":0.0},{"damage_healed":0.0,"max_hp_gain":0.0,"max_hp_loss":0.0,"gold_gain":100.0,"event_name":"The Joust","player_choice":"Bet on Murderer","floor":20.0,"gold_loss":50.0,"damage_taken":0.0},{"damage_healed":0.0,"max_hp_gain":0.0,"max_hp_loss":0.0,"gold_gain":0.0,"event_name":"The Mausoleum","player_choice":"Opened","floor":22.0,"gold_loss":0.0,"damage_taken":0.0,"relics_obtained":["Molten Egg 2"],"cards_obtained":["Writhe"]},{"damage_healed":0.0,"max_hp_gain":0.0,"max_hp_loss":0.0,"gold_gain":0.0,"event_name":"Lab","player_choice":"Got Potions","floor":37.0,"gold_loss":0.0,"damage_taken":0.0},{"damage_healed":0.0,"max_hp_gain":0.0,"max_hp_loss":0.0,"gold_gain":0.0,"event_name":"SensoryStone","player_choice":"Memory 3","floor":46.0,"gold_loss":0.0,"damage_taken":10.0}],"is_beta":false,"boss_relics":[{"not_picked":["Orrery","Ectoplasm"],"picked":"Astrolabe"},{"not_picked":["Pandora\u0027s Box","Snecko Eye"],"picked":"Cursed Key"}],"items_purged_floors":[14,28,36,42,54],"is_endless":false,"potions_floor_spawned":[1,6,12,16,23,27,29,35,41,48],"killed_by":"The Heart","ascension_level":20}