{"gold_per_floor":[113,113,113,125,300,300,265,293,340,340,1,11,11,24,24,128,128,146,131,56,75,85,85,100,100,100,100],"floor_reached":27,"playtime":1634,"items_purged":["Doubt"],"score":357,"play_id":"8cfc9f26-d89b-4dd3-9037-20f99fa973f5","local_time":"20190305035631","is_ascension_mode":true,"campfire_choices":[{"data":"Flame Barrier","floor":6,"key":"SMITH"},{"data":"Immolate","floor":13,"key":"SMITH"},{"data":"True Grit","floor":15,"key":"SMITH"},{"data":"Uppercut","floor":23,"key":"SMITH"},{"floor":25,"key":"REST"}],"neow_cost":"NONE","seed_source_timestamp":60630884304936,"circlet_count":0,"master_deck":["AscendersBane","Strike_R+1","Strike_R","Strike_R","Strike_R","Strike_R+1","Defend_R","Defend_R","Defend_R","Defend_R","Bash","Flame Barrier+1","Shrug It Off","Pommel Strike","Immolate+1","Shrug It Off","True Grit+1","Flash of Steel","Uppercut+1","Clumsy","Normality","Inflame+1","Inflame","Shrug It Off"],"relics":["Burning Blood","NeowsBlessing","Orichalcum","Pen Nib","Calling Bell","PreservedInsect","Pantograph","Turnip","Matryoshka"],"potions_floor_usage":[16,18,21,22],"damage_taken":[{"damage":0,"enemies":"2 Louse","floor":1,"turns":1},{"damage":0,"enemies":"Small Slimes","floor":4,"turns":1},{"damage":0,"enemies":"Gremlin Nob","floor":8,"turns":1},{"damage":0,"enemies":"Cultist","floor":12,"turns":2},{"damage":8,"enemies":"Red Slaver","floor":14,"turns":3},{"damage":18,"enemies":"The Guardian","floor":16,"turns":12},{"damage":12,"enemies":"Chosen","floor":18,"turns":5},{"damage":22,"enemies":"2 Thieves","floor":19,"turns":4},{"damage":11,"enemies":"3 Cultists","floor":21,"turns":5},{"damage":20,"enemies":"Snake Plant","floor":22,"turns":4},{"damage":32,"enemies":"Shelled Parasite and Fungi","floor":24,"turns":9},{"damage":28,"enemies":"3 Cultists","floor":27,"turns":5}],"seed_played":"-8478532855465045760","potions_obtained":[{"floor":1,"key":"Weak Potion"},{"floor":4,"key":"AttackPotion"},{"floor":14,"key":"Poison Potion"},{"floor":19,"key":"Fire Potion"}],"is_trial":false,"path_per_floor":["M","$","?","M","?","R","?","E","T","?","$","M","R","M","R","B",null,"M","M","$","M","M","R","M","R","T","M"],"character_chosen":"IRONCLAD","items_purchased":["Immolate","Shrug It Off","True Grit","Flash of Steel"],"campfire_rested":1,"item_purchase_floors":[11,11,11,11],"current_hp_per_floor":[78,78,62,68,68,68,80,80,80,80,80,80,80,78,78,66,77,71,55,55,50,36,36,10,34,34,6],"gold":100,"neow_bonus":"THREE_ENEMY_KILL","is_prod":false,"is_daily":false,"chose_seed":false,"campfire_upgraded":4,"win_rate":0,"timestamp":1551779791,"path_taken":["M","$","?","M","?","R","?","E","T","?","$","M","R","M","R","BOSS","M","M","?","M","?","R","M","R","T","M"],"build_version":"2019-01-23","purchased_purges":1,"victory":false,"max_hp_per_floor":[80,80,80,80,80,80,80,80,80,80,80,80,80,80,80,80,80,80,80,80,80,80,80,80,80,80,80],"card_choices":[{"not_picked":["Reckless Charge","Shockwave"],"picked":"Flame Barrier","floor":1},{"not_picked":["Sword Boomerang","Dropkick"],"picked":"Shrug It Off","floor":4},{"not_picked":["Fire Breathing","Iron Wave"],"picked":"Pommel Strike","floor":8},{"not_picked":["Armaments","Twin Strike"],"picked":"Uppercut","floor":12},{"not_picked":["Rage","Heavy Blade","Sword Boomerang"],"picked":"SKIP","floor":14},{"not_picked":["Flex","Wild Strike+1"],"picked":"Inflame+1","floor":18},{"not_picked":["Headbutt+1","Clothesline","Wild Strike"],"picked":"SKIP","floor":19},{"not_picked":["Pummel","Perfected Strike+1"],"picked":"Inflame","floor":21},{"not_picked":["Searing Blow","Dual Wield"],"picked":"Shrug It Off","floor":22},{"not_picked":["Shrug It Off","Reaper","Rampage+1"],"picked":"SKIP","floor":24}],"player_experience":168727,"relics_obtained":[{"floor":8,"key":"Orichalcum"},{"floor":9,"key":"Pen Nib"},{"floor":17,"key":"PreservedInsect"},{"floor":17,"key":"Pantograph"},{"floor":17,"key":"Turnip"},{"floor":26,"key":"Matryoshka"}],"event_choices":[{"damage_healed":0,"gold_gain":0,"player_choice":"Entered Light","damage_taken":16,"max_hp_gain":0,"max_hp_loss":0,"event_name":"Shining Light","floor":3,"gold_loss":0,"cards_upgraded":["Strike_R","Strike_R"]},{"damage_healed":0,"gold_gain":175,"player_choice":"AGREE","damage_taken":0,"max_hp_gain":0,"max_hp_loss":0,"event_name":"Liars Game","floor":5,"gold_loss":0,"cards_obtained":["Doubt"]},{"damage_healed":20,"gold_gain":0,"player_choice":"Healed","damage_taken":0,"max_hp_gain":0,"max_hp_loss":0,"event_name":"The Cleric","floor":7,"gold_loss":35},{"cards_removed":["Doubt"],"damage_healed":0,"gold_gain":0,"player_choice":"Removed Curses","damage_taken":0,"max_hp_gain":0,"max_hp_loss":0,"event_name":"Fountain of Cleansing","floor":10,"gold_loss":0}],"is_beta":false,"boss_relics":[{"not_picked":["White Beast Statue","Runic Dome"],"picked":"Calling Bell"}],"items_purged_floors":[20],"is_endless":false,"potions_floor_spawned":[1,4,14,19],"killed_by":"3 Cultists","ascension_level":10}