{"gold_per_floor":[119,135,135,148,148,118,118,131,131,50,50,14,28,28,28,148,148,161,161,177,8,24,24,67,82,82,82,101,101,101,116,116,116],"floor_reached":33,"playtime":2912,"items_purged":[],"score":282,"play_id":"07b07366-bca9-475a-8adc-d0ad0c4005c5","local_time":"20190302034650","is_ascension_mode":false,"campfire_choices":[{"data":"Armaments","floor":7,"key":"SMITH"},{"data":"Armaments","floor":15,"key":"SMITH"},{"data":"Armaments","floor":23,"key":"SMITH"},{"floor":32,"key":"REST"}],"neow_cost":"NONE","seed_source_timestamp":37371339877436,"circlet_count":0,"master_deck":["Strike_R","Strike_R","Strike_R","Strike_R","Strike_R","Defend_R","Defend_R","Defend_R","Defend_R","Bash","Headbutt","Armaments+1","Armaments+1","Armaments+1","Headbutt","Good Instincts","Uppercut","Spot Weakness+1","Heavy Blade+1","Mayhem","Ghostly Armor","Entrench+1","Writhe","Twin Strike+1"],"relics":["Burning Blood","Juzu Bracelet","Mercury Hourglass","Bloody Idol","Philosopher\u0027s Stone","Meat on the Bone","Gremlin Horn","Pear","Nilry\u0027s Codex"],"potions_floor_usage":[],"damage_taken":[{"damage":1,"enemies":"Small Slimes","floor":1,"turns":4},{"damage":0,"enemies":"2 Louse","floor":2,"turns":2},{"damage":1,"enemies":"Jaw Worm","floor":4,"turns":4},{"damage":0,"enemies":"Looter","floor":6,"turns":4},{"damage":19,"enemies":"Gremlin Gang","floor":8,"turns":6},{"damage":2,"enemies":"Exordium Thugs","floor":13,"turns":4},{"damage":32,"enemies":"The Guardian","floor":16,"turns":13},{"damage":11,"enemies":"Shell Parasite","floor":18,"turns":7},{"damage":0,"enemies":"Chosen","floor":20,"turns":4},{"damage":21,"enemies":"Snake Plant","floor":22,"turns":4},{"damage":11,"enemies":"Gremlin Leader","floor":24,"turns":7},{"damage":39,"enemies":"3 Cultists","floor":25,"turns":7},{"damage":22,"enemies":"Centurion and Healer","floor":28,"turns":4},{"damage":18,"enemies":"Sentry and Sphere","floor":31,"turns":6},{"damage":89,"enemies":"Collector","floor":33,"turns":7}],"seed_played":"-2290073716383814686","potions_obtained":[{"floor":4,"key":"Explosive Potion"},{"floor":13,"key":"Fire Potion"},{"floor":18,"key":"Explosive Potion"},{"floor":24,"key":"FearPotion"},{"floor":28,"key":"Fruit Juice"}],"is_trial":false,"path_per_floor":["M","M","?","M","?","M","R","M","T","$","?","$","M","?","R","B",null,"M","?","M","$","M","R","E","M","T","?","M","?","?","M","R","B"],"character_chosen":"IRONCLAD","items_purchased":["Good Instincts","Uppercut","Mayhem"],"campfire_rested":1,"item_purchase_floors":[10,12,21],"current_hp_per_floor":[80,80,80,80,80,80,80,67,67,67,67,67,71,76,76,50,79,74,89,89,89,74,74,69,48,48,58,54,54,38,43,72,0],"gold":116,"neow_bonus":"RANDOM_COMMON_RELIC","is_prod":false,"is_daily":false,"chose_seed":false,"campfire_upgraded":3,"win_rate":0.0,"timestamp":1551520010,"path_taken":["M","M","?","M","?","M","R","M","T","?","?","?","M","?","R","BOSS","M","?","M","?","M","R","E","M","T","?","M","?","?","M","R","BOSS"],"build_version":"2019-01-23","purchased_purges":0,"victory":false,"max_hp_per_floor":[80,80,80,80,80,80,80,80,80,80,74,74,74,79,79,79,79,79,89,89,89,89,89,89,89,89,99,99,99,99,99,99,99],"card_choices":[{"not_picked":["Spot Weakness","Warcry"],"picked":"Headbutt","floor":1},{"not_picked":["Intimidate","Iron Wave"],"picked":"Armaments","floor":2},{"not_picked":["Body Slam","Pummel"],"picked":"Armaments","floor":4},{"not_picked":["Clothesline","Pummel"],"picked":"Armaments","floor":6},{"not_picked":["True Grit","Impervious"],"picked":"Headbutt","floor":8},{"not_picked":["Entrench","Second Wind","Disarm"],"picked":"SKIP","floor":13},{"not_picked":["Fiend Fire","Limit Break"],"picked":"Juggernaut","floor":16},{"not_picked":["True Grit","Body Slam"],"picked":"Spot Weakness+1","floor":18},{"not_picked":["Iron Wave","Clothesline"],"picked":"Heavy Blade+1","floor":20},{"not_picked":["Battle Trance","Entrench"],"picked":"Ghostly Armor","floor":22},{"not_picked":["Body Slam","Pommel Strike"],"picked":"Entrench+1","floor":24},{"not_picked":["Burning Pact+1","Armaments","Thunderclap+1"],"picked":"SKIP","floor":25},{"not_picked":["Rage","Spot Weakness","Sever Soul"],"picked":"SKIP","floor":28},{"not_picked":["Sword Boomerang","Hemokinesis"],"picked":"Twin Strike+1","floor":31}],"player_experience":30257,"relics_obtained":[{"floor":9,"key":"Mercury Hourglass"},{"floor":24,"key":"Meat on the Bone"},{"floor":26,"key":"Gremlin Horn"},{"floor":30,"key":"Nilry\u0027s Codex"}],"event_choices":[{"damage_healed":0,"gold_gain":0,"player_choice":"Leave","damage_taken":0,"max_hp_gain":0,"max_hp_loss":0,"event_name":"The Cleric","floor":3,"gold_loss":0},{"damage_healed":0,"gold_gain":0,"player_choice":"Ignored","damage_taken":0,"max_hp_gain":0,"max_hp_loss":0,"event_name":"Liars Game","floor":5,"gold_loss":0},{"damage_healed":0,"gold_gain":0,"player_choice":"Lose Max HP","damage_taken":0,"relics_obtained":["Golden Idol"],"max_hp_gain":0,"max_hp_loss":6,"event_name":"Golden Idol","floor":11,"gold_loss":0},{"damage_healed":0,"gold_gain":0,"player_choice":"Donut","damage_taken":0,"max_hp_gain":5,"max_hp_loss":0,"event_name":"Big Fish","floor":14,"gold_loss":0},{"cards_removed":["Juggernaut"],"damage_healed":5,"gold_gain":0,"player_choice":"Offered Rare","damage_taken":0,"max_hp_gain":10,"max_hp_loss":0,"event_name":"Bonfire Elementals","floor":19,"gold_loss":0},{"damage_healed":0,"gold_gain":0,"player_choice":"Opened","damage_taken":0,"relics_obtained":["Pear"],"max_hp_gain":0,"max_hp_loss":0,"event_name":"The Mausoleum","floor":27,"gold_loss":0,"cards_obtained":["Writhe"]},{"damage_healed":0,"gold_gain":0,"player_choice":"Gave Idol","damage_taken":0,"relics_obtained":["Bloody Idol"],"max_hp_gain":0,"max_hp_loss":0,"event_name":"Forgotten Altar","floor":29,"relics_lost":["Golden Idol"],"gold_loss":0},{"damage_healed":0,"gold_gain":0,"player_choice":"Obtained Book","damage_taken":16,"max_hp_gain":0,"max_hp_loss":0,"event_name":"Cursed Tome","floor":30,"gold_loss":0}],"is_beta":false,"boss_relics":[{"not_picked":["Snecko Eye","Coffee Dripper"],"picked":"Philosopher\u0027s Stone"}],"items_purged_floors":[],"is_endless":false,"potions_floor_spawned":[4,13,18,24,28],"killed_by":"Collector","ascension_level":0}