{"gold_per_floor":[119,135,285,335,347,347,372,372,372,372,385,403,129,146,146,225,225,244,215,165,177,193,193,193],"floor_reached":24,"playtime":1242,"items_purged":["Doubt"],"score":400,"play_id":"3af6ece0-01a7-4788-9e4e-a6b1a504fbe2","local_time":"20181129112303","is_ascension_mode":true,"campfire_choices":[{"data":"Armaments","floor":6,"key":"SMITH"},{"floor":10,"key":"REST"},{"floor":15,"key":"REST"},{"floor":23,"key":"REST"}],"neow_cost":"NONE","seed_source_timestamp":1288440644928612,"circlet_count":0,"master_deck":["AscendersBane","Strike_R","Strike_R","Strike_R+1","Strike_R","Strike_R","Defend_R","Defend_R","Defend_R","Defend_R","Bash+1","Armaments+1","Sentinel","Pommel Strike","Evolve+1","Metallicize","Flash of Steel","Sever Soul","Feel No Pain","Blood for Blood","Reaper","Ghostly Armor","Warcry+1"],"relics":["Burning Blood","Whetstone","Incense Burner","Prayer Wheel","Mark of Pain"],"potions_floor_usage":[12,14,14,16,21,22,24],"damage_taken":[{"damage":0,"enemies":"Cultist","floor":1,"turns":3},{"damage":7,"enemies":"Small Slimes","floor":2,"turns":4},{"damage":0,"enemies":"2 Louse","floor":5,"turns":3},{"damage":62,"enemies":"3 Sentries","floor":7,"turns":13},{"damage":25,"enemies":"Red Slaver","floor":11,"turns":6},{"damage":20,"enemies":"Large Slime","floor":12,"turns":8},{"damage":1,"enemies":"Looter","floor":14,"turns":4},{"damage":25,"enemies":"Slime Boss","floor":16,"turns":12},{"damage":26,"enemies":"Spheric Guardian","floor":18,"turns":7},{"damage":16,"enemies":"2 Thieves","floor":19,"turns":4},{"damage":24,"enemies":"Snake Plant","floor":21,"turns":5},{"damage":39,"enemies":"Centurion and Healer","floor":22,"turns":7},{"damage":62,"enemies":"Slavers","floor":24,"turns":4}],"seed_played":"-603327258330438937","potions_obtained":[{"floor":7,"key":"Fire Potion"},{"floor":12,"key":"FearPotion"},{"floor":14,"key":"Energy Potion"},{"floor":19,"key":"GamblersBrew"},{"floor":21,"key":"Regen Potion"},{"floor":22,"key":"EssenceOfSteel"}],"is_trial":false,"path_per_floor":["M","M","?","?","M","R","E","?","T","R","M","M","$","M","R","B",null,"M","M","?","M","M","R","E"],"character_chosen":"IRONCLAD","items_purchased":["Flash of Steel","Sever Soul","SkillPotion"],"campfire_rested":3,"item_purchase_floors":[13,13,13],"current_hp_per_floor":[74,73,73,73,75,75,19,19,19,41,22,8,8,13,35,16,60,42,42,42,28,18,40,0],"gold":193,"neow_bonus":"RANDOM_COMMON_RELIC","is_prod":false,"is_daily":false,"chose_seed":false,"campfire_upgraded":1,"win_rate":0,"timestamp":1543508583,"path_taken":["M","?","?","?","?","R","E","?","T","R","M","M","$","M","R","BOSS","M","M","?","M","?","R","E"],"build_version":"2018-11-15","purchased_purges":1,"victory":false,"max_hp_per_floor":[75,75,75,75,75,75,75,75,75,75,75,75,75,75,75,75,75,75,75,75,75,75,75,75],"card_choices":[{"not_picked":["Twin Strike","Body Slam"],"picked":"Armaments","floor":1},{"not_picked":["Perfected Strike","Heavy Blade"],"picked":"Sentinel","floor":2},{"not_picked":["Limit Break","Wild Strike"],"picked":"Pommel Strike","floor":5},{"not_picked":["Thunderclap","Shockwave"],"picked":"Evolve","floor":7},{"not_picked":["Sentinel","Heavy Blade","Sword Boomerang"],"picked":"SKIP","floor":11},{"not_picked":["Flex","Sentinel","Uppercut"],"picked":"SKIP","floor":11},{"not_picked":["Dark Embrace","Twin Strike"],"picked":"Metallicize","floor":12},{"not_picked":["Headbutt","Body Slam","Perfected Strike"],"picked":"SKIP","floor":12},{"not_picked":["Flex","Entrench"],"picked":"Feel No Pain","floor":14},{"not_picked":["Burning Pact","Dual Wield"],"picked":"Blood for Blood","floor":14},{"not_picked":["Barricade","Dark Embrace"],"picked":"Reaper","floor":16},{"not_picked":["Carnage","Infernal Blade","Headbutt"],"picked":"SKIP","floor":18},{"not_picked":["Perfected Strike","Entrench","Anger"],"picked":"SKIP","floor":18},{"not_picked":["Burning Pact","Bloodletting","Blood for Blood"],"picked":"SKIP","floor":19},{"not_picked":["Bloodletting","Evolve","Iron Wave+1"],"picked":"SKIP","floor":19},{"not_picked":["Power Through","Dropkick"],"picked":"Ghostly Armor","floor":21},{"not_picked":["True Grit","Iron Wave","Anger"],"picked":"SKIP","floor":21},{"not_picked":["Armaments+1","True Grit"],"picked":"Warcry+1","floor":22},{"not_picked":["Fire Breathing","Searing Blow+1","Wild Strike"],"picked":"SKIP","floor":22}],"player_experience":542641,"relics_obtained":[{"floor":7,"key":"Incense Burner"},{"floor":9,"key":"Prayer Wheel"}],"event_choices":[{"damage_healed":0,"gold_gain":150,"player_choice":"AGREE","damage_taken":0,"max_hp_gain":0,"max_hp_loss":0,"event_name":"Liars Game","floor":3,"gold_loss":0,"cards_obtained":["Doubt"]},{"damage_healed":0,"gold_gain":50,"player_choice":"Pray","damage_taken":0,"max_hp_gain":0,"max_hp_loss":0,"event_name":"Golden Shrine","floor":4,"gold_loss":0},{"damage_healed":0,"gold_gain":0,"player_choice":"Grow","damage_taken":0,"max_hp_gain":0,"max_hp_loss":0,"event_name":"Living Wall","floor":8,"gold_loss":0,"cards_upgraded":["Evolve"]},{"damage_healed":0,"gold_gain":0,"player_choice":"Bet on Murderer","damage_taken":0,"max_hp_gain":0,"max_hp_loss":0,"event_name":"The Joust","floor":20,"gold_loss":50}],"is_beta":false,"boss_relics":[{"not_picked":["Fusion Hammer","Velvet Choker"],"picked":"Mark of Pain"}],"items_purged_floors":[13],"is_endless":false,"potions_floor_spawned":[7,12,14,19,21,22],"killed_by":"Slavers","ascension_level":20}