{"gold_per_floor":[365,380,32,32,47,47,122,139,139,69,100,100,129,129],"floor_reached":14,"playtime":558,"items_purged":["Strike_B"],"score":157,"play_id":"8a9f04fb-8886-402c-a9f8-c736d2c8a98a","local_time":"20181103114454","is_ascension_mode":true,"campfire_choices":[{"data":"Zap","floor":6,"key":"SMITH"},{"floor":12,"key":"REST"}],"neow_cost":"PERCENT_DAMAGE","seed_source_timestamp":419617311895298,"circlet_count":0,"master_deck":["AscendersBane","Strike_B","Strike_B","Defend_B","Defend_B","Defend_B","Defend_B","Zap+1","Dualcast","Rebound","Conserve Battery","Genetic Algorithm","Go for the Eyes","Echo Form","Defragment","White Noise","Loop"],"relics":["Cracked Core","Orichalcum","Bottled Tornado","Ginger","Ancient Tea Set"],"potions_floor_usage":[8,13,14],"damage_taken":[{"damage":0,"enemies":"2 Louse","floor":1,"turns":2},{"damage":1,"enemies":"Cultist","floor":2,"turns":4},{"damage":8,"enemies":"Jaw Worm","floor":5,"turns":3},{"damage":8,"enemies":"Exordium Thugs","floor":8,"turns":5},{"damage":18,"enemies":"3 Sentries","floor":11,"turns":8},{"damage":23,"enemies":"Gremlin Nob","floor":13,"turns":5},{"damage":7,"enemies":"3 Louse","floor":14,"turns":1}],"seed_played":"-692812822827242947","potions_obtained":[{"floor":1,"key":"SpeedPotion"},{"floor":8,"key":"EssenceOfSteel"},{"floor":13,"key":"PowerPotion"}],"is_trial":false,"path_per_floor":["M","M","$","?","M","R","?","M","T","$","E","R","E","M"],"character_chosen":"DEFECT","items_purchased":["Genetic Algorithm","Orichalcum","Go for the Eyes","Defragment"],"campfire_rested":1,"item_purchase_floors":[3,3,3,10],"current_hp_per_floor":[50,49,49,49,41,41,34,26,26,26,8,30,7,0],"gold":129,"neow_bonus":"TWO_FIFTY_GOLD","is_prod":false,"is_daily":false,"chose_seed":false,"campfire_upgraded":1,"win_rate":0,"timestamp":1541259894,"path_taken":["M","M","$","?","?","R","?","M","T","?","E","R","E","M"],"build_version":"2018-11-01","purchased_purges":1,"victory":false,"max_hp_per_floor":[75,75,75,75,75,75,75,75,75,75,75,75,75,75],"card_choices":[{"not_picked":["Lockon","Steam"],"picked":"Rebound","floor":1},{"not_picked":["Steam","BootSequence"],"picked":"Conserve Battery","floor":2},{"not_picked":["Compile Driver","Sweeping Beam"],"picked":"Echo Form","floor":5},{"not_picked":["Heatsinks","Auto Shields","Steam"],"picked":"SKIP","floor":8},{"not_picked":["Aggregate","Rebound"],"picked":"White Noise","floor":11},{"not_picked":["Reprogram","Hello World"],"picked":"Loop","floor":13}],"player_experience":171625,"relics_obtained":[{"floor":9,"key":"Bottled Tornado"},{"floor":11,"key":"Ginger"},{"floor":13,"key":"Ancient Tea Set"}],"event_choices":[{"cards_removed":["Strike_B"],"damage_healed":0,"gold_gain":0,"player_choice":"Card Removal","damage_taken":0,"max_hp_gain":0,"max_hp_loss":0,"event_name":"Wheel of Change","floor":4,"gold_loss":0},{"damage_healed":0,"gold_gain":75,"player_choice":"Touch","damage_taken":7,"max_hp_gain":0,"max_hp_loss":0,"event_name":"FaceTrader","floor":7,"gold_loss":0}],"is_beta":false,"boss_relics":[],"items_purged_floors":[3],"is_endless":false,"potions_floor_spawned":[1,8,13],"killed_by":"3 Louse","ascension_level":12}