{"path_per_floor":["M","M","?","?","M","R","E","M","T","$","M","M","?","M","R","B",null,"M","?","$","?","M","R","?"],"character_chosen":"THE_SILENT","items_purchased":["Deadly Poison","Ninja Scroll","Accuracy","Bag of Preparation"],"gold_per_floor":[119,130,130,130,140,140,171,182,482,81,98,113,113,133,133,234,234,250,250,5,5,23,23,23,23],"floor_reached":25,"campfire_rested":3,"playtime":804,"current_hp_per_floor":[70,68,61,43,43,64,40,24,24,24,17,17,3,3,24,22,70,22,22,22,22,13,34,27,0],"items_purged":["Defend_G","Strike_G"],"gold":23,"score":223,"play_id":"f54a9dca-5a5c-4cf5-b47b-f36b49259b57","local_time":"20180330172402","is_prod":false,"is_daily":false,"is_ascension_mode":true,"campfire_upgraded":0,"timestamp":1522452242,"path_taken":["M","M","?","?","M","R","E","?","T","$","M","M","?","M","R","BOSS","M","?","$","?","?","R","?","E"],"build_version":"2018-03-29v2","purchased_purges":2,"victory":false,"master_deck":["Defend_G","Defend_G","Defend_G+1","Strike_G","Strike_G","Strike_G","Strike_G","Survivor","Neutralize","Cloak And Dagger","Deadly Poison","Noxious Fumes+1","Bouncing Flask","Cloak And Dagger","Deadly Poison+1","Accuracy","Backflip","Backflip","Corpse Explosion","Night Terror","Poisoned Stab","Infinite Blades","Infinite Blades","Flying Knee","Leg Sweep","Bouncing Flask","Noxious Fumes"],"max_hp_per_floor":[70,70,70,70,70,70,70,70,70,70,70,70,70,70,70,70,70,70,70,70,70,70,70,70,70],"relics":["Ring of the Snake","Calipers","Mercury Hourglass","Old Coin","Ninja Scroll","Orrery","Bag of Preparation"],"card_choices":[{"not_picked":["Bane","All Out Attack"],"picked":"Cloak And Dagger","floor":1},{"not_picked":["Dash","Flechettes"],"picked":"Deadly Poison","floor":2},{"not_picked":["Caltrops","Leg Sweep"],"picked":"Noxious Fumes","floor":5},{"not_picked":["Deadly Poison","Deflect"],"picked":"Bouncing Flask","floor":7},{"not_picked":["Dagger Throw","Dash"],"picked":"Cloak And Dagger","floor":8},{"not_picked":["Calculated Gamble","Deflect"],"picked":"Backflip","floor":11},{"not_picked":["Quick Slash","Sucker Punch"],"picked":"Backflip","floor":12},{"not_picked":["Slice","Deflect"],"picked":"Corpse Explosion","floor":14},{"not_picked":["Glass Knife","Phantasmal Killer"],"picked":"Night Terror","floor":16},{"not_picked":["Finisher","Distraction"],"picked":"Poisoned Stab","floor":17},{"not_picked":["Bane","Backflip"],"picked":"Infinite Blades","floor":17},{"not_picked":["Sucker Punch","Riddle With Holes"],"picked":"Infinite Blades","floor":17},{"not_picked":["Outmaneuver","All Out Attack"],"picked":"Flying Knee","floor":17},{"not_picked":["Blur","Bane"],"picked":"Leg Sweep","floor":17},{"not_picked":["Slice","Blade Dance"],"picked":"Bouncing Flask","floor":18},{"not_picked":["Poisoned Stab","Dodge and Roll"],"picked":"Noxious Fumes","floor":22}],"player_experience":229719,"potions_floor_usage":[14,14,14,25],"damage_taken":[{"damage":0,"enemies":"Cultist","floor":1,"turns":4},{"damage":2,"enemies":"Small Slimes","floor":2,"turns":4},{"damage":0,"enemies":"2 Louse","floor":5,"turns":3},{"damage":24,"enemies":"3 Sentries","floor":7,"turns":8},{"damage":16,"enemies":"Lots of Slimes","floor":8,"turns":3},{"damage":7,"enemies":"Large Slime","floor":11,"turns":4},{"damage":0,"enemies":"Exordium Wildlife","floor":12,"turns":3},{"damage":0,"enemies":"Red Slaver","floor":14,"turns":2},{"damage":2,"enemies":"Slime Boss","floor":16,"turns":7},{"damage":48,"enemies":"2 Thieves","floor":18,"turns":4},{"damage":9,"enemies":"Chosen","floor":22,"turns":4},{"damage":35,"enemies":"Book of Stabbing","floor":25,"turns":6}],"event_choices":[{"event_name":"Golden Wing","player_choice":"Card Removal","floor":3,"damage_taken":0},{"event_name":"Scrap Ooze","player_choice":"success","floor":4,"damage_taken":18},{"event_name":"Shining Light","player_choice":"Entered Light","floor":13,"damage_taken":0},{"event_name":"Upgrade Shrine","player_choice":"Upgraded","floor":19,"damage_taken":0},{"event_name":"Drug Dealer","player_choice":"Ignored","floor":21,"damage_taken":0},{"event_name":"Wheel of Change","player_choice":"Damage","floor":24,"damage_taken":0}],"boss_relics":[{"not_picked":["Runic Pyramid","Runic Dome"],"picked":"Orrery"}],"potions_floor_spawned":[5,7,11,12,22],"seed_played":"4651744458665932587","killed_by":"Book of Stabbing","ascension_level":2,"is_trial":false}