{"gold_per_floor":[117,137,151,101,176,204,204,230,230,246,260,275,288,299,299,399,399,417,30,30,40,52,52,52],"floor_reached":24,"playtime":2211,"items_purged":["Strike_R"],"score":214,"play_id":"20bb45fd-690a-4ff8-9ec7-8e53ef128d0c","local_time":"20190129205759","is_ascension_mode":false,"campfire_choices":[{"floor":15,"key":"REST"},{"floor":23,"key":"REST"}],"neow_cost":"NONE","seed_source_timestamp":472111924403100,"circlet_count":0,"master_deck":["Strike_R","Strike_R","Strike_R","Defend_R","Defend_R","Defend_R","Bash","Flex","Cleave","Pommel Strike","Intimidate","Impervious","Shrug It Off","Clothesline","Feel No Pain","Thunderclap","Headbutt","Double Tap","Iron Wave","Master of Strategy","Infernal Blade","Infernal Blade","Juggernaut"],"relics":["Burning Blood","Dodecahedron","Ice Cream","Girya","Runic Pyramid","Happy Flower"],"potions_floor_usage":[10,22],"damage_taken":[{"damage":12,"enemies":"2 Louse","floor":1,"turns":4},{"damage":5,"enemies":"Small Slimes","floor":2,"turns":3},{"damage":6,"enemies":"Jaw Worm","floor":3,"turns":3},{"damage":18,"enemies":"Gremlin Nob","floor":6,"turns":4},{"damage":31,"enemies":"Lagavulin","floor":8,"turns":5},{"damage":13,"enemies":"Exordium Wildlife","floor":10,"turns":4},{"damage":3,"enemies":"Exordium Thugs","floor":11,"turns":6},{"damage":0,"enemies":"Gremlin Gang","floor":12,"turns":3},{"damage":0,"enemies":"Exordium Wildlife","floor":13,"turns":4},{"damage":0,"enemies":"3 Louse","floor":14,"turns":3},{"damage":67,"enemies":"Slime Boss","floor":16,"turns":10},{"damage":5,"enemies":"3 Byrds","floor":18,"turns":7},{"damage":21,"enemies":"2 Thieves","floor":20,"turns":5},{"damage":16,"enemies":"Snake Plant","floor":21,"turns":6},{"damage":53,"enemies":"Sentry and Sphere","floor":22,"turns":10},{"damage":38,"enemies":"3 Cultists","floor":24,"turns":4}],"seed_played":"-4682705673868672951","potions_obtained":[{"floor":8,"key":"AttackPotion"},{"floor":11,"key":"GamblersBrew"},{"floor":13,"key":"SpeedPotion"},{"floor":14,"key":"Ancient Potion"},{"floor":22,"key":"Swift Potion"}],"is_trial":false,"path_per_floor":["M","M","M","?","?","E","?","E","T","M","M","M","M","M","R","B",null,"M","$","M","M","M","R","M"],"character_chosen":"IRONCLAD","items_purchased":["Master of Strategy","Happy Flower"],"campfire_rested":2,"item_purchase_floors":[19,19],"current_hp_per_floor":[74,75,75,75,64,52,57,32,32,25,28,34,40,46,71,10,85,85,85,70,60,13,38,0],"gold":52,"neow_bonus":"REMOVE_CARD","is_prod":false,"is_daily":false,"chose_seed":false,"campfire_upgraded":0,"win_rate":0.0,"timestamp":1548755879,"path_taken":["M","M","M","?","?","E","?","E","T","M","M","M","M","M","R","BOSS","M","$","M","M","M","R","M"],"build_version":"2019-01-23","purchased_purges":1,"victory":false,"max_hp_per_floor":[80,80,80,80,80,80,85,85,85,85,85,85,85,85,85,85,85,85,85,85,85,85,85,85],"card_choices":[{"not_picked":["Armaments","Headbutt"],"picked":"Flex","floor":1},{"not_picked":["Evolve","Armaments"],"picked":"Cleave","floor":2},{"not_picked":["Heavy Blade","Sword Boomerang"],"picked":"Pommel Strike","floor":3},{"not_picked":["Pommel Strike","Clash"],"picked":"Intimidate","floor":6},{"not_picked":["Heavy Blade","Twin Strike"],"picked":"Impervious","floor":8},{"not_picked":["Rampage","Havoc"],"picked":"Shrug It Off","floor":10},{"not_picked":["Bloodletting","Wild Strike"],"picked":"Clothesline","floor":11},{"not_picked":["Twin Strike","Flame Barrier"],"picked":"Feel No Pain","floor":12},{"not_picked":["Feel No Pain","Disarm"],"picked":"Thunderclap","floor":13},{"not_picked":["Iron Wave","Twin Strike"],"picked":"Headbutt","floor":14},{"not_picked":["Exhume","Immolate"],"picked":"Double Tap","floor":16},{"not_picked":["Warcry","Sword Boomerang"],"picked":"Iron Wave","floor":18},{"not_picked":["Body Slam","Iron Wave"],"picked":"Infernal Blade","floor":20},{"not_picked":["Pommel Strike","Body Slam"],"picked":"Infernal Blade","floor":21},{"not_picked":["Twin Strike","Sword Boomerang+1"],"picked":"Juggernaut","floor":22}],"player_experience":46449,"relics_obtained":[{"floor":6,"key":"Dodecahedron"},{"floor":8,"key":"Ice Cream"},{"floor":9,"key":"Girya"}],"event_choices":[{"cards_removed":["Defend_R"],"damage_healed":0,"gold_gain":0,"player_choice":"Card Removal","damage_taken":0,"max_hp_gain":0,"max_hp_loss":0,"event_name":"The Cleric","floor":4,"gold_loss":50},{"damage_healed":0,"gold_gain":75,"player_choice":"Gather Gold","damage_taken":11,"max_hp_gain":0,"max_hp_loss":0,"event_name":"World of Goop","floor":5,"gold_loss":0},{"damage_healed":0,"gold_gain":0,"player_choice":"Donut","damage_taken":0,"max_hp_gain":5,"max_hp_loss":0,"event_name":"Big Fish","floor":7,"gold_loss":0}],"is_beta":false,"boss_relics":[{"not_picked":["Black Blood","Philosopher\u0027s Stone"],"picked":"Runic Pyramid"}],"items_purged_floors":[19],"is_endless":false,"potions_floor_spawned":[8,11,13,14,18,21,22],"killed_by":"3 Cultists","ascension_level":0}