{"gold_per_floor":[13,13,88,99,111,111,13,13,13,13,30,57,69,101,101,172,172,190,204,29,43,43,43,73,73,73,88,121,121,121,151,151,229,229,247,265,265,283,283,283,313,313,337,337,33,97,114,132,132,132,132,132,37,64,64],"floor_reached":55,"playtime":3025,"items_purged":[],"score":1481,"play_id":"bf24dfdf-774e-4d89-8cdb-7738c60517e3","local_time":"20181123165055","is_ascension_mode":true,"campfire_choices":[{"data":"Neutralize","floor":6,"key":"SMITH"},{"data":"Dagger Spray","floor":8,"key":"SMITH"},{"floor":15,"key":"REST"},{"data":"Footwork","floor":23,"key":"SMITH"},{"floor":25,"key":"REST"},{"data":"Noxious Fumes","floor":29,"key":"SMITH"},{"floor":32,"key":"REST"},{"data":"Cloak And Dagger","floor":40,"key":"SMITH"},{"data":"Prepared","floor":44,"key":"SMITH"},{"floor":49,"key":"RECALL"},{"data":"Escape Plan","floor":52,"key":"SMITH"}],"neow_cost":"NO_GOLD","seed_source_timestamp":787534413252751,"circlet_count":0,"master_deck":["AscendersBane","Defend_G","Defend_G","Defend_G","Defend_G","Defend_G","Strike_G","Survivor","Neutralize+1","Cloak And Dagger+1","Dagger Spray+1","Unload","Footwork+1","Prepared+1","Noxious Fumes+1","Calculated Gamble","Poisoned Stab","Escape Plan+1","Corpse Explosion","Predator+1","Cloak And Dagger+1","Distraction+1","Footwork+1","Dodge and Roll","Footwork+1","Bandage Up","Crippling Poison+1","Backflip+1","Envenom+1","Dark Shackles","Master of Strategy","Dark Shackles","Deflect","Caltrops+1","Accuracy+1","Dodge and Roll"],"relics":["Ring of the Snake","The Specimen","Bottled Tornado","PreservedInsect","Frozen Egg 2","Astrolabe","Matryoshka","Mummified Hand","Bottled Lightning","Singing Bowl","Centennial Puzzle","Sozu","Gremlin Horn","SsserpentHead","Paper Crane","Lee\u0027s Waffle","Pantograph"],"potions_floor_usage":[4,12,14,14,24,28,54],"damage_taken":[{"damage":2,"enemies":"2 Louse","floor":1,"turns":3},{"damage":2,"enemies":"Jaw Worm","floor":4,"turns":6},{"damage":0,"enemies":"Small Slimes","floor":5,"turns":3},{"damage":0,"enemies":"3 Louse","floor":11,"turns":4},{"damage":23,"enemies":"Lagavulin","floor":12,"turns":8},{"damage":0,"enemies":"Blue Slaver","floor":13,"turns":5},{"damage":2,"enemies":"3 Sentries","floor":14,"turns":6},{"damage":10,"enemies":"The Guardian","floor":16,"turns":12},{"damage":9,"enemies":"Shell Parasite","floor":18,"turns":6},{"damage":0,"enemies":"3 Byrds","floor":19,"turns":4},{"damage":11,"enemies":"Centurion and Healer","floor":21,"turns":11},{"damage":30,"enemies":"Book of Stabbing","floor":24,"turns":7},{"damage":5,"enemies":"Sentry and Sphere","floor":27,"turns":6},{"damage":0,"enemies":"Gremlin Leader","floor":28,"turns":5},{"damage":26,"enemies":"Slavers","floor":31,"turns":3},{"damage":1,"enemies":"Automaton","floor":33,"turns":10},{"damage":0,"enemies":"3 Darklings","floor":35,"turns":4},{"damage":5,"enemies":"3 Shapes","floor":36,"turns":4},{"damage":6,"enemies":"Maw","floor":38,"turns":8},{"damage":14,"enemies":"Nemesis","floor":41,"turns":7},{"damage":3,"enemies":"Jaw Worm Horde","floor":46,"turns":5},{"damage":2,"enemies":"Writhing Mass","floor":47,"turns":7},{"damage":0,"enemies":"Maw","floor":48,"turns":8},{"damage":10,"enemies":"Awakened One","floor":50,"turns":15},{"damage":59,"enemies":"Shield and Spear","floor":54,"turns":8},{"damage":68,"enemies":"The Heart","floor":55,"turns":6}],"seed_played":"3287035102377837749","potions_obtained":[{"floor":4,"key":"Fruit Juice"},{"floor":5,"key":"SteroidPotion"},{"floor":12,"key":"Dexterity Potion"},{"floor":13,"key":"SkillPotion"},{"floor":21,"key":"Poison Potion"},{"floor":27,"key":"GhostInAJar"},{"floor":31,"key":"GamblersBrew"}],"is_trial":false,"path_per_floor":["M","?","?","M","M","R","$","R","T","?","M","E","M","E","R","B",null,"M","M","$","M","?","R","E","R","T","M","E","R","?","E","R","B",null,"M","M","?","M","?","R","E","?","T","R","$","M","M","M","R","B",null,"R","$","E","B"],"character_chosen":"THE_SILENT","items_purchased":["Footwork","Prepared","Footwork+1","Bandage Up","Caltrops+1","Lee\u0027s Waffle","Accuracy+1","Dodge and Roll"],"campfire_rested":3,"item_purchase_floors":[7,7,20,20,45,45,53,53],"current_hp_per_floor":[57,50,39,42,42,42,42,42,42,42,42,19,19,17,38,28,60,51,51,51,44,58,58,32,53,53,52,56,56,56,36,57,60,70,75,72,68,68,58,58,48,48,48,48,86,85,89,92,92,86,91,91,91,38,0],"gold":64,"neow_bonus":"ONE_RARE_RELIC","is_prod":false,"is_daily":false,"chose_seed":false,"campfire_upgraded":7,"win_rate":0,"timestamp":1543009855,"path_taken":["M","?","?","M","M","R","$","R","T","?","M","E","M","E","R","BOSS","M","M","$","M","?","R","E","R","T","M","E","R","?","E","R","BOSS","M","M","?","?","?","R","E","?","T","R","$","?","M","M","R","BOSS","R","$","E","BOSS"],"build_version":"2018-11-15","purchased_purges":0,"victory":false,"max_hp_per_floor":[66,66,66,71,71,71,71,71,71,71,71,71,71,71,71,71,71,71,71,71,71,71,71,71,71,71,71,71,71,71,73,73,73,73,75,77,77,79,79,79,79,79,79,79,86,88,90,92,92,92,92,92,92,94,94],"card_choices":[{"not_picked":["Outmaneuver","Dodge and Roll"],"picked":"Cloak And Dagger","floor":1},{"not_picked":["Dagger Throw","Backflip"],"picked":"Dagger Spray","floor":4},{"not_picked":["Blade Dance","Concentrate"],"picked":"Unload","floor":5},{"not_picked":["Sucker Punch","Masterful Stab"],"picked":"Noxious Fumes","floor":11},{"not_picked":["Prepared","Slice"],"picked":"Calculated Gamble","floor":12},{"not_picked":["Blade Dance","Outmaneuver"],"picked":"Poisoned Stab","floor":13},{"not_picked":["Outmaneuver","Backflip"],"picked":"Escape Plan","floor":14},{"not_picked":["Venomology","Phantasmal Killer"],"picked":"Corpse Explosion","floor":16},{"not_picked":["Acrobatics","Deadly Poison"],"picked":"Footwork+1","floor":18},{"not_picked":["Bane","Bouncing Flask"],"picked":"Dodge and Roll","floor":19},{"not_picked":["Bane","Flying Knee","Distraction"],"picked":"SKIP","floor":21},{"not_picked":["Terror","Sucker Punch+1"],"picked":"Crippling Poison+1","floor":24},{"not_picked":["Quick Slash","Bane","Bouncing Flask"],"picked":"SKIP","floor":27},{"not_picked":["Tools of the Trade+1","Outmaneuver"],"picked":"Backflip+1","floor":28},{"not_picked":["Distraction","Tools of the Trade+1","Prepared"],"picked":"Singing Bowl","floor":31},{"not_picked":["Malaise","Wraith Form v2+1"],"picked":"Envenom+1","floor":33},{"not_picked":["Quick Slash+1","Slice","Dagger Throw"],"picked":"Singing Bowl","floor":35},{"not_picked":["Cloak And Dagger+1","Sucker Punch","Bane+1"],"picked":"Singing Bowl","floor":36},{"not_picked":["Flying Knee","Heel Hook+1","Bane"],"picked":"Singing Bowl","floor":38},{"not_picked":["Trip","Dramatic Entrance"],"picked":"Dark Shackles","floor":39},{"not_picked":["Secret Technique","Magnetism+1"],"picked":"Master of Strategy","floor":39},{"not_picked":["Trip","Mind Blast"],"picked":"Dark Shackles","floor":39},{"not_picked":["Acrobatics","Prepared"],"picked":"Deflect","floor":41},{"not_picked":["Terror","Backflip","Cloak And Dagger"],"picked":"Singing Bowl","floor":46},{"not_picked":["Flying Knee","Calculated Gamble","Cloak And Dagger"],"picked":"Singing Bowl","floor":47},{"not_picked":["Bane","Acrobatics","Deadly Poison+1"],"picked":"Singing Bowl","floor":48},{"not_picked":["Acrobatics","Flying Knee","Dagger Throw+1"],"picked":"Singing Bowl","floor":54}],"player_experience":477758,"relics_obtained":[{"floor":9,"key":"Bottled Tornado"},{"floor":12,"key":"PreservedInsect"},{"floor":14,"key":"Frozen Egg 2"},{"floor":24,"key":"Matryoshka"},{"floor":26,"key":"Mummified Hand"},{"floor":26,"key":"Bottled Lightning"},{"floor":28,"key":"Singing Bowl"},{"floor":31,"key":"Centennial Puzzle"},{"floor":41,"key":"Gremlin Horn"},{"floor":43,"key":"Paper Crane"},{"floor":54,"key":"Pantograph"}],"event_choices":[{"cards_removed":["Strike_G"],"damage_healed":0,"gold_gain":0,"player_choice":"Card Removal","damage_taken":7,"max_hp_gain":0,"max_hp_loss":0,"event_name":"Golden Wing","floor":2,"gold_loss":0},{"damage_healed":0,"gold_gain":75,"player_choice":"Gather Gold","damage_taken":11,"max_hp_gain":0,"max_hp_loss":0,"event_name":"World of Goop","floor":3,"gold_loss":0},{"damage_healed":0,"gold_gain":0,"player_choice":"Ignored","damage_taken":0,"max_hp_gain":0,"max_hp_loss":0,"event_name":"Shining Light","floor":10,"gold_loss":0},{"damage_healed":14,"gold_gain":0,"player_choice":"Heal","damage_taken":0,"max_hp_gain":0,"max_hp_loss":0,"event_name":"The Library","floor":22,"gold_loss":0},{"damage_healed":0,"gold_gain":0,"player_choice":"Ignored","damage_taken":0,"max_hp_gain":0,"max_hp_loss":0,"event_name":"Vampires","floor":30,"gold_loss":0},{"damage_healed":0,"gold_gain":0,"player_choice":"Bought 0 Potions","damage_taken":0,"max_hp_gain":0,"max_hp_loss":0,"event_name":"The Woman in Blue","floor":37,"gold_loss":0},{"damage_healed":0,"gold_gain":0,"player_choice":"Memory 3","damage_taken":10,"max_hp_gain":0,"max_hp_loss":0,"event_name":"SensoryStone","floor":39,"gold_loss":0},{"damage_healed":0,"gold_gain":0,"player_choice":"Trade","damage_taken":0,"relics_obtained":["SsserpentHead"],"max_hp_gain":0,"max_hp_loss":0,"event_name":"FaceTrader","floor":42,"gold_loss":0}],"is_beta":false,"boss_relics":[{"not_picked":["HoveringKite","Runic Pyramid"],"picked":"Astrolabe"},{"not_picked":["Ring of the Serpent","Eternal Feather"],"picked":"Sozu"}],"items_purged_floors":[],"is_endless":false,"potions_floor_spawned":[4,5,12,13,21,27,31,36,47],"killed_by":"The Heart","ascension_level":16}