{"gold_per_floor":[365,56,67,81,100,100,127,138,161,161,161,189,199,214,214,316,316,328,348,348,348,368,368,399,399,399,424,424,438,438,455,455,455],"floor_reached":33,"playtime":2605,"items_purged":["Normality"],"score":454,"play_id":"26a169d2-899a-4817-abd4-ed984b2b089c","local_time":"20181101115917","is_ascension_mode":true,"campfire_choices":[{"data":"Zap","floor":6,"key":"SMITH"},{"data":"Chill","floor":10,"key":"SMITH"},{"data":"Go for the Eyes","floor":15,"key":"SMITH"},{"data":"Electrodynamics","floor":23,"key":"SMITH"},{"data":"Genetic Algorithm","floor":25,"key":"SMITH"},{"floor":32,"key":"REST"}],"neow_cost":"CURSE","seed_source_timestamp":245628208954024,"circlet_count":0,"master_deck":["Defend_B","Defend_B+1","Defend_B","Defend_B","Zap+1","Dualcast","Chill+1","Self Repair","Auto Shields+1","Ball Lightning","Core Surge","Self Repair","Go for the Eyes+1","Electrodynamics+1","Coolheaded","Skim+1","Genetic Algorithm+1","Hologram+1","Compile Driver","Coolheaded+1","Sunder","Doom and Gloom","Conserve Battery+1"],"relics":["FrozenCore","Vajra","Strawberry","War Paint","Oddly Smooth Stone","Juzu Bracelet","Ancient Tea Set","Bronze Scales"],"potions_floor_usage":[7,16,22,22,24,33,33],"damage_taken":[{"damage":1,"enemies":"Small Slimes","floor":1,"turns":4},{"damage":9,"enemies":"Jaw Worm","floor":3,"turns":4},{"damage":0,"enemies":"Cultist","floor":4,"turns":3},{"damage":11,"enemies":"2 Fungi Beasts","floor":5,"turns":4},{"damage":28,"enemies":"Gremlin Nob","floor":7,"turns":4},{"damage":0,"enemies":"Lots of Slimes","floor":8,"turns":5},{"damage":0,"enemies":"3 Sentries","floor":12,"turns":8},{"damage":0,"enemies":"Large Slime","floor":13,"turns":6},{"damage":6,"enemies":"Blue Slaver","floor":14,"turns":3},{"damage":37,"enemies":"Hexaghost","floor":16,"turns":11},{"damage":28,"enemies":"2 Thieves","floor":18,"turns":4},{"damage":13,"enemies":"Shell Parasite","floor":19,"turns":9},{"damage":0,"enemies":"Snecko","floor":22,"turns":5},{"damage":18,"enemies":"Slavers","floor":24,"turns":5},{"damage":50,"enemies":"Book of Stabbing","floor":27,"turns":10},{"damage":6,"enemies":"Sentry and Sphere","floor":29,"turns":5},{"damage":9,"enemies":"Shelled Parasite and Fungi","floor":31,"turns":7},{"damage":55,"enemies":"Automaton","floor":33,"turns":10}],"seed_played":"-6596065751863751373","potions_obtained":[{"floor":3,"key":"SteroidPotion"},{"floor":7,"key":"FearPotion"},{"floor":13,"key":"Ancient Potion"},{"floor":16,"key":"EssenceOfSteel"},{"floor":18,"key":"SkillPotion"},{"floor":20,"key":"FocusPotion"},{"floor":24,"key":"Swift Potion"},{"floor":27,"key":"Weak Potion"}],"is_trial":false,"path_per_floor":["M","$","M","M","M","R","E","M","T","R","?","E","M","M","R","B",null,"M","M","?","?","M","R","E","R","T","E","?","M","?","M","R"],"character_chosen":"DEFECT","items_purchased":["Self Repair","Vajra"],"campfire_rested":1,"item_purchase_floors":[2,2],"current_hp_per_floor":[67,67,65,72,68,68,54,61,61,61,54,61,75,76,76,53,75,54,55,55,55,69,69,58,58,58,15,15,23,23,28,52,0],"gold":455,"neow_bonus":"TWO_FIFTY_GOLD","is_prod":false,"is_daily":false,"chose_seed":false,"campfire_upgraded":5,"win_rate":0,"timestamp":1541087957,"path_taken":["M","$","M","M","M","R","E","M","T","R","?","E","M","M","R","BOSS","M","M","?","?","?","R","E","R","T","E","?","M","?","M","R","BOSS"],"build_version":"2018-10-25v2","purchased_purges":1,"victory":false,"max_hp_per_floor":[75,75,75,75,75,75,82,82,82,82,82,82,82,82,82,82,82,82,82,82,82,82,82,82,82,82,82,82,82,82,82,82,82],"card_choices":[{"not_picked":["Steam","Capacitor"],"picked":"Chill","floor":1},{"not_picked":["Stack","Undo","Redo"],"picked":"SKIP","floor":3},{"not_picked":["Storm","Steam Power"],"picked":"Auto Shields","floor":4},{"not_picked":["Steam","Leap"],"picked":"Ball Lightning","floor":5},{"not_picked":["Barrage","Stack"],"picked":"Core Surge","floor":7},{"not_picked":["Leap","Stack","Barrage"],"picked":"SKIP","floor":8},{"not_picked":["Skim","Reinforced Body"],"picked":"Self Repair","floor":12},{"not_picked":["Leap","Lockon","Undo"],"picked":"SKIP","floor":13},{"not_picked":["Streamline","Stack"],"picked":"Go for the Eyes","floor":14},{"not_picked":["Biased Cognition","Reboot"],"picked":"Electrodynamics","floor":16},{"not_picked":["Chaos","Streamline"],"picked":"Coolheaded","floor":18},{"not_picked":["Steam","Stack+1"],"picked":"Skim+1","floor":19},{"not_picked":["Go for the Eyes","Sweeping Beam"],"picked":"Genetic Algorithm","floor":22},{"not_picked":["Redo","Hello World+1"],"picked":"Hologram+1","floor":24},{"not_picked":["Lockon","Force Field+1"],"picked":"Compile Driver","floor":27},{"not_picked":["Doom and Gloom","Chaos"],"picked":"Coolheaded+1","floor":29},{"not_picked":["Ball Lightning+1","Compile Driver"],"picked":"Conserve Battery+1","floor":31}],"player_experience":118724,"relics_obtained":[{"floor":7,"key":"Strawberry"},{"floor":9,"key":"War Paint"},{"floor":12,"key":"Oddly Smooth Stone"},{"floor":24,"key":"Juzu Bracelet"},{"floor":26,"key":"Ancient Tea Set"},{"floor":27,"key":"Bronze Scales"}],"event_choices":[{"cards_removed":["Strike_B"],"damage_healed":0,"gold_gain":0,"player_choice":"Card Removal","damage_taken":7,"max_hp_gain":0,"max_hp_loss":0,"event_name":"Golden Wing","floor":11,"gold_loss":0},{"damage_healed":0,"gold_gain":0,"player_choice":"Got Potions","damage_taken":0,"max_hp_gain":0,"max_hp_loss":0,"event_name":"The Lab","floor":20,"gold_loss":0},{"cards_removed":["Strike_B"],"damage_healed":0,"gold_gain":0,"player_choice":"Offered Basic","damage_taken":0,"max_hp_gain":0,"max_hp_loss":0,"event_name":"Bonfire Elementals","floor":21,"gold_loss":0},{"damage_healed":0,"gold_gain":0,"player_choice":"Ignored","damage_taken":0,"max_hp_gain":0,"max_hp_loss":0,"event_name":"Cursed Tome","floor":28,"gold_loss":0},{"damage_healed":0,"gold_gain":0,"cards_transformed":["Strike_B","Strike_B"],"player_choice":"Became Test Subject","damage_taken":0,"max_hp_gain":0,"max_hp_loss":0,"event_name":"Drug Dealer","floor":30,"gold_loss":0,"cards_obtained":["Sunder","Doom and Gloom"]}],"is_beta":false,"boss_relics":[{"not_picked":["Philosopher\u0027s Stone","Snecko Eye"],"picked":"FrozenCore"}],"items_purged_floors":[2],"is_endless":false,"potions_floor_spawned":[3,7,13,16,18,19,24,27],"killed_by":"Automaton","ascension_level":8}