{"gold_per_floor":[116,130,230,248,258,283,283,314,338,338,51,51,62,74,74,146,146,156,156,156,156,172,172,204,204,227,259,184,195,195,230,230,302,352,371,371,389,399,419,419,436,448,448,448,459,459],"floor_reached":46,"playtime":3397,"items_purged":["Strike_B"],"score":984,"play_id":"2bf62ef7-71c7-4414-aebb-31054a3e68d1","local_time":"20190302114933","is_ascension_mode":true,"campfire_choices":[{"floor":7.0,"key":"REST"},{"floor":10.0,"key":"REST"},{"data":"Go for the Eyes","floor":15.0,"key":"SMITH"},{"floor":23.0,"key":"REST"},{"data":"Coolheaded","floor":25.0,"key":"SMITH"},{"floor":30.0,"key":"REST"},{"floor":32.0,"key":"REST"},{"floor":40,"key":"REST"},{"floor":44,"key":"REST"}],"neow_cost":"NONE","seed_source_timestamp":90255391281853,"circlet_count":0,"master_deck":["AscendersBane","Strike_B+1","Strike_B+1","Defend_B+1","Defend_B+1","Defend_B+1","Zap+1","Dualcast","Rip and Tear","Coolheaded+1","Go for the Eyes+1","Hologram","Leap+1","Cold Snap","Creative AI","Doom and Gloom","Ball Lightning","Core Surge","Skim+1","Ball Lightning","Undo","Turbo+1","Compile Driver","Amplify","Coolheaded","Coolheaded"],"special_seed":0,"relics":["Cracked Core","Whetstone","Regal Pillow","Centennial Puzzle","Bronze Scales","Busted Crown","Lantern","Bag of Marbles","Symbiotic Virus","FossilizedHelix","Tiny House","Ornamental Fan"],"potions_floor_usage":[],"damage_taken":[{"damage":8.0,"enemies":"Small Slimes","floor":1.0,"turns":3.0},{"damage":1.0,"enemies":"Cultist","floor":2.0,"turns":3.0},{"damage":0.0,"enemies":"Jaw Worm","floor":4.0,"turns":3.0},{"damage":25.0,"enemies":"Exordium Thugs","floor":5.0,"turns":5.0},{"damage":11.0,"enemies":"Lagavulin","floor":6.0,"turns":7.0},{"damage":33.0,"enemies":"3 Sentries","floor":8.0,"turns":6.0},{"damage":8.0,"enemies":"Exordium Wildlife","floor":13.0,"turns":5.0},{"damage":16.0,"enemies":"Gremlin Gang","floor":14.0,"turns":4.0},{"damage":7.0,"enemies":"Hexaghost","floor":16.0,"turns":8.0},{"damage":7.0,"enemies":"2 Thieves","floor":18.0,"turns":4.0},{"damage":14.0,"enemies":"3 Byrds","floor":22.0,"turns":3.0},{"damage":33.0,"enemies":"Slavers","floor":24.0,"turns":4.0},{"damage":10.0,"enemies":"Book of Stabbing","floor":27.0,"turns":4.0},{"damage":22.0,"enemies":"Cultist and Chosen","floor":29.0,"turns":5.0},{"damage":31.0,"enemies":"Gremlin Leader","floor":31.0,"turns":8.0},{"damage":3.0,"enemies":"Automaton","floor":33.0,"turns":11.0},{"damage":1.0,"enemies":"Orb Walker","floor":35.0,"turns":3.0},{"damage":11,"enemies":"3 Darklings","floor":37,"turns":4},{"damage":11,"enemies":"4 Shapes","floor":38,"turns":7},{"damage":26,"enemies":"Writhing Mass","floor":39,"turns":8},{"damage":29,"enemies":"Jaw Worm Horde","floor":41,"turns":4},{"damage":13,"enemies":"4 Shapes","floor":42,"turns":9},{"damage":11,"enemies":"Sphere and 2 Shapes","floor":45,"turns":11},{"damage":56,"enemies":"Giant Head","floor":46,"turns":8}],"seed_played":"6444746557799676570","potions_obtained":[{"floor":4.0,"key":"Fire Potion"},{"floor":5.0,"key":"Poison Potion"},{"floor":13.0,"key":"FearPotion"},{"floor":14.0,"key":"Weak Potion"},{"floor":18.0,"key":"Swift Potion"},{"floor":22.0,"key":"FocusPotion"},{"floor":29.0,"key":"SteroidPotion"},{"floor":35.0,"key":"FocusPotion"}],"is_trial":false,"path_per_floor":["M","M","?","M","M","E","R","E","T","R","$","?","M","M","R","B",null,"M","?","?","T","M","R","E","R","T","E","?","M","R","E","R","B",null,"M","?","M","M","M","R","M","M","T","R","M","E"],"character_chosen":"DEFECT","items_purchased":["Cold Snap","Bronze Scales"],"campfire_rested":7,"item_purchase_floors":[11,11],"current_hp_per_floor":[56,55,55,55,30,19,40,7,7,43,43,43,35,19,19,12,56,49,49,49,49,35,71,38,38,38,28,28,6,42,11,47,44,69,68,76,65,54,28,65,36,23,23,60,49,0],"gold":459,"neow_bonus":"UPGRADE_CARD","is_prod":false,"is_daily":false,"chose_seed":false,"campfire_upgraded":2,"win_rate":0,"timestamp":1551545373,"path_taken":["M","M","?","?","M","E","R","E","T","R","$","?","M","M","R","BOSS","M","?","?","?","?","R","E","R","T","E","?","M","R","E","R","BOSS","M","?","?","M","M","R","?","M","T","R","M","E"],"build_version":"2019-01-23","purchased_purges":1,"victory":false,"max_hp_per_floor":[71,71,71,71,71,71,71,71,71,71,71,71,71,71,71,71,71,71,71,71,71,71,71,71,71,71,71,71,71,71,71,71,71,76,76,76,76,76,76,76,76,76,76,76,76,76],"card_choices":[{"not_picked":["Streamline","Barrage"],"picked":"Rip and Tear","floor":1.0},{"not_picked":["Hologram","Blizzard"],"picked":"Coolheaded","floor":2.0},{"not_picked":["Streamline","Double Energy","Leap"],"picked":"SKIP","floor":4.0},{"not_picked":["Redo","Force Field"],"picked":"Go for the Eyes","floor":5.0},{"not_picked":["Leap","Gash"],"picked":"Hologram","floor":6.0},{"not_picked":["Buffer","Melter"],"picked":"Leap","floor":8.0},{"not_picked":["Steam Power","Beam Cell"],"picked":"Doom and Gloom","floor":13.0},{"not_picked":["Streamline","Recycle"],"picked":"Ball Lightning","floor":14.0},{"not_picked":["Amplify","All For One"],"picked":"Core Surge","floor":16.0},{"not_picked":[],"picked":"Skim+1","floor":18.0},{"not_picked":["Gash"],"picked":"SKIP","floor":22.0},{"not_picked":[],"picked":"Undo","floor":24.0},{"not_picked":[],"picked":"Turbo+1","floor":27.0},{"not_picked":[],"picked":"Compile Driver","floor":29.0},{"not_picked":["Ball Lightning"],"picked":"SKIP","floor":31.0},{"not_picked":[],"picked":"Amplify","floor":33.0},{"not_picked":["Stack"],"picked":"SKIP","floor":35.0},{"not_picked":["Steam"],"picked":"SKIP","floor":37},{"not_picked":["Hello World"],"picked":"SKIP","floor":38},{"not_picked":["Barrage"],"picked":"SKIP","floor":39},{"not_picked":["Hello World"],"picked":"SKIP","floor":41},{"not_picked":[],"picked":"Coolheaded","floor":42},{"not_picked":[],"picked":"Coolheaded","floor":45}],"player_experience":733403,"relics_obtained":[{"floor":6.0,"key":"Whetstone"},{"floor":8.0,"key":"Regal Pillow"},{"floor":9.0,"key":"Centennial Puzzle"},{"floor":21.0,"key":"Lantern"},{"floor":24.0,"key":"Bag of Marbles"},{"floor":27.0,"key":"Symbiotic Virus"},{"floor":31.0,"key":"FossilizedHelix"},{"floor":43,"key":"Ornamental Fan"}],"event_choices":[{"damage_healed":0.0,"max_hp_gain":0.0,"max_hp_loss":0.0,"gold_gain":100.0,"event_name":"Wheel of Change","player_choice":"Gold","floor":3.0,"gold_loss":0.0,"damage_taken":0.0},{"damage_healed":0.0,"max_hp_gain":0.0,"max_hp_loss":0.0,"gold_gain":0.0,"event_name":"Match and Keep!","player_choice":"2 cards matched","floor":12.0,"gold_loss":0.0,"damage_taken":0.0,"cards_obtained":["Aggregate","Creative AI"]},{"damage_healed":0.0,"max_hp_gain":0.0,"max_hp_loss":0.0,"gold_gain":0.0,"cards_transformed":["Strike_B","Defend_B"],"event_name":"Drug Dealer","player_choice":"Became Test Subject","floor":19.0,"gold_loss":0.0,"damage_taken":0.0,"cards_obtained":["Ball Lightning","Hyperbeam"]},{"damage_healed":0.0,"max_hp_gain":0.0,"max_hp_loss":0.0,"gold_gain":0.0,"event_name":"Back to Basics","player_choice":"Simplicity","floor":20.0,"gold_loss":0.0,"damage_taken":0.0,"cards_upgraded":["Defend_B","Defend_B","Defend_B"]},{"cards_removed":["Hyperbeam"],"damage_healed":0.0,"max_hp_gain":0.0,"max_hp_loss":0.0,"gold_gain":0.0,"event_name":"Beggar","player_choice":"Gave Gold","floor":28.0,"gold_loss":75.0,"damage_taken":0.0},{"cards_removed":["Aggregate"],"damage_healed":8.0,"max_hp_gain":0.0,"max_hp_loss":0.0,"gold_gain":0.0,"event_name":"Bonfire Elementals","player_choice":"Offered Uncommon","floor":36.0,"gold_loss":0.0,"damage_taken":0.0}],"is_beta":false,"boss_relics":[{"not_picked":["Pandora\u0027s Box","Astrolabe"],"picked":"Busted Crown"},{"not_picked":["Coffee Dripper","Velvet Choker"],"picked":"Tiny House"}],"items_purged_floors":[11],"is_endless":false,"potions_floor_spawned":[4,5,13,14,18,22,29,31,35,37,42],"killed_by":"Giant Head","ascension_level":20}