{"gold_per_floor":[111,129,129,129,129,129,148,148,148,163,177,201,231,231,231,362,362,381,399,94,109,109,109,109],"floor_reached":24,"playtime":1465,"items_purged":["Defend_B"],"score":207,"play_id":"178ae437-640f-492e-acce-a8990aa50f6d","local_time":"20190227054053","is_ascension_mode":true,"campfire_choices":[{"data":"Conserve Battery","floor":6,"key":"SMITH"},{"data":"Gash","floor":8,"key":"SMITH"},{"floor":15,"key":"REST"},{"data":"Echo Form","floor":23,"key":"SMITH"}],"neow_cost":"NONE","seed_source_timestamp":1076523891664000,"circlet_count":0,"master_deck":["Strike_B","Strike_B","Strike_B","Defend_B","Defend_B","Defend_B","Zap","Dualcast","Gash+1","Conserve Battery+1","Hologram+1","Cold Snap","Gash","Echo Form+1","Loop","Self Repair","Capacitor","Hologram+1"],"relics":["Cracked Core","Golden Idol","Gremlin Horn","Blue Candle","Nuclear Battery","OrangePellets"],"potions_floor_usage":[16,19,19,19,24],"damage_taken":[{"damage":2,"enemies":"Jaw Worm","floor":1,"turns":3},{"damage":12,"enemies":"Small Slimes","floor":2,"turns":2},{"damage":0,"enemies":"Cultist","floor":7,"turns":4},{"damage":40,"enemies":"Gremlin Gang","floor":10,"turns":4},{"damage":1,"enemies":"3 Louse","floor":11,"turns":4},{"damage":0,"enemies":"Large Slime","floor":12,"turns":5},{"damage":21,"enemies":"Slime Boss","floor":16,"turns":8},{"damage":4,"enemies":"Spheric Guardian","floor":18,"turns":5},{"damage":19,"enemies":"2 Thieves","floor":19,"turns":4},{"damage":30,"enemies":"Cultist and Chosen","floor":21,"turns":6},{"damage":38,"enemies":"Slavers","floor":24,"turns":3}],"seed_played":"6348049908492318106","potions_obtained":[{"floor":1,"key":"Strength Potion"},{"floor":18,"key":"EntropicBrew"}],"is_trial":false,"path_per_floor":["M","M","?","?","?","R","M","R","T","M","M","M","?","?","R","B",null,"M","M","$","M","?","R","E"],"character_chosen":"DEFECT","items_purchased":["OrangePellets","Capacitor"],"campfire_rested":1,"item_purchase_floors":[20,20],"current_hp_per_floor":[80,68,68,61,61,61,61,61,61,21,20,20,20,20,44,23,82,78,59,59,36,36,36,0],"gold":109,"neow_bonus":"TEN_PERCENT_HP_BONUS","is_prod":false,"is_daily":false,"chose_seed":false,"campfire_upgraded":3,"win_rate":0,"timestamp":1551206453,"path_taken":["M","M","?","?","?","R","M","R","T","?","?","M","?","?","R","BOSS","M","M","$","M","?","R","E"],"build_version":"2019-01-23","purchased_purges":1,"victory":false,"max_hp_per_floor":[82,82,82,82,82,82,82,82,82,82,82,82,82,82,82,82,82,82,82,82,82,82,82,82],"card_choices":[{"not_picked":["Chill","Redo"],"picked":"Gash","floor":1},{"not_picked":["Sweeping Beam","Ball Lightning"],"picked":"Conserve Battery","floor":2},{"not_picked":["Force Field","Sweeping Beam","Auto Shields"],"picked":"SKIP","floor":7},{"not_picked":["Turbo","Sweeping Beam"],"picked":"Hologram","floor":10},{"not_picked":["Coolheaded","Turbo"],"picked":"Cold Snap","floor":11},{"not_picked":["Ball Lightning","Cold Snap"],"picked":"Gash","floor":12},{"not_picked":["All For One","Core Surge"],"picked":"Echo Form","floor":16},{"not_picked":["Leap","Sunder"],"picked":"Loop","floor":18},{"not_picked":["BootSequence","Beam Cell+1"],"picked":"Self Repair","floor":19},{"not_picked":["Stack","Turbo"],"picked":"Hologram+1","floor":21}],"player_experience":183583,"relics_obtained":[{"floor":9,"key":"Gremlin Horn"}],"event_choices":[{"damage_healed":0,"gold_gain":0,"player_choice":"Take Wound","damage_taken":0,"relics_obtained":["Golden Idol"],"max_hp_gain":0,"max_hp_loss":0,"event_name":"Golden Idol","floor":3,"gold_loss":0,"cards_obtained":["Injury"]},{"cards_removed":["Strike_B"],"damage_healed":0,"gold_gain":0,"player_choice":"Card Removal","damage_taken":7,"max_hp_gain":0,"max_hp_loss":0,"event_name":"Golden Wing","floor":4,"gold_loss":0},{"cards_removed":["Injury"],"damage_healed":0,"gold_gain":0,"player_choice":"Card Removal","damage_taken":0,"max_hp_gain":0,"max_hp_loss":0,"event_name":"Wheel of Change","floor":5,"gold_loss":0},{"damage_healed":0,"gold_gain":30,"player_choice":"Searched \u00272\u0027 times","damage_taken":0,"relics_obtained":["Blue Candle"],"max_hp_gain":0,"max_hp_loss":0,"event_name":"Dead Adventurer","floor":13,"gold_loss":0},{"damage_healed":0,"gold_gain":0,"player_choice":"Grow","damage_taken":0,"max_hp_gain":0,"max_hp_loss":0,"event_name":"Living Wall","floor":14,"gold_loss":0,"cards_upgraded":["Hologram"]},{"damage_healed":0,"gold_gain":0,"player_choice":"Ignored","damage_taken":0,"max_hp_gain":0,"max_hp_loss":0,"event_name":"Ghosts","floor":22,"gold_loss":0}],"is_beta":false,"boss_relics":[{"not_picked":["Sozu","Eternal Feather"],"picked":"Nuclear Battery"}],"items_purged_floors":[20],"is_endless":false,"potions_floor_spawned":[1,18],"killed_by":"Slavers","ascension_level":2}