{"path_per_floor":["M","M","?","?","M","R","M","M","T","?","R","M","R","M","R","B",null,"M","?","M","$","?","M","R","?","T","E","$"],"character_chosen":"THE_SILENT","items_purchased":["Well Laid Plans","Dodge and Roll","Purity","Regen Potion"],"gold_per_floor":[15,30,30,30,49,49,65,78,104,104,104,87,87,103,103,202,202,217,217,234,78,78,91,91,91,91,425,138],"floor_reached":29,"campfire_rested":3,"playtime":2526,"current_hp_per_floor":[70,56,31,24,21,42,42,29,29,46,67,66,66,62,62,57,70,55,49,33,33,33,22,36,36,36,16,16],"items_purged":["Deflect","Deflect"],"gold":138,"play_id":"da347ee5-3339-4c87-8d3a-817b6a23d1bf","is_prod":false,"is_daily":false,"campfire_rituals":0,"campfire_upgraded":2,"is_hardmode":false,"path_taken":["M","M","?","?","M","R","M","M","T","?","R","?","R","M","R","BOSS","M","?","?","?","?","M","R","?","T","E","$","M"],"build_version":"2017-12-21-PROD1","purchased_purges":2,"victory":false,"master_deck":["Defend_G","Defend_G","Defend_G","Defend_G","Survivor","Neutralize","Wraith Form","Distraction","Cloak And Dagger","Backstab","Footwork","Outmaneuver","Parasite","Blade Dance","Adrenaline","Terror","Bite_G","Bite_G","Bite_G","Bite_G","Bite_G","Well Laid Plans","Well Laid Plans","Writhe","Accuracy","Prepared","Choke","Dodge and Roll","Purity"],"max_hp_per_floor":[70,70,70,70,70,70,70,70,70,70,70,70,70,70,70,70,70,70,49,49,49,49,49,49,49,49,49,49],"relics":["Ring of the Snake","Anchor","Vajra","Black Star","Thread and Needle","Matryoshka","Old Coin","Sundial"],"campfire_meditates":0,"card_choices":[{"not_picked":["Deflect","Underhanded Strike"],"picked":"Distraction"},{"not_picked":["Finisher","Eviscerate"],"picked":"Cloak And Dagger"},{"not_picked":["Heel Hook","Dagger Throw"],"picked":"Backstab"},{"not_picked":["Sucker Punch","PiercingWail"],"picked":"Footwork"},{"not_picked":["Catalyst","Footwork"],"picked":"Outmaneuver"},{"not_picked":["Sucker Punch","Eviscerate"],"picked":"Deflect"},{"not_picked":["Escape Plan","Riddle With Holes"],"picked":"Blade Dance"},{"not_picked":["Phantasmal Killer","Corpse Explosion"],"picked":"Adrenaline"},{"not_picked":["Dash","Leg Sweep"],"picked":"Terror"},{"not_picked":["Quick Slash","Endless Agony"],"picked":"Well Laid Plans"},{"not_picked":["Outmaneuver","Bane"],"picked":"Accuracy"},{"not_picked":["Outmaneuver","Bane"],"picked":"Choke"}],"player_experience":61823,"potions_floor_usage":[29,29],"damage_taken":[{"damage":0.0,"enemies":"Cultist","floor":1.0,"turns":4.0},{"damage":14.0,"enemies":"Looter","floor":2.0,"turns":5.0},{"damage":3.0,"enemies":"Jaw Worm","floor":5.0,"turns":7.0},{"damage":0.0,"enemies":"2 Fungi Beasts","floor":7.0,"turns":5.0},{"damage":13.0,"enemies":"Exordium Wildlife","floor":8.0,"turns":5.0},{"damage":1.0,"enemies":"Exordium Thugs","floor":12.0,"turns":4.0},{"damage":4.0,"enemies":"Gremlin Gang","floor":14.0,"turns":7.0},{"damage":19.0,"enemies":"The Guardian","floor":16.0,"turns":11.0},{"damage":15.0,"enemies":"3 Byrds","floor":18.0,"turns":5.0},{"damage":18.0,"enemies":"Spheric Guardian","floor":20.0,"turns":4.0},{"damage":36.0,"enemies":"3 Cultists","floor":23.0,"turns":9.0},{"damage":38.0,"enemies":"Gremlin Leader","floor":27.0,"turns":9.0},{"damage":39,"enemies":"Chosen and Byrds","floor":29,"turns":7}],"event_choices":[{"event_name":"Scrap Ooze","player_choice":"success","floor":3.0,"damage_taken":25.0},{"event_name":"Golden Wing","player_choice":"Card Removal","floor":4.0,"damage_taken":0.0},{"event_name":"Mushrooms","player_choice":"Healed and dodged fight","floor":10.0,"damage_taken":0.0},{"event_name":"Vampires","player_choice":"Became a vampire","floor":19.0,"damage_taken":0.0},{"event_name":"The Mausoleum","player_choice":"Yes","floor":22.0,"damage_taken":0.0},{"event_name":"The Library","player_choice":"Read","floor":25.0,"damage_taken":0.0}],"boss_relics":[],"potions_floor_spawned":[1,12,14,16,18,23,27],"seed_played":"-7261589444603498460","killed_by":"Chosen and Byrds","is_trial":false}