{"gold_per_floor":[217,234,246,264,264,296,296,331,331,345,8,26,26,41,41,115,115,115,115],"floor_reached":19,"playtime":1123,"items_purged":[],"score":362,"play_id":"958037ef-fe10-44bf-9207-887d42ba3c04","local_time":"20190221191612","is_ascension_mode":true,"campfire_choices":[{"floor":7,"key":"REST"},{"data":"Rip and Tear","floor":13,"key":"SMITH"},{"floor":15,"key":"REST"}],"neow_cost":"NONE","seed_source_timestamp":391040899322472,"circlet_count":0,"master_deck":["AscendersBane","Strike_B","Strike_B","Strike_B","Defend_B","Defend_B","Defend_B","Defend_B","Zap","Dualcast","Compile Driver","Rip and Tear+1","Buffer","Compile Driver","Self Repair","Multi-Cast","Cold Snap","Self Repair","BootSequence","Machine Learning","Seek","Coolheaded"],"relics":["Cracked Core","Shovel","FossilizedHelix","Unceasing Top","OrangePellets","Ectoplasm"],"potions_floor_usage":[6,12,16],"damage_taken":[{"damage":1,"enemies":"Cultist","floor":1,"turns":3},{"damage":7,"enemies":"Jaw Worm","floor":2,"turns":2},{"damage":0,"enemies":"2 Louse","floor":3,"turns":2},{"damage":24,"enemies":"Gremlin Gang","floor":4,"turns":6},{"damage":24,"enemies":"Gremlin Nob","floor":6,"turns":4},{"damage":20,"enemies":"Lagavulin","floor":8,"turns":7},{"damage":0,"enemies":"Blue Slaver","floor":10,"turns":3},{"damage":0,"enemies":"3 Louse","floor":12,"turns":2},{"damage":12,"enemies":"Large Slime","floor":14,"turns":5},{"damage":15,"enemies":"Slime Boss","floor":16,"turns":15},{"damage":18,"enemies":"Shell Parasite","floor":18,"turns":7},{"damage":60,"enemies":"3 Byrds","floor":19,"turns":6}],"seed_played":"4265554219749021602","potions_obtained":[{"floor":4,"key":"SneckoOil"},{"floor":8,"key":"Explosive Potion"},{"floor":10,"key":"Strength Potion"},{"floor":12,"key":"Strength Potion"}],"is_trial":false,"path_per_floor":["M","M","M","M","?","E","R","E","T","M","$","M","R","M","R","B",null,"M","M"],"character_chosen":"DEFECT","items_purchased":["OrangePellets","Self Repair","BootSequence"],"campfire_rested":2,"item_purchase_floors":[11,11,11],"current_hp_per_floor":[63,56,56,32,25,1,22,9,9,16,16,23,23,18,39,38,63,59,0],"gold":115,"neow_bonus":"HUNDRED_GOLD","is_prod":false,"is_daily":false,"chose_seed":false,"campfire_upgraded":1,"win_rate":0,"timestamp":1550794572,"path_taken":["M","?","M","M","?","E","R","E","T","M","$","M","R","M","R","BOSS","M","M"],"build_version":"2019-01-23","purchased_purges":0,"victory":false,"max_hp_per_floor":[71,71,71,71,71,71,71,71,71,71,71,71,71,71,71,71,71,71,71],"card_choices":[{"not_picked":["Redo","Barrage"],"picked":"Compile Driver","floor":1},{"not_picked":["Gash","Beam Cell"],"picked":"Rip and Tear","floor":2},{"not_picked":["Conserve Battery","Auto Shields"],"picked":"Buffer","floor":3},{"not_picked":["Redo","Scrape"],"picked":"Compile Driver","floor":4},{"not_picked":["Static Discharge","Steam Power"],"picked":"Self Repair","floor":6},{"not_picked":["Go for the Eyes","Static Discharge"],"picked":"Multi-Cast","floor":8},{"not_picked":["Turbo","Rebound"],"picked":"Cold Snap","floor":10},{"not_picked":["Rip and Tear","Capacitor"],"picked":"Machine Learning","floor":12},{"not_picked":["Fusion","Double Energy","Barrage"],"picked":"SKIP","floor":14},{"not_picked":["Multi-Cast","Meteor Strike"],"picked":"Seek","floor":16},{"not_picked":["Cold Snap","Steam Power"],"picked":"Coolheaded","floor":18}],"player_experience":688376,"relics_obtained":[{"floor":6,"key":"Shovel"},{"floor":8,"key":"FossilizedHelix"},{"floor":9,"key":"Unceasing Top"}],"event_choices":[{"cards_removed":["Strike_B"],"damage_healed":0,"gold_gain":0,"player_choice":"Card Removal","damage_taken":7,"max_hp_gain":0,"max_hp_loss":0,"event_name":"Golden Wing","floor":5,"gold_loss":0}],"is_beta":false,"boss_relics":[{"not_picked":["Nuclear Battery","Tiny House"],"picked":"Ectoplasm"}],"items_purged_floors":[],"is_endless":false,"potions_floor_spawned":[4,8,10,12,14],"killed_by":"3 Byrds","ascension_level":20}