{"gold_per_floor":[119,119,134,147,162,162,189,189,216,232,232],"floor_reached":11,"playtime":927,"items_purged":[],"score":150,"play_id":"e68fd953-2e48-4af0-b95a-de616e621660","local_time":"20190212082045","is_ascension_mode":true,"campfire_choices":[{"floor":6,"key":"REST"}],"neow_cost":"NONE","seed_source_timestamp":592352911734166,"circlet_count":0,"master_deck":["AscendersBane","Defend_G","Defend_G","Defend_G","Defend_G","Defend_G","Strike_G","Strike_G","Strike_G","Strike_G","Strike_G","Survivor","Neutralize","Storm of Steel","Dagger Spray","Dagger Throw","Crippling Poison","Dagger Throw","Envenom","Leg Sweep"],"relics":["Ring of the Snake","Orichalcum","Snake Skull"],"potions_floor_usage":[7],"damage_taken":[{"damage":33,"enemies":"Jaw Worm","floor":1,"turns":9},{"damage":3,"enemies":"2 Louse","floor":3,"turns":2},{"damage":0,"enemies":"Small Slimes","floor":4,"turns":2},{"damage":4,"enemies":"Looter","floor":5,"turns":4},{"damage":19,"enemies":"Gremlin Nob","floor":7,"turns":4},{"damage":14,"enemies":"Lots of Slimes","floor":10,"turns":3},{"damage":5,"enemies":"2 Fungi Beasts","floor":11,"turns":2}],"seed_played":"-5812612575757805716","potions_obtained":[{"floor":1,"key":"GamblersBrew"},{"floor":4,"key":"SteroidPotion"}],"is_trial":false,"path_per_floor":["M","?","M","M","M","R","E","?","T","M","M"],"character_chosen":"THE_SILENT","items_purchased":[],"campfire_rested":1,"item_purchase_floors":[],"current_hp_per_floor":[26,26,23,23,19,38,19,19,19,5,0],"gold":232,"neow_bonus":"ONE_RANDOM_RARE_CARD","is_prod":false,"is_daily":false,"chose_seed":false,"campfire_upgraded":0,"win_rate":0,"timestamp":1549977645,"path_taken":["M","?","M","M","M","R","E","?","T","M","M"],"build_version":"2019-01-23","purchased_purges":0,"victory":false,"max_hp_per_floor":[66,66,66,66,66,66,66,66,66,66,66],"card_choices":[{"not_picked":["Terror","Choke"],"picked":"Dagger Spray","floor":1},{"not_picked":["Blade Dance","Quick Slash"],"picked":"Dagger Throw","floor":3},{"not_picked":["Dagger Throw","Prepared"],"picked":"Crippling Poison","floor":4},{"not_picked":["Cloak And Dagger","Prepared"],"picked":"Dagger Throw","floor":5},{"not_picked":["Cloak And Dagger","Finisher"],"picked":"Envenom","floor":7},{"not_picked":["Deflect","Dagger Spray"],"picked":"Leg Sweep","floor":10}],"player_experience":634381,"relics_obtained":[{"floor":7,"key":"Orichalcum"},{"floor":9,"key":"Snake Skull"}],"event_choices":[{"damage_healed":0,"gold_gain":0,"player_choice":"Ignored","damage_taken":0,"max_hp_gain":0,"max_hp_loss":0,"event_name":"Golden Wing","floor":2,"gold_loss":0},{"damage_healed":0,"gold_gain":0,"player_choice":"Ignored","damage_taken":0,"max_hp_gain":0,"max_hp_loss":0,"event_name":"Shining Light","floor":8,"gold_loss":0}],"is_beta":false,"boss_relics":[],"items_purged_floors":[],"is_endless":false,"potions_floor_spawned":[1,4],"killed_by":"2 Fungi Beasts","ascension_level":20}