{"gold_per_floor":[217,230,31,42,56,56,89,89,114,145,145],"floor_reached":11,"playtime":425,"items_purged":[],"score":141,"play_id":"d67f5b7f-20aa-4de7-bfb7-f26ff51853c3","local_time":"20181104104139","is_ascension_mode":true,"campfire_choices":[{"data":"Zap","floor":6,"key":"SMITH"},{"data":"Defragment","floor":8,"key":"SMITH"}],"neow_cost":"NONE","seed_source_timestamp":83411929170300,"circlet_count":0,"master_deck":["AscendersBane","Strike_B","Strike_B","Strike_B","Strike_B","Defend_B","Defend_B","Defend_B","Defend_B","Zap+1","Dualcast","Conserve Battery","Double Energy","Defragment+1","Melter","BootSequence","Genetic Algorithm"],"relics":["Cracked Core","OrangePellets","Vajra","Happy Flower","Blood Vial"],"potions_floor_usage":[7,10],"damage_taken":[{"damage":1,"enemies":"Cultist","floor":1,"turns":4},{"damage":5,"enemies":"Small Slimes","floor":2,"turns":3},{"damage":0,"enemies":"2 Louse","floor":4,"turns":2},{"damage":1,"enemies":"2 Fungi Beasts","floor":5,"turns":4},{"damage":18,"enemies":"Lagavulin","floor":7,"turns":6},{"damage":22,"enemies":"3 Sentries","floor":10,"turns":8},{"damage":23,"enemies":"The Mushroom Lair","floor":11,"turns":3}],"seed_played":"6056070819642621937","potions_obtained":[{"floor":2,"key":"AttackPotion"},{"floor":4,"key":"Dexterity Potion"}],"is_trial":false,"path_per_floor":["M","M","$","M","M","R","E","R","T","E","?"],"character_chosen":"DEFECT","items_purchased":["OrangePellets"],"campfire_rested":0,"item_purchase_floors":[3],"current_hp_per_floor":[63,58,58,58,57,57,39,39,39,17,0],"gold":145,"neow_bonus":"HUNDRED_GOLD","is_prod":false,"is_daily":false,"chose_seed":false,"campfire_upgraded":2,"win_rate":0,"timestamp":1541346099,"path_taken":["M","?","?","M","M","R","E","R","T","E","?"],"build_version":"2018-11-01","purchased_purges":0,"victory":false,"max_hp_per_floor":[71,71,71,71,71,71,71,71,71,71,71],"card_choices":[{"not_picked":["Compile Driver","Ball Lightning"],"picked":"Conserve Battery","floor":1},{"not_picked":["Streamline","Sweeping Beam"],"picked":"Double Energy","floor":2},{"not_picked":["Heatsinks","Rip and Tear"],"picked":"Defragment","floor":4},{"not_picked":["Recycle","Sweeping Beam"],"picked":"Melter","floor":5},{"not_picked":["Steam","Leap"],"picked":"BootSequence","floor":7},{"not_picked":["Storm","Machine Learning"],"picked":"Genetic Algorithm","floor":10}],"player_experience":185621,"relics_obtained":[{"floor":7,"key":"Vajra"},{"floor":9,"key":"Happy Flower"},{"floor":10,"key":"Blood Vial"}],"event_choices":[{"damage_healed":0,"gold_gain":0,"player_choice":"Fought Mushrooms","damage_taken":0,"max_hp_gain":0,"max_hp_loss":0,"event_name":"Mushrooms","floor":11,"gold_loss":0}],"is_beta":false,"boss_relics":[],"items_purged_floors":[],"is_endless":false,"potions_floor_spawned":[2,4],"killed_by":"The Mushroom Lair","ascension_level":14}