{"path_per_floor":["M","M","$","M","M","R","E","R","T","$","E","?","E","M","R","B",null,"M","$","T","$","M"],"character_chosen":"THE_SILENT","items_purchased":["Catalyst","Envenom","Footwork","Poisoned Stab"],"gold_per_floor":[112,127,87,98,110,110,136,136,161,9,67,67,97,107,107,206,206,221,17,17,17,30,30],"floor_reached":23,"campfire_rested":3,"playtime":1116,"current_hp_per_floor":[77,73,73,72,56,77,50,73,73,73,57,57,44,39,62,42,77,37,37,37,37,9,9],"items_purged":["Strike_G","Deflect"],"gold":30,"score":230,"play_id":"f55da7b3-bb3d-4e76-8882-70f394abdffc","local_time":"20180330162941","is_prod":false,"is_daily":false,"is_ascension_mode":true,"campfire_upgraded":0,"timestamp":1522448981,"path_taken":["M","M","$","?","M","R","E","R","T","$","E","?","E","M","R","BOSS","M","$","?","?","?","E"],"build_version":"2018-03-29v2","purchased_purges":3,"victory":false,"master_deck":["Defend_G","Defend_G","Defend_G","Defend_G","Defend_G","Strike_G","Survivor","Neutralize","Poisoned Stab","Prepared","Catalyst","Corpse Explosion","Poisoned Stab+1","Outmaneuver+1","Envenom","Dodge and Roll+1","Leg Sweep+1","Tactician+1","Tactician+1","Cloak And Dagger+1","Dagger Spray+1","Footwork","Poisoned Stab"],"max_hp_per_floor":[77,77,77,77,77,77,77,77,77,77,77,77,77,77,77,77,77,77,77,77,77,77,77],"relics":["Ring of the Snake","Toxic Egg 2","Orichalcum","Tiny Chest","Shovel","Astrolabe","Tingsha"],"card_choices":[{"not_picked":["Cloak And Dagger","Flying Knee"],"picked":"Poisoned Stab","floor":1},{"not_picked":["Cloak And Dagger","Riddle With Holes"],"picked":"Prepared","floor":2},{"not_picked":["Slice","Escape Plan"],"picked":"Corpse Explosion","floor":4},{"not_picked":["Bane","All Out Attack"],"picked":"Poisoned Stab","floor":5},{"not_picked":["Flechettes","Accuracy"],"picked":"Outmaneuver","floor":7},{"not_picked":["Grand Finale","Masterful Stab"],"picked":"Dodge and Roll","floor":13},{"not_picked":["Sucker Punch","Dash"],"picked":"Leg Sweep","floor":14},{"not_picked":["Doppelganger","Tools of the Trade"],"picked":"Tactician","floor":16},{"not_picked":["Deflect","Skewer"],"picked":"Dagger Spray","floor":18}],"player_experience":226257,"potions_floor_usage":[11,13,16,18,23],"damage_taken":[{"damage":0,"enemies":"Cultist","floor":1,"turns":4},{"damage":4,"enemies":"Small Slimes","floor":2,"turns":4},{"damage":1,"enemies":"Jaw Worm","floor":4,"turns":3},{"damage":16,"enemies":"Blue Slaver","floor":5,"turns":5},{"damage":27,"enemies":"Lagavulin","floor":7,"turns":6},{"damage":16,"enemies":"3 Sentries","floor":11,"turns":8},{"damage":13,"enemies":"Lagavulin","floor":13,"turns":5},{"damage":5,"enemies":"Looter","floor":14,"turns":3},{"damage":20,"enemies":"The Guardian","floor":16,"turns":13},{"damage":52,"enemies":"3 Byrds","floor":18,"turns":11},{"damage":28,"enemies":"2 Thieves","floor":22,"turns":5},{"damage":0,"enemies":"Gremlin Leader","floor":23,"turns":2}],"event_choices":[{"event_name":"Living Wall","player_choice":"Grow","floor":12,"damage_taken":0}],"boss_relics":[{"not_picked":["Cursed Key","Orrery"],"picked":"Astrolabe"}],"potions_floor_spawned":[2,7,11,16,22],"seed_played":"8117074878887945152","killed_by":"Gremlin Leader","ascension_level":2,"is_trial":false}