{"gold_per_floor":[112,9,9,26,26,26,60,210,210,226,226,301,301,6,6,83,83,94,94,105,105],"floor_reached":21,"playtime":729,"items_purged":["Doubt"],"score":380,"play_id":"c7295711-fd47-42a1-809d-919d3e01f332","local_time":"20181202190442","is_ascension_mode":true,"campfire_choices":[{"data":"Neutralize","floor":6,"key":"SMITH"},{"data":"Predator","floor":11,"key":"SMITH"},{"data":"Prepared","floor":13,"key":"SMITH"},{"data":"Dash","floor":15,"key":"SMITH"}],"neow_cost":"NONE","seed_source_timestamp":1575852976977258,"circlet_count":0,"master_deck":["AscendersBane","Defend_G","Defend_G","Defend_G","Defend_G","Defend_G","Strike_G","Strike_G","Strike_G","Strike_G","Strike_G","Survivor","Neutralize+1","Prepared+1","Dash+1","Backflip","Poisoned Stab","Dash","Predator+1","Adrenaline","Writhe","Decay","Decay","PiercingWail+1"],"relics":["Ring of the Snake","NeowsBlessing","Anchor","Mercury Hourglass","PreservedInsect","Calling Bell","Boot","Ornamental Fan","Mango","Sundial"],"potions_floor_usage":[16,16,21],"damage_taken":[{"damage":0,"enemies":"Jaw Worm","floor":1,"turns":1},{"damage":0,"enemies":"Cultist","floor":4,"turns":1},{"damage":0,"enemies":"3 Sentries","floor":7,"turns":1},{"damage":0,"enemies":"2 Louse","floor":10,"turns":2},{"damage":22,"enemies":"Slime Boss","floor":16,"turns":12},{"damage":18,"enemies":"Shell Parasite","floor":18,"turns":7},{"damage":21,"enemies":"Spheric Guardian","floor":20,"turns":5},{"damage":32,"enemies":"3 Cultists","floor":21,"turns":5}],"seed_played":"8779965835505544259","potions_obtained":[{"floor":3,"key":"LiquidBronze"},{"floor":3,"key":"Energy Potion"},{"floor":4,"key":"Dexterity Potion"},{"floor":16,"key":"SteroidPotion"},{"floor":18,"key":"AttackPotion"}],"is_trial":false,"path_per_floor":["M","$","?","M","$","R","E","?","T","M","R","?","R","$","R","B",null,"M","T","M","M"],"character_chosen":"THE_SILENT","items_purchased":["Dash","Backflip","PreservedInsect","PowerPotion"],"campfire_rested":0,"item_purchase_floors":[2,2,14,14],"current_hp_per_floor":[59,59,59,59,59,59,59,59,59,59,59,48,48,48,48,26,70,52,52,31,0],"gold":105,"neow_bonus":"THREE_ENEMY_KILL","is_prod":false,"is_daily":false,"chose_seed":false,"campfire_upgraded":4,"win_rate":0,"timestamp":1543795482,"path_taken":["M","$","?","?","?","R","E","?","T","M","R","?","R","?","R","BOSS","M","?","M","M"],"build_version":"2018-11-15","purchased_purges":1,"victory":false,"max_hp_per_floor":[66,66,66,66,66,66,66,66,66,66,66,66,66,66,66,66,80,80,80,80,80],"card_choices":[{"not_picked":["Bane","PiercingWail"],"picked":"Prepared","floor":1},{"not_picked":["Flying Knee","PiercingWail"],"picked":"Poisoned Stab","floor":4},{"not_picked":["Calculated Gamble","Leg Sweep"],"picked":"Dash","floor":7},{"not_picked":["Dodge and Roll","Accuracy"],"picked":"Predator","floor":10},{"not_picked":["Die Die Die","Grand Finale"],"picked":"Adrenaline","floor":16},{"not_picked":["Slice+1","Dash"],"picked":"PiercingWail+1","floor":18},{"not_picked":["Eviscerate+1","Underhanded Strike","Reflex"],"picked":"SKIP","floor":20}],"player_experience":583944,"relics_obtained":[{"floor":7,"key":"Anchor"},{"floor":9,"key":"Mercury Hourglass"},{"floor":17,"key":"Boot"},{"floor":17,"key":"Ornamental Fan"},{"floor":17,"key":"Mango"},{"floor":19,"key":"Sundial"}],"event_choices":[{"damage_healed":0,"gold_gain":0,"player_choice":"Got Potions","damage_taken":0,"max_hp_gain":0,"max_hp_loss":0,"event_name":"Lab","floor":3,"gold_loss":0},{"damage_healed":0,"gold_gain":150,"player_choice":"AGREE","damage_taken":0,"max_hp_gain":0,"max_hp_loss":0,"event_name":"Liars Game","floor":8,"gold_loss":0,"cards_obtained":["Doubt"]},{"damage_healed":0,"gold_gain":75,"player_choice":"Gather Gold","damage_taken":11,"max_hp_gain":0,"max_hp_loss":0,"event_name":"World of Goop","floor":12,"gold_loss":0}],"is_beta":false,"boss_relics":[{"not_picked":["WristBlade","Busted Crown"],"picked":"Calling Bell"}],"items_purged_floors":[14],"is_endless":false,"potions_floor_spawned":[4,10,16,18],"killed_by":"3 Cultists","ascension_level":18}