{"path_per_floor":["M","$","M","M","T","E","M","?","T","R","$","R","$","M","R","B",null,"M","?","?","?","?","R","M","R","T","?","R","$","?","M","R"],"character_chosen":"THE_SILENT","items_purchased":["Noxious Fumes","Bane","Noxious Fumes","Deadly Poison"],"gold_per_floor":[115,2,15,32,32,60,75,75,75,75,75,75,5,18,18,121,121,134,134,134,134,134,134,146,146,170,170,170,47,47,63,63],"floor_reached":33,"campfire_rested":5,"playtime":1500,"current_hp_per_floor":[64,64,63,60,60,38,38,38,38,59,59,59,59,58,58,17,70,40,40,31,15,15,37,15,37,37,37,59,59,59,24,46],"items_purged":["Writhe"],"gold":63,"play_id":"6d4af198-cbc0-4e5c-b38d-5f5ad570e77d","is_prod":false,"is_daily":false,"campfire_rituals":0,"campfire_upgraded":2,"is_hardmode":false,"path_taken":["M","$","?","?","?","E","M","?","T","R","?","R","$","M","R","BOSS","M","?","?","?","?","R","M","R","T","?","R","$","?","M","R","BOSS"],"build_version":"2017-12-21-PROD1","purchased_purges":1,"victory":false,"master_deck":["Defend_G","Defend_G","Defend_G","Defend_G","Defend_G","Strike_G","Strike_G","Strike_G","Strike_G","Survivor","Neutralize","Die Die Die","Deadly Poison","Noxious Fumes","Bane","Bane","Dodge and Roll","Bane","Bane","Noxious Fumes","Phantasmal Killer","After Image","Blur","Necronomicurse","Poisoned Stab","Deadly Poison","Noxious Fumes","Acrobatics"],"max_hp_per_floor":[70,70,70,70,70,70,70,70,70,70,70,70,70,70,70,70,70,70,70,75,75,75,75,75,75,75,75,75,75,75,75,75],"relics":["Ring of the Snake","Bottled Flame","Juzu Bracelet","Frozen Eye","Cursed Key","Necronomicon","Whetstone"],"campfire_meditates":0,"card_choices":[{"not_picked":["Dagger Throw","Masterful Stab"],"picked":"Deadly Poison"},{"not_picked":["Acrobatics","Dagger Spray"],"picked":"Bane"},{"not_picked":["Slice","Calculated Gamble"],"picked":"Dodge and Roll"},{"not_picked":["PiercingWail","Quick Slash"],"picked":"Bane"},{"not_picked":["Dagger Throw","Leg Sweep"],"picked":"Bane"},{"not_picked":["Sucker Punch","Masterful Stab"],"picked":"Phantasmal Killer"},{"not_picked":["Wraith Form","Tools of the Trade"],"picked":"After Image"},{"not_picked":["Eviscerate","Well Laid Plans"],"picked":"Blur"},{"not_picked":["Underhanded Strike","Dodge and Roll"],"picked":"Poisoned Stab"},{"not_picked":["PiercingWail","Slice"],"picked":"Acrobatics"}],"player_experience":25738,"potions_floor_usage":[],"damage_taken":[{"damage":6,"enemies":"Blue Slaver","floor":1,"turns":5},{"damage":1,"enemies":"Cultist","floor":3,"turns":3},{"damage":3,"enemies":"Jaw Worm","floor":4,"turns":2},{"damage":22,"enemies":"Lagavulin","floor":6,"turns":6},{"damage":0,"enemies":"Gremlin Gang","floor":7,"turns":2},{"damage":1,"enemies":"3 Louse","floor":14,"turns":2},{"damage":41,"enemies":"Slime Boss","floor":16,"turns":9},{"damage":30,"enemies":"Chosen","floor":18,"turns":4},{"damage":22,"enemies":"3 Byrds","floor":24,"turns":6},{"damage":35,"enemies":"Sentry and Sphere","floor":31,"turns":6},{"damage":47,"enemies":"Champ","floor":33,"turns":6}],"event_choices":[{"event_name":"Purifier","player_choice":"One Purge","floor":8,"damage_taken":0},{"event_name":"The Lab","player_choice":"Got Potions","floor":19,"damage_taken":0},{"event_name":"Forgotten Altar","player_choice":"Shed Blood","floor":20,"damage_taken":0},{"event_name":"Cursed Tome","player_choice":"Obtained Book","floor":21,"damage_taken":0},{"event_name":"Wheel of Change","player_choice":"Card Removal","floor":22,"damage_taken":0},{"event_name":"Drug Dealer","player_choice":"Ignored","floor":27,"damage_taken":0},{"event_name":"The Library","player_choice":"Read","floor":30,"damage_taken":0}],"boss_relics":[{"not_picked":["White Beast Statue","Runic Dome"],"picked":"Cursed Key"}],"potions_floor_spawned":[3,6,14,18,24],"seed_played":"6622911717975056721","killed_by":"Champ","is_trial":false}