{"path_per_floor":["M","?","M","M","$","R","E","R","T","?","R","?","E","$","R","B",null,"M","M","$","M","$","E","M","R","T","M","R","M","M","T","R","B",null,"M","M","T","?","?","R","?","M","T","E","?","E","M","M","R","B"],"character_chosen":"THE_SILENT","items_purchased":["PiercingWail","Noxious Fumes","Poisoned Stab","Backstab","Toxic Egg 2","Noxious Fumes"],"gold_per_floor":[114,189,204,219,168,168,198,198,273,273,273,273,303,95,95,195,195,210,225,25,40,8,38,53,53,53,68,68,113,128,128,128,228,228,243,258,283,283,283,283,283,298,323,353,0,30,45,60,60,60],"floor_reached":51,"campfire_rested":5,"playtime":2158,"current_hp_per_floor":[70,59,52,41,41,62,58,70,70,70,70,58,49,49,72,72,77,72,69,69,44,44,7,7,45,45,46,77,77,75,75,75,3,77,77,69,69,59,59,77,77,83,83,54,54,46,43,59,91,18],"items_purged":[],"gold":60,"score":1135,"play_id":"9150af10-6417-4891-9500-0567d54a2b26","local_time":"20180423013456","daily_mods":["Draft","Vintage","Hoarder"],"is_prod":false,"is_daily":true,"chose_seed":false,"is_ascension_mode":false,"campfire_upgraded":4,"timestamp":1524468896,"path_taken":["M","?","M","M","$","R","E","R","T","?","R","?","E","$","R","BOSS","M","M","$","M","$","E","M","R","T","M","R","M","M","?","R","BOSS","M","M","?","?","?","R","?","M","T","E","?","E","M","M","R","BOSS"],"build_version":"2018-04-19","seed_source_timestamp":0,"purchased_purges":0,"victory":true,"master_deck":["Bane","Bane","Bane","Deadly Poison","Deadly Poison","Deadly Poison","Dash","Dash","Dash","Dagger Throw","Dagger Throw","Bouncing Flask","Bouncing Flask+1","Bouncing Flask","Deadly Poison","Deadly Poison","Deadly Poison","PiercingWail","PiercingWail","PiercingWail","Dodge and Roll+1","Dodge and Roll","Dodge and Roll","Acrobatics","Acrobatics","Acrobatics","Noxious Fumes","Noxious Fumes","Noxious Fumes","Poisoned Stab","Poisoned Stab","Poisoned Stab","Backstab+1","Backstab+1","Backstab+1","Bullet Time+1","Bullet Time","Bullet Time+1","Decay","Decay","Decay","Pain","Pain","Pain","Decay","Decay","Decay","Noxious Fumes","Noxious Fumes","Noxious Fumes","Adrenaline+1","Adrenaline+1","Adrenaline+1","Blur+1","Blur+1","Blur+1","Flechettes+1","Flechettes+1","Flechettes+1","Corpse Explosion","Corpse Explosion","Corpse Explosion","Cloak And Dagger+1","Cloak And Dagger+1","Cloak And Dagger+1","Apotheosis+1","Apotheosis+1","Apotheosis+1","Purity+1","Purity+1","Purity+1","Bandage Up+1","Bandage Up+1","Bandage Up+1","Noxious Fumes+1","Noxious Fumes+1","Noxious Fumes+1","Backstab","Backstab","Backstab","Caltrops","Caltrops","Caltrops"],"max_hp_per_floor":[70,70,70,70,70,70,70,70,70,70,70,70,77,77,77,77,77,77,77,77,77,77,77,77,77,77,77,77,77,77,77,77,77,77,77,77,77,77,77,77,77,91,91,91,91,91,91,91,91,91],"relics":["Ring of the Snake","Shuriken","Bag of Marbles","Vajra","Bag of Preparation","Smiling Mask","Anchor","Strawberry","Prayer Wheel","Calling Bell","Regal Pillow","The Courier","Calipers","Tingsha","Orichalcum","Toxic Egg 2","War Paint","Lantern","Blood Vial","Question Card","Toolbox","Tiny Chest","Art of War","Tough Bandages","Juzu Bracelet","Eternal Feather","Oddly Smooth Stone","Singing Bowl","Snake Skull","Mango","Happy Flower","Bird Faced Urn","Red Mask","Pen Nib","Paper Crane","Unceasing Top"],"card_choices":[{"not_picked":["Prepared","Predator"],"picked":"Bane","floor":0},{"not_picked":["Acrobatics","Flying Knee"],"picked":"Deadly Poison","floor":0},{"not_picked":["Outmaneuver","All Out Attack"],"picked":"Dash","floor":0},{"not_picked":["Sucker Punch","Blade Dance"],"picked":"Dagger Throw","floor":0},{"not_picked":["Prepared","Flechettes"],"picked":"Bouncing Flask","floor":0},{"not_picked":["Flying Knee","Backflip"],"picked":"Deadly Poison","floor":0},{"not_picked":["Endless Agony","Finisher"],"picked":"Dodge and Roll","floor":7},{"not_picked":["Wraith Form v2","Sucker Punch"],"picked":"Acrobatics","floor":13},{"not_picked":["A Thousand Cuts","After Image"],"picked":"Bullet Time","floor":16},{"not_picked":["Deflect","Reflex"],"picked":"Adrenaline","floor":23},{"not_picked":["Acrobatics","Dagger Throw"],"picked":"Blur","floor":26},{"not_picked":["Poisoned Stab","All Out Attack","Sucker Punch"],"picked":"Flechettes","floor":31},{"not_picked":["Night Terror","Tools of the Trade","A Thousand Cuts"],"picked":"Corpse Explosion","floor":33},{"not_picked":["PiercingWail","Underhanded Strike","Outmaneuver"],"picked":"Cloak And Dagger","floor":37},{"not_picked":["Dark Shackles","Blind","Panacea"],"picked":"Apotheosis","floor":38},{"not_picked":["Deep Breath","Bandage Up","Blind"],"picked":"Purity","floor":38},{"not_picked":["Secret Weapon","Transmutation","Sadistic Nature"],"picked":"Bandage Up","floor":38},{"not_picked":["Dagger Throw","Underhanded Strike","Flechettes"],"picked":"Noxious Fumes","floor":43},{"not_picked":["Storm of Steel","Slice","Flying Knee"],"picked":"Backstab","floor":44},{"not_picked":["Flechettes","Quick Slash","Well Laid Plans"],"picked":"Caltrops","floor":46}],"player_experience":271088,"potions_floor_usage":[19,23,24,33,33,33,50,50,50],"damage_taken":[{"damage":0,"enemies":"Cultist","floor":1,"turns":2},{"damage":7,"enemies":"2 Louse","floor":3,"turns":2},{"damage":11,"enemies":"Jaw Worm","floor":4,"turns":2},{"damage":4,"enemies":"Gremlin Nob","floor":7,"turns":3},{"damage":16,"enemies":"3 Sentries","floor":13,"turns":6},{"damage":0,"enemies":"Slime Boss","floor":16,"turns":5},{"damage":5,"enemies":"Shell Parasite","floor":18,"turns":2},{"damage":3,"enemies":"2 Thieves","floor":19,"turns":3},{"damage":25,"enemies":"3 Cultists","floor":21,"turns":5},{"damage":37,"enemies":"Gremlin Leader","floor":23,"turns":5},{"damage":6,"enemies":"Cultist and Chosen","floor":24,"turns":3},{"damage":1,"enemies":"Snake Plant","floor":27,"turns":2},{"damage":0,"enemies":"Sentry and Sphere","floor":29,"turns":4},{"damage":2,"enemies":"Chosen and Byrds","floor":30,"turns":4},{"damage":74,"enemies":"Automaton","floor":33,"turns":7},{"damage":0,"enemies":"Orb Walker","floor":35,"turns":2},{"damage":8,"enemies":"3 Shapes","floor":36,"turns":5},{"damage":8,"enemies":"Sphere and 2 Shapes","floor":42,"turns":3},{"damage":39,"enemies":"Nemesis","floor":44,"turns":5},{"damage":10,"enemies":"2 Orb Walkers","floor":46,"turns":3},{"damage":9,"enemies":"4 Shapes","floor":47,"turns":3},{"damage":8,"enemies":"Maw","floor":48,"turns":6},{"damage":103,"enemies":"Awakened One","floor":50,"turns":10}],"event_choices":[{"event_name":"World of Goop","player_choice":"Gather Gold","floor":2,"damage_taken":0},{"event_name":"Liars Game","player_choice":"disagreed","floor":10,"damage_taken":0},{"event_name":"Scrap Ooze","player_choice":"success","floor":12,"damage_taken":12},{"event_name":"SensoryStone","player_choice":"Memory 3","floor":38,"damage_taken":0},{"event_name":"Upgrade Shrine","player_choice":"Upgraded","floor":41,"damage_taken":0},{"event_name":"Tomb of Lord Red Mask","player_choice":"Paid","floor":45,"damage_taken":0}],"boss_relics":[{"not_picked":["Runic Dome","White Beast Statue"],"picked":"Calling Bell"},{"not_picked":["Black Star","Tiny House"],"picked":"Eternal Feather"}],"potions_floor_spawned":[3,7,13,16,21,27,29,30,33,35,42,46],"seed_played":"2192268310771929411","ascension_level":0,"is_trial":false}