{"gold_per_floor":[168,178,197,197,213,213,239,53,101,66,95,95,114,149,149,228,228,240,240,240,251,263,263,263],"floor_reached":24,"playtime":1002,"items_purged":[],"score":458,"play_id":"59c42823-ae06-4458-ad84-a9d6c0b80204","local_time":"20181201171351","is_ascension_mode":true,"campfire_choices":[{"data":"Neutralize","floor":6,"key":"SMITH"},{"floor":12,"key":"REST"},{"data":"Terror","floor":15,"key":"SMITH"},{"data":"Adrenaline","floor":23,"key":"SMITH"}],"neow_cost":"NONE","seed_source_timestamp":1482528279261177,"circlet_count":0,"master_deck":["AscendersBane","Defend_G","Defend_G","Defend_G","Defend_G","Defend_G","Strike_G","Strike_G","Strike_G","Strike_G+1","Survivor","Neutralize+1","Poisoned Stab","Sucker Punch","Finisher","Terror+1","Heel Hook","Crippling Poison","Flying Knee","Adrenaline+1","Poisoned Stab","Slice","Poisoned Stab","Bullet Time","Blur","Writhe","Dagger Throw","Blur"],"relics":["Tiny House","Ninja Scroll","Regal Pillow","Pen Nib","Dream Catcher","Cursed Key","Incense Burner"],"potions_floor_usage":[7,11,11,16,21,22],"damage_taken":[{"damage":0,"enemies":"2 Louse","floor":1,"turns":2},{"damage":1,"enemies":"Cultist","floor":2,"turns":4},{"damage":6,"enemies":"Jaw Worm","floor":3,"turns":4},{"damage":15,"enemies":"Exordium Wildlife","floor":5,"turns":6},{"damage":40,"enemies":"Gremlin Nob","floor":7,"turns":5},{"damage":5,"enemies":"Lagavulin","floor":11,"turns":4},{"damage":0,"enemies":"Looter","floor":13,"turns":2},{"damage":0,"enemies":"Gremlin Nob","floor":14,"turns":2},{"damage":28,"enemies":"The Guardian","floor":16,"turns":8},{"damage":19,"enemies":"Spheric Guardian","floor":18,"turns":4},{"damage":0,"enemies":"3 Byrds","floor":21,"turns":2},{"damage":13,"enemies":"Snecko","floor":22,"turns":5},{"damage":44,"enemies":"Book of Stabbing","floor":24,"turns":4}],"seed_played":"7982775578645382554","potions_obtained":[{"floor":0,"key":"LiquidBronze"},{"floor":3,"key":"SkillPotion"},{"floor":7,"key":"Poison Potion"},{"floor":14,"key":"Swift Potion"},{"floor":16,"key":"LiquidBronze"},{"floor":18,"key":"Regen Potion"}],"is_trial":false,"path_per_floor":["M","M","M","?","M","R","E","$","T","?","E","R","M","E","R","B",null,"M","?","?","M","M","R","E"],"character_chosen":"THE_SILENT","items_purchased":["Adrenaline","Poisoned Stab"],"campfire_rested":1,"item_purchase_floors":[8,8],"current_hp_per_floor":[64,63,57,57,42,42,2,2,2,19,14,50,50,50,50,22,59,40,40,40,40,42,42,0],"gold":263,"neow_bonus":"BOSS_RELIC","is_prod":false,"is_daily":false,"chose_seed":false,"campfire_upgraded":3,"win_rate":0,"timestamp":1543702431,"path_taken":["M","M","M","?","M","R","E","?","T","?","E","R","M","E","R","BOSS","M","?","?","M","M","R","E"],"build_version":"2018-11-15","purchased_purges":0,"victory":false,"max_hp_per_floor":[71,71,71,71,71,71,71,71,71,71,71,71,71,71,71,71,71,71,71,71,71,71,71,71],"card_choices":[{"not_picked":["Slice","Acrobatics"],"picked":"Poisoned Stab","floor":0},{"not_picked":["Dagger Throw","Outmaneuver"],"picked":"Sucker Punch","floor":1},{"not_picked":["Slice","Calculated Gamble"],"picked":"Finisher","floor":2},{"not_picked":["Deadly Poison","PiercingWail"],"picked":"Terror","floor":3},{"not_picked":["Poisoned Stab","Backflip"],"picked":"Crippling Poison","floor":5},{"not_picked":["Masterful Stab","Storm of Steel"],"picked":"Flying Knee","floor":7},{"not_picked":["Distraction","Tactician"],"picked":"Slice","floor":11},{"not_picked":["Acrobatics","Underhanded Strike"],"picked":"Poisoned Stab","floor":13},{"not_picked":["Poisoned Stab","Blade Dance","Endless Agony"],"picked":"SKIP","floor":14},{"not_picked":["Night Terror","Tools of the Trade"],"picked":"Bullet Time","floor":16},{"not_picked":["Distraction","Cloak And Dagger"],"picked":"Blur","floor":18},{"not_picked":["Slice","Blade Dance"],"picked":"Dagger Throw","floor":21},{"not_picked":["Expertise","Bouncing Flask"],"picked":"Blur","floor":22}],"player_experience":576161,"relics_obtained":[{"floor":7,"key":"Ninja Scroll"},{"floor":9,"key":"Regal Pillow"},{"floor":11,"key":"Pen Nib"},{"floor":14,"key":"Dream Catcher"}],"event_choices":[{"damage_healed":0,"gold_gain":0,"cards_transformed":["Strike_G"],"player_choice":"Transformed","damage_taken":0,"max_hp_gain":0,"max_hp_loss":0,"event_name":"Transmorgrifier","floor":4,"gold_loss":0,"cards_obtained":["Heel Hook"]},{"damage_healed":17,"gold_gain":0,"player_choice":"Healed","damage_taken":0,"max_hp_gain":0,"max_hp_loss":0,"event_name":"The Cleric","floor":10,"gold_loss":35},{"damage_healed":0,"gold_gain":0,"player_choice":"Opened","damage_taken":0,"relics_obtained":["Incense Burner"],"max_hp_gain":0,"max_hp_loss":0,"event_name":"The Mausoleum","floor":19,"gold_loss":0,"cards_obtained":["Writhe"]},{"damage_healed":0,"gold_gain":0,"player_choice":"Ignored","damage_taken":0,"max_hp_gain":0,"max_hp_loss":0,"event_name":"Ghosts","floor":20,"gold_loss":0}],"is_beta":false,"boss_relics":[{"not_picked":["Lizard Tail","White Beast Statue"],"picked":"Cursed Key"}],"items_purged_floors":[],"is_endless":false,"potions_floor_spawned":[3,7,14,16,18],"killed_by":"Book of Stabbing","ascension_level":18}