{"gold_per_floor":[119,135,60,70,88,88,88,117,140,171,187,5,5,22,22,127,127,140,153,53,71,71],"floor_reached":22,"playtime":1179,"items_purged":["Defend_B","Strike_B"],"score":198,"play_id":"b51c64c3-79ce-4d8a-8c78-723d1d3c2680","local_time":"20181026050506","is_ascension_mode":false,"campfire_choices":[{"floor":6,"key":"REST"},{"floor":13,"key":"REST"},{"floor":15,"key":"REST"}],"neow_cost":"NONE","seed_source_timestamp":795048410965426,"circlet_count":0,"master_deck":["Strike_B","Strike_B","Strike_B","Defend_B","Defend_B","Defend_B","Zap","Dualcast","Static Discharge","Leap","Loop","Redo","Streamline","Meteor Strike","Chaos","Loop","Hologram","Meteor Strike","FTL+1","Scrape+1","Beam Cell"],"relics":["Philosopher\u0027s Stone","Happy Flower","DataDisk","Lantern","Anchor","Runic Pyramid"],"potions_floor_usage":[5,8,16,19,22],"damage_taken":[{"damage":13,"enemies":"2 Louse","floor":1,"turns":3},{"damage":0,"enemies":"Small Slimes","floor":2,"turns":3},{"damage":9,"enemies":"Cultist","floor":4,"turns":4},{"damage":30,"enemies":"Lots of Slimes","floor":5,"turns":3},{"damage":40,"enemies":"Gremlin Nob","floor":8,"turns":5},{"damage":30,"enemies":"Lagavulin","floor":10,"turns":5},{"damage":2,"enemies":"Exordium Thugs","floor":11,"turns":4},{"damage":5,"enemies":"Gremlin Gang","floor":14,"turns":6},{"damage":32,"enemies":"Slime Boss","floor":16,"turns":9},{"damage":18,"enemies":"Spheric Guardian","floor":18,"turns":3},{"damage":14,"enemies":"2 Thieves","floor":19,"turns":3},{"damage":28,"enemies":"Snake Plant","floor":21,"turns":3},{"damage":25,"enemies":"Sentry and Sphere","floor":22,"turns":4}],"seed_played":"5696217153595803112","potions_obtained":[{"floor":1,"key":"Regen Potion"},{"floor":2,"key":"GamblersBrew"},{"floor":14,"key":"FearPotion"},{"floor":18,"key":"AttackPotion"},{"floor":21,"key":"Dexterity Potion"}],"is_trial":false,"path_per_floor":["M","M","$","M","M","R","?","E","T","E","M","$","R","M","R","B",null,"M","M","$","M"],"character_chosen":"DEFECT","items_purchased":["Loop","Anchor"],"campfire_rested":3,"item_purchase_floors":[12,12],"current_hp_per_floor":[62,62,62,53,32,54,75,35,35,5,3,3,25,20,42,10,75,57,43,43,15,0],"gold":71,"neow_bonus":"BOSS_RELIC","is_prod":false,"is_daily":false,"chose_seed":false,"campfire_upgraded":0,"win_rate":0.0,"timestamp":1540551906,"path_taken":["M","M","$","M","M","R","?","E","T","E","?","$","R","M","R","BOSS","M","?","$","M","?"],"build_version":"2018-10-25v2","purchased_purges":2,"victory":false,"max_hp_per_floor":[75,75,75,75,75,75,75,75,75,75,75,75,75,75,75,75,75,75,75,75,75,75],"card_choices":[{"not_picked":["Blizzard","Ball Lightning"],"picked":"Static Discharge","floor":1},{"not_picked":["Coolheaded","Conserve Battery"],"picked":"Leap","floor":2},{"not_picked":["Skim","Leap"],"picked":"Loop","floor":4},{"not_picked":["Capacitor","Coolheaded"],"picked":"Redo","floor":5},{"not_picked":["Steam","White Noise"],"picked":"Streamline","floor":8},{"not_picked":["Gash","Fusion"],"picked":"Meteor Strike","floor":10},{"not_picked":["Doom and Gloom","Steam"],"picked":"Chaos","floor":11},{"not_picked":["Cold Snap","Redo"],"picked":"Hologram","floor":14},{"not_picked":["Amplify","Reboot"],"picked":"Meteor Strike","floor":16},{"not_picked":["Doom and Gloom","Cold Snap"],"picked":"FTL+1","floor":18},{"not_picked":["Cold Snap","Turbo"],"picked":"Scrape+1","floor":19},{"not_picked":["Coolheaded","Core Surge"],"picked":"Beam Cell","floor":21}],"player_experience":373906,"relics_obtained":[{"floor":8,"key":"Happy Flower"},{"floor":9,"key":"DataDisk"},{"floor":10,"key":"Lantern"}],"event_choices":[{"damage_healed":25,"gold_gain":0,"player_choice":"Banana","damage_taken":0,"max_hp_gain":0,"max_hp_loss":0,"event_name":"Big Fish","floor":7,"gold_loss":0}],"is_beta":true,"boss_relics":[{"not_picked":["Coffee Dripper","Pandora\u0027s Box"],"picked":"Runic Pyramid"}],"items_purged_floors":[3,20],"is_endless":false,"potions_floor_spawned":[1,2,14,18,21],"killed_by":"Sentry and Sphere","ascension_level":0}