{"gold_per_floor":[117,42,53,66,66,66,85,85,157,222,240,240,240],"floor_reached":13,"playtime":779,"items_purged":["Pain"],"score":83,"play_id":"13257f43-9144-472b-b84d-daa5d276e300","local_time":"20190301211427","is_ascension_mode":true,"campfire_choices":[{"data":"Corruption","floor":6,"key":"SMITH"},{"data":"True Grit","floor":8,"key":"SMITH"},{"floor":12,"key":"REST"}],"neow_cost":"CURSE","seed_source_timestamp":1306024231780800,"circlet_count":0,"master_deck":["Strike_R","Strike_R","Defend_R","Defend_R","Defend_R","Defend_R","Bash","Corruption+1","Fire Breathing","True Grit+1","Perfected Strike","Disarm","Reaper","Shrug It Off"],"relics":["Burning Blood","Ornamental Fan","Smiling Mask"],"potions_floor_usage":[13,13],"damage_taken":[{"damage":14,"enemies":"2 Louse","floor":1,"turns":5},{"damage":13,"enemies":"Jaw Worm","floor":3,"turns":8},{"damage":6,"enemies":"Small Slimes","floor":4,"turns":5},{"damage":0,"enemies":"Exordium Wildlife","floor":7,"turns":3},{"damage":38,"enemies":"3 Sentries","floor":10,"turns":17},{"damage":19,"enemies":"Large Slime","floor":11,"turns":8},{"damage":78,"enemies":"Gremlin Nob","floor":13,"turns":6}],"seed_played":"-5343268243420885212","potions_obtained":[{"floor":1,"key":"Swift Potion"},{"floor":3,"key":"FearPotion"},{"floor":11,"key":"SkillPotion"}],"is_trial":false,"path_per_floor":["M","$","M","M","?","R","M","R","T","?","M","R","E"],"character_chosen":"IRONCLAD","items_purchased":[],"campfire_rested":1,"item_purchase_floors":[],"current_hp_per_floor":[72,72,65,65,65,65,71,71,71,39,32,56,0],"gold":240,"neow_bonus":"TRANSFORM_TWO_CARDS","is_prod":false,"is_daily":false,"chose_seed":false,"campfire_upgraded":2,"win_rate":0,"timestamp":1551435267,"path_taken":["M","$","M","M","?","R","M","R","T","?","M","R","E"],"build_version":"2019-01-23","purchased_purges":1,"victory":false,"max_hp_per_floor":[80,80,80,80,80,80,80,80,80,80,80,80,80],"card_choices":[{"not_picked":["Havoc","Entrench"],"picked":"True Grit","floor":1},{"not_picked":["Carnage","True Grit"],"picked":"Perfected Strike","floor":3},{"not_picked":["Reckless Charge","Corruption","Rupture"],"picked":"SKIP","floor":4},{"not_picked":["Perfected Strike","Pummel"],"picked":"Disarm","floor":7},{"not_picked":["Shrug It Off","Cleave"],"picked":"Reaper","floor":10},{"not_picked":["Heavy Blade","Havoc"],"picked":"Shrug It Off","floor":11}],"player_experience":208935,"relics_obtained":[{"floor":9,"key":"Ornamental Fan"},{"floor":10,"key":"Smiling Mask"}],"event_choices":[{"cards_removed":["Strike_R"],"damage_healed":0,"gold_gain":0,"player_choice":"Forget","damage_taken":0,"max_hp_gain":0,"max_hp_loss":0,"event_name":"Living Wall","floor":5,"gold_loss":0},{"damage_healed":0,"gold_gain":0,"player_choice":"Searched \u00271\u0027 times","damage_taken":0,"max_hp_gain":0,"max_hp_loss":0,"event_name":"Dead Adventurer","floor":10,"gold_loss":0}],"is_beta":false,"boss_relics":[],"items_purged_floors":[2],"is_endless":false,"potions_floor_spawned":[1,3,11],"killed_by":"Gremlin Nob","ascension_level":2}