{"path_per_floor":["M","$","M","M","?","R","E","R","T","$","E","$","T"],"character_chosen":"THE_SILENT","items_purchased":["Catalyst","Prepared","Catalyst","Poison Potion"],"gold_per_floor":[116,21,41,55,55,55,86,86,141,25,52,52,52,52],"floor_reached":14,"campfire_rested":1,"playtime":381,"item_purchase_floors":[2,2,10,10],"current_hp_per_floor":[70,70,70,63,63,63,19,40,40,40,5,5,5,5],"items_purged":[],"gold":52,"score":110,"play_id":"599d5871-a5e4-4fee-873a-6ce569844be2","local_time":"20180526012850","is_prod":false,"is_daily":false,"chose_seed":false,"is_ascension_mode":true,"campfire_upgraded":1,"win_rate":0,"timestamp":1527319730,"campfire_choices":[{"data":"Catalyst","floor":6,"key":"SMITH"},{"floor":8,"key":"REST"}],"path_taken":["M","$","?","M","?","R","E","R","T","?","E","$","?","M"],"build_version":"2018-05-24","seed_source_timestamp":1425936148034704,"purchased_purges":0,"victory":false,"master_deck":["Defend_G","Defend_G","Defend_G","Defend_G","Defend_G","Strike_G","Strike_G","Strike_G","Strike_G","Strike_G","Survivor","Neutralize","Envenom","Skewer","Catalyst+1","Prepared","Dagger Throw","Deadly Poison","Catalyst","Poisoned Stab"],"max_hp_per_floor":[70,70,70,70,70,70,70,70,70,70,70,70,70,70],"relics":["Ring of the Snake","Happy Flower","Tiny Chest","Paper Crane","Centennial Puzzle"],"card_choices":[{"not_picked":["Deflect","Calculated Gamble"],"picked":"Skewer","floor":1},{"not_picked":["Cloak And Dagger","Sucker Punch"],"picked":"Dagger Throw","floor":3},{"not_picked":["Backstab","PiercingWail"],"picked":"Deadly Poison","floor":4},{"not_picked":["Phantasmal Killer","All Out Attack","Flying Knee"],"picked":"SKIP","floor":7},{"not_picked":["PiercingWail","Prepared"],"picked":"Poisoned Stab","floor":11}],"player_experience":346101,"potions_floor_usage":[7,11,11,11],"damage_taken":[{"damage":0,"enemies":"Cultist","floor":1,"turns":4},{"damage":0,"enemies":"Small Slimes","floor":3,"turns":3},{"damage":7,"enemies":"Jaw Worm","floor":4,"turns":5},{"damage":56,"enemies":"Gremlin Nob","floor":7,"turns":6},{"damage":35,"enemies":"Lagavulin","floor":11,"turns":4},{"damage":0,"enemies":"Exordium Thugs","floor":14,"turns":1}],"relics_obtained":[{"floor":7,"key":"Happy Flower"},{"floor":9,"key":"Tiny Chest"},{"floor":11,"key":"Paper Crane"},{"floor":13,"key":"Centennial Puzzle"}],"event_choices":[{"event_name":"Liars Game","player_choice":"disagreed","floor":5,"damage_taken":0}],"boss_relics":[],"items_purged_floors":[],"potions_floor_spawned":[1,4,7],"seed_played":"-8801495354265248225","killed_by":"Exordium Thugs","ascension_level":3,"potions_obtained":[{"floor":1,"key":"Regen Potion"},{"floor":4,"key":"Energy Potion"},{"floor":7,"key":"Explosive Potion"}],"is_trial":false}