{"gold_per_floor":[110,110,129,19,33,65,65,99,125,125,143,218,218,218,218,321,321,333,383,383,482,71,71,96,96,96,96,113,130,4,34,34,131,131,149,168,186,200,0,0,0,0,0,0,17,17,17,46,46,46],"floor_reached":51,"playtime":3862,"items_purged":["Strike_R","Strike_R"],"score":1022,"play_id":"aadbfd9f-29bf-4574-b5d9-abae2f152cb2","local_time":"20190305000736","is_ascension_mode":true,"campfire_choices":[{"floor":7,"key":"REST"},{"data":"Inflame","floor":10,"key":"SMITH"},{"floor":13,"key":"REST"},{"data":"Twin Strike","floor":15,"key":"SMITH"},{"data":"True Grit","floor":23,"key":"SMITH"},{"floor":25,"key":"REST"},{"floor":27,"key":"REST"},{"data":"Uppercut","floor":32,"key":"SMITH"},{"data":"Double Tap","floor":40,"key":"SMITH"},{"floor":44,"key":"REST"},{"data":"Shrug It Off","floor":46,"key":"SMITH"},{"floor":49,"key":"REST"}],"neow_cost":"NONE","seed_source_timestamp":44624270773224,"circlet_count":0,"master_deck":["Strike_R+1","Strike_R+1","Strike_R+1","Defend_R","Defend_R","Defend_R","Bash","Flame Barrier+1","Inflame+1","Shrug It Off","Twin Strike+1","Feed","Uppercut+1","True Grit+1","Shrug It Off+1","Double Tap+1","Battle Trance+1","True Grit+1"],"relics":["Burning Blood","Happy Flower","Regal Pillow","Juzu Bracelet","Orrery","Mummified Hand","Whetstone","Lee\u0027s Waffle","Mercury Hourglass","Ice Cream","Anchor","Busted Crown","Red Mask","Strawberry","Pen Nib"],"potions_floor_usage":[6,8,16,33,33,36,50,50,50],"damage_taken":[{"damage":1,"enemies":"2 Louse","floor":1,"turns":3},{"damage":0,"enemies":"Small Slimes","floor":3,"turns":3},{"damage":4,"enemies":"Jaw Worm","floor":5,"turns":4},{"damage":36,"enemies":"Lagavulin","floor":6,"turns":8},{"damage":27,"enemies":"3 Sentries","floor":8,"turns":12},{"damage":6,"enemies":"Looter","floor":11,"turns":4},{"damage":38,"enemies":"Slime Boss","floor":16,"turns":11},{"damage":23,"enemies":"Shell Parasite","floor":18,"turns":7},{"damage":92,"enemies":"Book of Stabbing","floor":24,"turns":8},{"damage":24,"enemies":"2 Thieves","floor":28,"turns":4},{"damage":0,"enemies":"Snecko","floor":29,"turns":4},{"damage":27,"enemies":"Slavers","floor":31,"turns":6},{"damage":63,"enemies":"Champ","floor":33,"turns":12},{"damage":3,"enemies":"3 Shapes","floor":35,"turns":5},{"damage":12,"enemies":"3 Darklings","floor":36,"turns":5},{"damage":37,"enemies":"Transient","floor":37,"turns":5},{"damage":2,"enemies":"4 Shapes","floor":38,"turns":6},{"damage":30,"enemies":"3 Darklings","floor":45,"turns":5},{"damage":0,"enemies":"Nemesis","floor":48,"turns":7},{"damage":68,"enemies":"Donu and Deca","floor":50,"turns":11}],"seed_played":"180203281675732020","potions_obtained":[{"floor":5,"key":"EssenceOfSteel"},{"floor":6,"key":"Swift Potion"},{"floor":8,"key":"Energy Potion"},{"floor":28,"key":"GamblersBrew"},{"floor":29,"key":"SkillPotion"},{"floor":31,"key":"Fire Potion"},{"floor":35,"key":"EssenceOfSteel"},{"floor":37,"key":"Ancient Potion"},{"floor":48,"key":"Regen Potion"}],"is_trial":false,"path_per_floor":["M","?","M","$","M","E","R","E","T","R","M","?","R","?","R","B",null,"M","?","?","?","$","R","E","R","T","R","M","M","$","E","R","B",null,"M","M","M","M","?","R","?","?","T","R","M","R","?","E","R","B",null],"character_chosen":"IRONCLAD","items_purchased":["Inflame","Whetstone","Lee\u0027s Waffle","True Grit","Shrug It Off"],"campfire_rested":6,"item_purchase_floors":[4,22,22,22,30],"current_hp_per_floor":[85,67,73,73,75,45,71,50,50,50,50,39,80,80,80,48,78,64,64,64,64,98,98,12,56,56,98,80,89,89,71,71,14,82,88,82,51,58,58,58,58,58,65,115,91,91,91,100,120,73],"gold":46,"neow_bonus":"TEN_PERCENT_HP_BONUS","is_prod":false,"is_daily":false,"chose_seed":false,"campfire_upgraded":6,"win_rate":0,"timestamp":1551766056,"path_taken":["M","?","M","$","M","E","R","E","T","R","M","?","R","?","R","BOSS","M","?","?","?","$","R","E","R","T","R","M","M","$","E","R","BOSS","M","M","M","M","?","R","?","?","T","R","M","R","?","E","R","BOSS"],"build_version":"2019-01-23","purchased_purges":2,"victory":true,"max_hp_per_floor":[88,88,88,88,88,88,88,88,88,88,88,88,88,88,88,88,88,91,91,91,91,98,98,98,98,98,98,98,101,101,104,104,104,104,107,107,107,110,110,110,110,110,117,117,117,117,117,120,120,120],"card_choices":[{"not_picked":["Wild Strike","Body Slam"],"picked":"Flame Barrier","floor":1},{"not_picked":["Seeing Red","Warcry","Iron Wave"],"picked":"SKIP","floor":3},{"not_picked":["Searing Blow","Heavy Blade","Bludgeon"],"picked":"SKIP","floor":5},{"not_picked":["Armaments","Flex"],"picked":"Shrug It Off","floor":6},{"not_picked":["Offering","Flex","Juggernaut"],"picked":"SKIP","floor":8},{"not_picked":["Dropkick","Havoc"],"picked":"Twin Strike","floor":11},{"not_picked":["Exhume","Offering"],"picked":"Feed","floor":16},{"not_picked":["Carnage","Seeing Red"],"picked":"Uppercut","floor":17},{"not_picked":["Dropkick","Exhume","Second Wind"],"picked":"SKIP","floor":18},{"not_picked":["Flex","Iron Wave","Heavy Blade"],"picked":"SKIP","floor":24},{"not_picked":["Body Slam","Spot Weakness","Sword Boomerang"],"picked":"SKIP","floor":28},{"not_picked":["Perfected Strike","Armaments","Clash+1"],"picked":"SKIP","floor":29},{"not_picked":["Combust","Feel No Pain","Perfected Strike"],"picked":"SKIP","floor":31},{"not_picked":["Fiend Fire","Brutality"],"picked":"Double Tap","floor":33},{"not_picked":["Perfected Strike"],"picked":"SKIP","floor":35},{"not_picked":["Warcry"],"picked":"SKIP","floor":36},{"not_picked":[],"picked":"Battle Trance+1","floor":37},{"not_picked":["Armaments"],"picked":"SKIP","floor":38},{"not_picked":[],"picked":"True Grit+1","floor":45},{"not_picked":["Wild Strike+1"],"picked":"SKIP","floor":48}],"player_experience":153019,"relics_obtained":[{"floor":6,"key":"Happy Flower"},{"floor":8,"key":"Regal Pillow"},{"floor":9,"key":"Juzu Bracelet"},{"floor":24,"key":"Mercury Hourglass"},{"floor":26,"key":"Ice Cream"},{"floor":31,"key":"Anchor"},{"floor":43,"key":"Strawberry"},{"floor":48,"key":"Pen Nib"}],"event_choices":[{"damage_healed":0,"gold_gain":0,"player_choice":"Entered Light","damage_taken":18,"max_hp_gain":0,"max_hp_loss":0,"event_name":"Shining Light","floor":2,"gold_loss":0,"cards_upgraded":["Strike_R","Flame Barrier"]},{"damage_healed":0,"gold_gain":75,"player_choice":"Gather Gold","damage_taken":11,"max_hp_gain":0,"max_hp_loss":0,"event_name":"World of Goop","floor":12,"gold_loss":0},{"damage_healed":0,"gold_gain":0,"player_choice":"Leave","damage_taken":0,"max_hp_gain":0,"max_hp_loss":0,"event_name":"The Cleric","floor":14,"gold_loss":0},{"damage_healed":0,"gold_gain":100,"player_choice":"Bet on Murderer","damage_taken":0,"max_hp_gain":0,"max_hp_loss":0,"event_name":"The Joust","floor":19,"gold_loss":50},{"damage_healed":0,"gold_gain":0,"player_choice":"Opened","damage_taken":0,"relics_obtained":["Mummified Hand"],"max_hp_gain":0,"max_hp_loss":0,"event_name":"The Mausoleum","floor":20,"gold_loss":0},{"damage_healed":0,"gold_gain":99,"player_choice":"Stole From Cult","damage_taken":0,"max_hp_gain":0,"max_hp_loss":0,"event_name":"Nest","floor":21,"gold_loss":0},{"damage_healed":0,"gold_gain":0,"player_choice":"Paid","damage_taken":0,"relics_obtained":["Red Mask"],"max_hp_gain":0,"max_hp_loss":0,"event_name":"Tomb of Lord Red Mask","floor":39,"gold_loss":200},{"damage_healed":0,"gold_gain":0,"player_choice":"Memory 1","damage_taken":0,"max_hp_gain":0,"max_hp_loss":0,"event_name":"SensoryStone","floor":41,"gold_loss":0},{"damage_healed":0,"gold_gain":0,"player_choice":"Ignored","damage_taken":0,"max_hp_gain":0,"max_hp_loss":0,"event_name":"Mysterious Sphere","floor":42,"gold_loss":0},{"cards_removed":["Defend_R"],"damage_healed":0,"gold_gain":0,"player_choice":"Removed Skill","damage_taken":0,"max_hp_gain":0,"max_hp_loss":0,"event_name":"Falling","floor":47,"gold_loss":0}],"is_beta":false,"boss_relics":[{"not_picked":["Empty Cage","White Beast Statue"],"picked":"Orrery"},{"not_picked":["Tiny House","Black Blood"],"picked":"Busted Crown"}],"items_purged_floors":[4,30],"is_endless":false,"potions_floor_spawned":[5,6,8,28,29,31,35,37,48],"ascension_level":8}