{"gold_per_floor":[11,25,41,56,72,72,72,91,91,117,135,163,163,182,182,282,282,297,297,310,28,44,77,77,89,136,150,166,166,180,207,207,207],"floor_reached":33,"playtime":4427,"items_purged":[],"score":330,"play_id":"93f5bd24-ed9b-4680-b492-126c91528504","local_time":"20180708100005","is_ascension_mode":false,"campfire_choices":[{"data":"Feed","floor":7.0,"key":"SMITH"},{"data":"Iron Wave","floor":13.0,"key":"SMITH"},{"floor":15.0,"key":"REST"},{"floor":24,"key":"REST"},{"floor":29,"key":"REST"},{"data":"Perfected Strike","floor":32,"key":"SMITH"}],"neow_cost":"NO_GOLD","seed_source_timestamp":0,"circlet_count":0,"master_deck":["Strike_R","Strike_R","Strike_R","Strike_R","Defend_R","Defend_R","Defend_R","Bash","Perfected Strike","Perfected Strike","Clash","Feed+1","Perfected Strike+1","Berserk","Reckless Charge","Fire Breathing","Iron Wave+1","Double Tap+1","Impervious+1","Armaments+1","Iron Wave","Shockwave+1","Flame Barrier+1","Clash","Fire Breathing","Pommel Strike+1","Impervious+1"],"special_seed":17719,"relics":["Burning Blood","Toxic Egg 2","Darkstone Periapt","Strawberry","Sozu","Unceasing Top","Paper Frog","Bag of Preparation","Blood Vial","Orichalcum"],"potions_floor_usage":[33,33,33],"damage_taken":[{"damage":5.0,"enemies":"Jaw Worm","floor":1.0,"turns":4.0},{"damage":3.0,"enemies":"Small Slimes","floor":2.0,"turns":3.0},{"damage":0.0,"enemies":"2 Louse","floor":3.0,"turns":2.0},{"damage":7.0,"enemies":"Blue Slaver","floor":4.0,"turns":2.0},{"damage":9.0,"enemies":"2 Fungi Beasts","floor":5.0,"turns":4.0},{"damage":10.0,"enemies":"Looter","floor":8.0,"turns":2.0},{"damage":19.0,"enemies":"3 Sentries","floor":10.0,"turns":6.0},{"damage":11.0,"enemies":"Large Slime","floor":11.0,"turns":3.0},{"damage":11.0,"enemies":"Gremlin Nob","floor":12.0,"turns":3.0},{"damage":11.0,"enemies":"Blue Slaver","floor":14.0,"turns":3.0},{"damage":16.0,"enemies":"Slime Boss","floor":16.0,"turns":5.0},{"damage":20,"enemies":"2 Thieves","floor":18,"turns":3},{"damage":0,"enemies":"Spheric Guardian","floor":20,"turns":3},{"damage":14,"enemies":"Snake Plant","floor":22,"turns":3},{"damage":39,"enemies":"Book of Stabbing","floor":23,"turns":5},{"damage":12,"enemies":"Chosen and Byrds","floor":25,"turns":6},{"damage":15,"enemies":"Sentry and Sphere","floor":27,"turns":4},{"damage":4,"enemies":"Snecko","floor":28,"turns":5},{"damage":0,"enemies":"Chosen and Byrds","floor":30,"turns":3},{"damage":26,"enemies":"Gremlin Leader","floor":31,"turns":7},{"damage":105,"enemies":"Collector","floor":33,"turns":7}],"seed_played":"-5610983590349585426","potions_obtained":[{"floor":3.0,"key":"BloodPotion"},{"floor":8.0,"key":"BloodPotion"},{"floor":11.0,"key":"Fire Potion"},{"floor":12.0,"key":"Explosive Potion"},{"floor":16.0,"key":"SpeedPotion"}],"is_trial":false,"path_per_floor":["M","M","M","M","M","?","R","M","T","E","M","E","R","M","R","B",null,"M","?","M","$","M","E","R","M","T","M","M","R","M","E","R"],"character_chosen":"IRONCLAD","items_purchased":["Shockwave+1","Paper Frog"],"campfire_rested":3,"item_purchase_floors":[21,21],"current_hp_per_floor":[80,80,80,79,79,79,79,75,75,62,61,63,63,58,86,76,94,84,84,90,90,82,49,78,72,72,65,69,98,98,78,78,0],"gold":207,"neow_bonus":"TRANSFORM_TWO_CARDS","is_prod":false,"is_daily":false,"chose_seed":false,"campfire_upgraded":3,"win_rate":0.0,"timestamp":1531058405,"path_taken":["M","M","M","M","M","?","R","M","T","E","M","E","R","M","R","BOSS","M","?","M","$","M","E","R","M","T","M","M","R","M","E","R","BOSS"],"build_version":"2018-07-05","purchased_purges":0,"victory":false,"max_hp_per_floor":[80,80,80,80,83,83,83,83,83,83,87,94,94,94,94,94,94,98,98,98,98,98,98,98,98,98,98,98,98,98,98,98,98],"card_choices":[{"not_picked":["Anger","Rage"],"picked":"Perfected Strike","floor":1.0},{"not_picked":["Cleave","Pummel"],"picked":"Clash","floor":2.0},{"not_picked":["Reckless Charge","Clash"],"picked":"Feed","floor":3.0},{"not_picked":["Second Wind","Dropkick","Sever Soul"],"picked":"SKIP","floor":4.0},{"not_picked":["Clash","Thunderclap"],"picked":"Perfected Strike","floor":5.0},{"not_picked":["Clothesline","Flex","Twin Strike"],"picked":"SKIP","floor":8.0},{"not_picked":["Pommel Strike","Sword Boomerang"],"picked":"Reckless Charge","floor":10.0},{"not_picked":["Uppercut","Clothesline"],"picked":"Fire Breathing","floor":11.0},{"not_picked":["Pommel Strike","Twin Strike"],"picked":"Iron Wave","floor":12.0},{"not_picked":["Warcry+1","Pommel Strike"],"picked":"Double Tap+1","floor":14.0},{"not_picked":["Feed","Reaper"],"picked":"Impervious+1","floor":16.0},{"not_picked":["Pommel Strike","Power Through+1"],"picked":"Armaments+1","floor":18},{"not_picked":["Hemokinesis+1","Blood for Blood"],"picked":"Iron Wave","floor":20},{"not_picked":["Clothesline","Iron Wave","True Grit+1"],"picked":"SKIP","floor":22},{"not_picked":["Corruption","Spot Weakness+1"],"picked":"Flame Barrier+1","floor":23},{"not_picked":["Iron Wave","True Grit+1"],"picked":"Clash","floor":25},{"not_picked":["Thunderclap","Cleave"],"picked":"Fire Breathing","floor":27},{"not_picked":["Disarm+1","Shrug It Off+1"],"picked":"Pommel Strike+1","floor":28},{"not_picked":["Cleave","Burning Pact+1","Combust+1"],"picked":"SKIP","floor":30},{"not_picked":["Carnage","Heavy Blade"],"picked":"Impervious+1","floor":31}],"player_experience":29250,"relics_obtained":[{"floor":9.0,"key":"Toxic Egg 2"},{"floor":10.0,"key":"Darkstone Periapt"},{"floor":12.0,"key":"Strawberry"},{"floor":23,"key":"Bag of Preparation"},{"floor":26,"key":"Blood Vial"},{"floor":31,"key":"Orichalcum"}],"event_choices":[{"event_name":"Living Wall","player_choice":"Change","floor":6.0,"damage_taken":0.0},{"event_name":"The Mausoleum","player_choice":"Yes","floor":19,"damage_taken":0}],"boss_relics":[{"not_picked":["Mark of Pain","Tiny House"],"picked":"Sozu"}],"items_purged_floors":[],"is_endless":false,"potions_floor_spawned":[3,8,11,12,16,22,30],"killed_by":"Collector","ascension_level":0}