{"path_per_floor":["M","M","M","M","M","R","$","R","T","E","M","R","M","M","R","B",null,"M","$","M","?","$","E","M","M","T"],"character_chosen":"DEFECT","items_purchased":["FTL","Static Discharge","Blind"],"gold_per_floor":[209,222,234,250,265,265,37,37,37,65,78,78,95,106,106,211,211,227,23,39,39,39,73,87,99,154,154],"floor_reached":27,"campfire_rested":3,"playtime":1152,"current_hp_per_floor":[74,72,70,70,58,75,75,75,75,56,49,71,55,51,73,24,75,66,66,64,64,64,45,33,9,9,0],"items_purged":["Strike_B","Strike_B"],"gold":154,"score":239,"play_id":"ddc33120-4967-4d82-843d-e2d1c9bda5ee","local_time":"20180427124917","is_prod":false,"is_daily":false,"chose_seed":false,"is_ascension_mode":false,"campfire_upgraded":1,"timestamp":1524854957,"path_taken":["M","M","M","M","M","R","$","R","T","E","M","R","M","M","R","BOSS","M","$","M","?","$","E","?","M","T","M"],"build_version":"2018-04-26v2","seed_source_timestamp":1373494538944535,"purchased_purges":2,"victory":false,"master_deck":["Strike_B","Strike_B","Defend_B","Defend_B","Defend_B","Defend_B","Zap","Dualcast","Glacier","Seek","Doom and Gloom","All For One","Axe Kick+1","FTL+1","Static Discharge+1","Go for the Eyes","Static Discharge","Go for the Eyes","Streamline","FTL","Loop","Biased Cognition","Go for the Eyes","Impulse","Beam Cell","White Noise","Flux Capacitor","Rebound","Blind","Capacitor","Fission","Capacitor+1","Streamline"],"max_hp_per_floor":[75,75,75,75,75,75,75,75,75,75,75,75,75,75,75,75,75,75,75,75,75,75,75,75,75,75,75],"relics":["Cracked Core","Whetstone","Dream Catcher","Orrery","Pantograph","Bronze Scales"],"card_choices":[{"not_picked":["Go for the Eyes","Barrage"],"picked":"Glacier","floor":1},{"not_picked":["Axe Kick","Streamline"],"picked":"Seek","floor":2},{"not_picked":["Axe Kick","Glacier"],"picked":"Doom and Gloom","floor":3},{"not_picked":["Hologram","Flux Capacitor"],"picked":"All For One","floor":4},{"not_picked":["Conserve Battery","Hello World"],"picked":"Axe Kick","floor":5},{"not_picked":["Conserve Battery","Hello World"],"picked":"Go for the Eyes","floor":10},{"not_picked":["Skim","Aggregate"],"picked":"Static Discharge","floor":11},{"not_picked":["Rebound","Skim"],"picked":"Go for the Eyes","floor":12},{"not_picked":["Static Discharge","Glacier"],"picked":"Streamline","floor":13},{"not_picked":["Ball Lightning","Seek"],"picked":"FTL","floor":14},{"not_picked":["Rebound","Capacitor"],"picked":"Loop","floor":15},{"not_picked":["Fusion","Redo"],"picked":"Biased Cognition","floor":16},{"not_picked":["Hologram","Ball Lightning"],"picked":"Go for the Eyes","floor":17},{"not_picked":["Blaster","Hologram"],"picked":"Impulse","floor":17},{"not_picked":["Go for the Eyes","Axe Kick"],"picked":"Beam Cell","floor":17},{"not_picked":["Redo","Sweeping Beam"],"picked":"White Noise","floor":17},{"not_picked":["Reinforced Body","Double Energy"],"picked":"Flux Capacitor","floor":17},{"not_picked":["Skim","Impulse"],"picked":"Rebound","floor":18},{"not_picked":["Impulse","Sweeping Beam"],"picked":"Capacitor","floor":20},{"not_picked":["Heatsinks","Capacitor"],"picked":"Fission","floor":23},{"not_picked":["Aggregate","Cold Snap"],"picked":"Capacitor","floor":24},{"not_picked":["Axe Kick","Leap"],"picked":"Streamline","floor":25}],"player_experience":289813,"potions_floor_usage":[16,16,24,25,25,27],"damage_taken":[{"damage":1,"enemies":"Small Slimes","floor":1,"turns":4},{"damage":2,"enemies":"2 Louse","floor":2,"turns":3},{"damage":2,"enemies":"Cultist","floor":3,"turns":5},{"damage":0,"enemies":"Exordium Wildlife","floor":4,"turns":5},{"damage":12,"enemies":"2 Fungi Beasts","floor":5,"turns":3},{"damage":19,"enemies":"Gremlin Nob","floor":10,"turns":4},{"damage":7,"enemies":"Blue Slaver","floor":11,"turns":2},{"damage":16,"enemies":"Exordium Wildlife","floor":13,"turns":2},{"damage":4,"enemies":"Red Slaver","floor":14,"turns":2},{"damage":49,"enemies":"The Guardian","floor":16,"turns":5},{"damage":9,"enemies":"Chosen","floor":18,"turns":4},{"damage":2,"enemies":"Spheric Guardian","floor":20,"turns":6},{"damage":19,"enemies":"Book of Stabbing","floor":23,"turns":2},{"damage":12,"enemies":"Snake Plant","floor":24,"turns":3},{"damage":24,"enemies":"Centurion and Healer","floor":25,"turns":3},{"damage":11,"enemies":"Cultist and Chosen","floor":27,"turns":2}],"event_choices":[{"event_name":"Beggar","player_choice":"Ignored","floor":21,"damage_taken":0}],"boss_relics":[{"not_picked":["Tiny House","White Beast Statue"],"picked":"Orrery"}],"potions_floor_spawned":[1,5,11,14,18,24,25],"seed_played":"2279589095232175302","killed_by":"Cultist and Chosen","ascension_level":0,"is_trial":false}