{"gold_per_floor":[114,114,264,264,24,35,35,65,92,110,130,40,40,65,65,142,142,102,102,17,31,45,45,45],"floor_reached":24,"playtime":1008,"items_purged":["Doubt"],"score":388,"play_id":"c3b22de4-8a3e-4490-87cd-755a9948c175","local_time":"20181201174119","is_ascension_mode":true,"campfire_choices":[{"floor":7,"key":"REST"},{"floor":13,"key":"REST"},{"floor":15,"key":"REST"},{"floor":23,"key":"REST"}],"neow_cost":"NONE","seed_source_timestamp":1484171097031233,"circlet_count":0,"master_deck":["AscendersBane","Defend_G+1","Defend_G+1","Defend_G+1","Defend_G+1","Defend_G+1","Strike_G+1","Strike_G+1","Strike_G+1","Strike_G+1","Strike_G+1","Survivor","Neutralize+1","Dagger Spray","Crippling Poison","Noxious Fumes","Slice","Dodge and Roll","Escape Plan","Leg Sweep","Caltrops","Adrenaline","Catalyst","Blade Dance+1"],"relics":["Black Star","Boot","Bag of Marbles","Pen Nib","Shovel","Gambling Chip","Eternal Feather","Shuriken"],"potions_floor_usage":[8,14,14,18],"damage_taken":[{"damage":0,"enemies":"2 Louse","floor":1,"turns":3},{"damage":9,"enemies":"Small Slimes","floor":6,"turns":3},{"damage":30,"enemies":"Gremlin Nob","floor":8,"turns":5},{"damage":3,"enemies":"Jaw Worm","floor":10,"turns":4},{"damage":1,"enemies":"Large Slime","floor":11,"turns":5},{"damage":5,"enemies":"3 Sentries","floor":14,"turns":5},{"damage":5,"enemies":"The Guardian","floor":16,"turns":13},{"damage":5,"enemies":"2 Thieves","floor":18,"turns":2},{"damage":10,"enemies":"Shell Parasite","floor":21,"turns":7},{"damage":39,"enemies":"Snecko","floor":22,"turns":8},{"damage":42,"enemies":"Book of Stabbing","floor":24,"turns":3}],"seed_played":"-1862491354686742215","potions_obtained":[{"floor":1,"key":"AttackPotion"},{"floor":8,"key":"Strength Potion"},{"floor":11,"key":"Strength Potion"},{"floor":16,"key":"SmokeBomb"},{"floor":22,"key":"Explosive Potion"}],"is_trial":false,"path_per_floor":["M","?","?","?","$","M","R","E","T","M","M","$","R","E","R","B",null,"M","?","?","M","M","R","E"],"character_chosen":"THE_SILENT","items_purchased":["Crippling Poison","Noxious Fumes","Caltrops"],"campfire_rested":4,"item_purchase_floors":[5,5,12],"current_hp_per_floor":[59,59,59,39,39,30,49,19,19,16,15,15,34,29,48,43,60,55,55,55,45,6,37,0],"gold":45,"neow_bonus":"BOSS_RELIC","is_prod":false,"is_daily":false,"chose_seed":false,"campfire_upgraded":0,"win_rate":0,"timestamp":1543704079,"path_taken":["M","?","?","?","$","M","R","E","T","M","M","?","R","E","R","BOSS","M","?","?","M","M","R","E"],"build_version":"2018-11-15","purchased_purges":1,"victory":false,"max_hp_per_floor":[66,66,66,66,66,66,66,66,66,66,66,66,66,66,66,66,66,66,66,66,66,66,66,66],"card_choices":[{"not_picked":["Calculated Gamble","Finisher"],"picked":"Dagger Spray","floor":1},{"not_picked":["Concentrate","Dodge and Roll"],"picked":"Slice","floor":6},{"not_picked":["Acrobatics","Night Terror"],"picked":"Dodge and Roll","floor":8},{"not_picked":["Infinite Blades","Outmaneuver"],"picked":"Escape Plan","floor":10},{"not_picked":["Backflip","Poisoned Stab"],"picked":"Leg Sweep","floor":11},{"not_picked":["Heel Hook","Flechettes","Blade Dance"],"picked":"SKIP","floor":14},{"not_picked":["Storm of Steel","Night Terror"],"picked":"Adrenaline","floor":16},{"not_picked":["Deadly Poison","Concentrate"],"picked":"Catalyst","floor":21},{"not_picked":["Bane","Sucker Punch"],"picked":"Blade Dance+1","floor":22}],"player_experience":577781,"relics_obtained":[{"floor":8,"key":"Boot"},{"floor":8,"key":"Bag of Marbles"},{"floor":9,"key":"Pen Nib"},{"floor":14,"key":"Shovel"},{"floor":14,"key":"Gambling Chip"}],"event_choices":[{"damage_healed":0,"gold_gain":0,"player_choice":"Grow","damage_taken":0,"max_hp_gain":0,"max_hp_loss":0,"event_name":"Living Wall","floor":2,"gold_loss":0,"cards_upgraded":["Neutralize"]},{"damage_healed":0,"gold_gain":150,"player_choice":"AGREE","damage_taken":0,"max_hp_gain":0,"max_hp_loss":0,"event_name":"Liars Game","floor":3,"gold_loss":0,"cards_obtained":["Doubt"]},{"damage_healed":0,"gold_gain":0,"player_choice":"Entered Light","damage_taken":20,"max_hp_gain":0,"max_hp_loss":0,"event_name":"Shining Light","floor":4,"gold_loss":0,"cards_upgraded":["Strike_G","Defend_G"]},{"damage_healed":0,"gold_gain":0,"player_choice":"Simplicity","damage_taken":0,"max_hp_gain":0,"max_hp_loss":0,"event_name":"Back to Basics","floor":19,"gold_loss":0,"cards_upgraded":["Defend_G","Defend_G","Defend_G","Defend_G","Strike_G","Strike_G","Strike_G","Strike_G"]},{"damage_healed":0,"gold_gain":0,"player_choice":"Obtained Relic","damage_taken":0,"relics_obtained":["Shuriken"],"max_hp_gain":0,"max_hp_loss":0,"event_name":"Addict","floor":20,"gold_loss":85}],"is_beta":false,"boss_relics":[{"not_picked":["Fusion Hammer","Calling Bell"],"picked":"Eternal Feather"}],"items_purged_floors":[5],"is_endless":false,"potions_floor_spawned":[1,8,11,16,18,22],"killed_by":"Book of Stabbing","ascension_level":18}