{"gold_per_floor":[110,121,121,137,137,137,163,173,173,185,231,243,12,27,27,27],"floor_reached":16,"playtime":1192,"items_purged":[],"score":116,"play_id":"c5b9e74b-e090-4c0b-a122-bb975e7cbdf2","local_time":"20190307153809","is_ascension_mode":true,"campfire_choices":[{"data":"Reaper","floor":6,"key":"SMITH"},{"data":"Armaments","floor":12,"key":"SMITH"},{"data":"Disarm","floor":15,"key":"SMITH"}],"neow_cost":"NONE","seed_source_timestamp":0,"circlet_count":0,"master_deck":["Strike_R","Strike_R","Strike_R","Strike_R","Strike_R","Defend_R","Defend_R","Defend_R+1","Defend_R+1","Bash","Feel No Pain","Reaper+1","True Grit","Parasite","Armaments+1","Disarm+1"],"special_seed":0,"relics":["Burning Blood","Centennial Puzzle","Vajra","MawBank","Dodecahedron","Self Forming Clay"],"potions_floor_usage":[],"damage_taken":[{"damage":4.0,"enemies":"Jaw Worm","floor":1.0,"turns":5.0},{"damage":0,"enemies":"2 Louse","floor":2,"turns":2},{"damage":6,"enemies":"Cultist","floor":4,"turns":3},{"damage":40,"enemies":"3 Sentries","floor":7,"turns":12},{"damage":14,"enemies":"3 Louse","floor":8,"turns":4},{"damage":24,"enemies":"Gremlin Nob","floor":11,"turns":5},{"damage":5,"enemies":"Looter","floor":14,"turns":4},{"damage":56,"enemies":"Slime Boss","floor":16,"turns":5}],"seed_played":"-8054327594895809875","potions_obtained":[{"floor":2,"key":"SkillPotion"},{"floor":14,"key":"PowerPotion"}],"is_trial":false,"path_per_floor":["M","M","?","M","?","R","E","M","T","?","E","R","$","M","R","B"],"character_chosen":"IRONCLAD","items_purchased":["Self Forming Clay"],"campfire_rested":0,"item_purchase_floors":[13],"current_hp_per_floor":[80,80,64,64,57,57,38,42,42,62,44,44,44,45,45,0],"gold":27,"neow_bonus":"RANDOM_COMMON_RELIC","is_prod":false,"is_daily":false,"chose_seed":false,"campfire_upgraded":3,"win_rate":0,"timestamp":1551969489,"path_taken":["M","M","?","M","?","R","E","M","T","?","E","R","$","M","R","BOSS"],"build_version":"2019-01-23","purchased_purges":0,"victory":false,"max_hp_per_floor":[80,80,80,80,80,80,80,80,80,80,80,80,80,80,80,80],"card_choices":[{"not_picked":["Wild Strike","Thunderclap"],"picked":"Dropkick","floor":1},{"not_picked":["Clothesline","Cleave"],"picked":"Feel No Pain","floor":2},{"not_picked":["Warcry","Pommel Strike"],"picked":"Reaper","floor":4},{"not_picked":["Iron Wave","Wild Strike"],"picked":"True Grit","floor":7},{"not_picked":["Hemokinesis","Flex","Entrench"],"picked":"SKIP","floor":8},{"not_picked":["Sword Boomerang","Combust"],"picked":"Armaments","floor":11},{"not_picked":["Rupture","Iron Wave"],"picked":"Disarm","floor":14}],"player_experience":54045,"relics_obtained":[{"floor":7,"key":"Vajra"},{"floor":9,"key":"MawBank"},{"floor":11,"key":"Dodecahedron"}],"event_choices":[{"damage_healed":0,"gold_gain":0,"player_choice":"Entered Light","damage_taken":16,"max_hp_gain":0,"max_hp_loss":0,"event_name":"Shining Light","floor":3,"gold_loss":0,"cards_upgraded":["Defend_R","Defend_R"]},{"cards_removed":["Dropkick"],"damage_healed":0,"gold_gain":0,"player_choice":"Card Removal","damage_taken":7,"max_hp_gain":0,"max_hp_loss":0,"event_name":"Golden Wing","floor":5,"gold_loss":0},{"damage_healed":20,"gold_gain":0,"player_choice":"Healed and dodged fight","damage_taken":0,"max_hp_gain":0,"max_hp_loss":0,"event_name":"Mushrooms","floor":10,"gold_loss":0,"cards_obtained":["Parasite"]}],"is_beta":false,"boss_relics":[],"items_purged_floors":[],"is_endless":false,"potions_floor_spawned":[2,14],"killed_by":"Slime Boss","ascension_level":1}