{"gold_per_floor":[117,131,151,168,185,185,216,230,230,230,245,33,62,73,73,150,150,167,187,187,200,200,226,226,226,226,6,6,6,38,53,53,128,128,148,148,0,0,0,0,18,18,18,18,18,18,36,36,36,36],"floor_reached":51,"playtime":4937,"items_purged":["Strike_G"],"score":1276,"play_id":"72ebb4d3-8038-4a5f-a32d-e8bbc0118326","local_time":"20190126225559","is_ascension_mode":true,"campfire_choices":[{"data":"Poisoned Stab","floor":6.0,"key":"SMITH"},{"floor":10.0,"key":"REST"},{"floor":15.0,"key":"REST"},{"floor":24.0,"key":"REST"},{"floor":25.0,"key":"REST"},{"data":"Footwork","floor":29.0,"key":"SMITH"},{"data":"Caltrops","floor":32.0,"key":"SMITH"},{"data":"Well Laid Plans","floor":40.0,"key":"SMITH"},{"data":"Corpse Explosion","floor":42.0,"key":"SMITH"},{"data":"Madness","floor":44.0,"key":"SMITH"},{"floor":49,"key":"REST"}],"neow_cost":"NONE","seed_source_timestamp":1408465254829864,"circlet_count":0,"master_deck":["AscendersBane","Defend_G","Defend_G","Defend_G","Defend_G","Defend_G","Strike_G","Strike_G","Strike_G","Strike_G","Survivor","Cloak And Dagger","Dagger Throw","Poisoned Stab+1","Caltrops+1","Adrenaline","Calculated Gamble","Dodge and Roll","Dagger Spray","Footwork+1","Well Laid Plans","Finesse","Venomology","Dash","After Image","PiercingWail","Deflect","Die Die Die","Deflect+1","Leg Sweep","Crippling Poison","Well Laid Plans+1","Backflip","Writhe","Dodge and Roll","Corpse Explosion+1","Madness+1","Madness","Escape Plan+1","Crippling Poison"],"special_seed":0,"relics":["Ring of the Snake","Orichalcum","Dream Catcher","Singing Bowl","Omamori","Orrery","WarpedTongs","WingedGreaves","Molten Egg 2","The Courier","ClockworkSouvenir","Ginger","Pear","Busted Crown","Red Mask","Darkstone Periapt"],"potions_floor_usage":[47,47,47,50],"damage_taken":[{"damage":3.0,"enemies":"Cultist","floor":1.0,"turns":5.0},{"damage":0.0,"enemies":"2 Louse","floor":2.0,"turns":2.0},{"damage":1.0,"enemies":"Jaw Worm","floor":3.0,"turns":4.0},{"damage":6.0,"enemies":"Looter","floor":4.0,"turns":4.0},{"damage":13.0,"enemies":"Exordium Wildlife","floor":5.0,"turns":4.0},{"damage":20.0,"enemies":"Gremlin Nob","floor":7.0,"turns":4.0},{"damage":1.0,"enemies":"Large Slime","floor":8.0,"turns":5.0},{"damage":2.0,"enemies":"Blue Slaver","floor":11.0,"turns":3.0},{"damage":13.0,"enemies":"Lagavulin","floor":13.0,"turns":9.0},{"damage":2.0,"enemies":"Exordium Wildlife","floor":14.0,"turns":3.0},{"damage":25.0,"enemies":"Hexaghost","floor":16.0,"turns":10.0},{"damage":9.0,"enemies":"Shell Parasite","floor":18.0,"turns":7.0},{"damage":3.0,"enemies":"3 Byrds","floor":19.0,"turns":5.0},{"damage":10.0,"enemies":"Centurion and Healer","floor":21.0,"turns":11.0},{"damage":38.0,"enemies":"Slavers","floor":23.0,"turns":6.0},{"damage":5.0,"enemies":"Book of Stabbing","floor":30.0,"turns":7.0},{"damage":0.0,"enemies":"Snecko","floor":31.0,"turns":8.0},{"damage":32.0,"enemies":"Champ","floor":33.0,"turns":19.0},{"damage":0.0,"enemies":"3 Shapes","floor":35.0,"turns":5.0},{"damage":7.0,"enemies":"3 Darklings","floor":41.0,"turns":4.0},{"damage":13,"enemies":"Maw","floor":47,"turns":10},{"damage":50,"enemies":"Time Eater","floor":50,"turns":17}],"seed_played":"1473881688091020598","potions_obtained":[{"floor":3.0,"key":"Explosive Potion"},{"floor":7.0,"key":"Poison Potion"},{"floor":8.0,"key":"SkillPotion"},{"floor":13.0,"key":"Strength Potion"},{"floor":16.0,"key":"Dexterity Potion"},{"floor":30.0,"key":"Weak Potion"},{"floor":35.0,"key":"SpeedPotion"},{"floor":41.0,"key":"SteroidPotion"}],"is_trial":false,"path_per_floor":["M","M","M","M","M","R","E","M","T","R","M","$","E","M","R","B",null,"M","M","?","M","?","E","R","R","T","$","?","R","E","M","R","B",null,"M","?","?","?","$","R","M","R","T","R","?","$","M","$","R","B",null],"character_chosen":"THE_SILENT","items_purchased":["Well Laid Plans","Finesse","ClockworkSouvenir","Backflip"],"campfire_rested":5,"item_purchase_floors":[12,12,27,27],"current_hp_per_floor":[56,56,55,49,36,36,16,15,15,34,32,32,19,19,39,14,59,52,51,51,41,41,3,25,47,47,47,47,47,52,54,54,22,72,74,58,58,58,58,58,51,51,51,51,53,53,40,40,69,19],"gold":36,"neow_bonus":"RANDOM_COMMON_RELIC","is_prod":false,"is_daily":false,"chose_seed":false,"campfire_upgraded":6,"win_rate":0,"timestamp":1548561359,"path_taken":["M","M","M","M","M","R","E","M","T","R","M","$","E","M","R","BOSS","M","M","?","?","?","E","R","R","T","$","?","R","E","M","R","BOSS","M","?","?","?","$","R","?","R","T","R","?","?","?","$","R","BOSS"],"build_version":"2019-01-23","purchased_purges":1,"victory":true,"max_hp_per_floor":[66,66,66,66,66,66,66,66,66,66,66,66,66,68,68,68,72,74,76,76,76,76,76,76,76,76,76,76,76,86,88,88,88,88,90,90,90,90,90,90,90,90,90,90,92,92,92,92,94,94],"card_choices":[{"not_picked":["Underhanded Strike","Accuracy"],"picked":"Cloak And Dagger","floor":1.0},{"not_picked":["Blur","Finisher"],"picked":"Dagger Throw","floor":2.0},{"not_picked":["Underhanded Strike","Infinite Blades"],"picked":"Poisoned Stab","floor":3.0},{"not_picked":["Outmaneuver","Flying Knee"],"picked":"Caltrops","floor":4.0},{"not_picked":["Endless Agony","Cloak And Dagger"],"picked":"Adrenaline","floor":5.0},{"not_picked":["Blade Dance","Flying Knee"],"picked":"Calculated Gamble","floor":7.0},{"not_picked":["Dagger Throw","Slice"],"picked":"Dodge and Roll","floor":8.0},{"not_picked":["Caltrops","Blade Dance"],"picked":"Dagger Spray","floor":10.0},{"not_picked":["PiercingWail","Concentrate"],"picked":"Footwork","floor":11.0},{"not_picked":["Flying Knee","Escape Plan"],"picked":"Venomology","floor":13.0},{"not_picked":["Bane","Quick Slash","Acrobatics"],"picked":"Singing Bowl","floor":14.0},{"not_picked":["PiercingWail","Blade Dance"],"picked":"Dash","floor":15.0},{"not_picked":["Malaise","Bullet Time"],"picked":"After Image","floor":16.0},{"not_picked":["Sucker Punch","Dagger Throw","Underhanded Strike"],"picked":"Singing Bowl","floor":17.0},{"not_picked":["Distraction","Dagger Throw","Skewer"],"picked":"Singing Bowl","floor":17.0},{"not_picked":["Well Laid Plans","Underhanded Strike"],"picked":"PiercingWail","floor":17.0},{"not_picked":["Terror","Predator"],"picked":"Deflect","floor":17.0},{"not_picked":["Sucker Punch","Flying Knee"],"picked":"Die Die Die","floor":17.0},{"not_picked":["Dagger Throw+1","Setup","Quick Slash+1"],"picked":"Singing Bowl","floor":18.0},{"not_picked":["Deadly Poison","Blade Dance","Catalyst"],"picked":"Singing Bowl","floor":19.0},{"not_picked":["Blade Dance","Concentrate"],"picked":"Deflect+1","floor":21.0},{"not_picked":["Bullet Time","Backflip"],"picked":"Leg Sweep","floor":23.0},{"not_picked":["Well Laid Plans","Dodge and Roll"],"picked":"Crippling Poison","floor":24.0},{"not_picked":["Prepared","Calculated Gamble"],"picked":"Well Laid Plans","floor":25.0},{"not_picked":["Endless Agony+1","Dagger Throw+1"],"picked":"Dodge and Roll","floor":30.0},{"not_picked":["Prepared","Dagger Throw+1","Bouncing Flask"],"picked":"Singing Bowl","floor":31.0},{"not_picked":["Wraith Form v2","Storm of Steel"],"picked":"Corpse Explosion","floor":33.0},{"not_picked":["Prepared"],"picked":"Singing Bowl","floor":35.0},{"not_picked":[],"picked":"Escape Plan+1","floor":41.0},{"not_picked":["Finesse"],"picked":"Singing Bowl","floor":45.0},{"not_picked":[],"picked":"Crippling Poison","floor":47},{"not_picked":["Slice+1"],"picked":"Singing Bowl","floor":49}],"player_experience":619890,"relics_obtained":[{"floor":7.0,"key":"Dream Catcher"},{"floor":9.0,"key":"Singing Bowl"},{"floor":13.0,"key":"Omamori"},{"floor":23.0,"key":"Molten Egg 2"},{"floor":26.0,"key":"The Courier"},{"floor":30.0,"key":"Pear"},{"floor":43.0,"key":"Darkstone Periapt"}],"event_choices":[{"damage_healed":0.0,"max_hp_gain":0.0,"max_hp_loss":0.0,"gold_gain":0.0,"event_name":"Accursed Blacksmith","player_choice":"Rummage","floor":20.0,"gold_loss":0.0,"damage_taken":0.0,"relics_obtained":["WarpedTongs"],"cards_obtained":["Pain"]},{"damage_healed":0.0,"max_hp_gain":0.0,"max_hp_loss":0.0,"gold_gain":0.0,"event_name":"Addict","player_choice":"Stole Relic","floor":22.0,"gold_loss":0.0,"damage_taken":0.0,"relics_obtained":["WingedGreaves"],"cards_obtained":["Shame"]},{"damage_healed":0.0,"max_hp_gain":0.0,"max_hp_loss":0.0,"gold_gain":0.0,"event_name":"The Mausoleum","player_choice":"Opened","floor":28.0,"gold_loss":0.0,"damage_taken":0.0,"relics_obtained":["Ginger"],"cards_obtained":["Writhe"]},{"damage_healed":0.0,"max_hp_gain":0.0,"max_hp_loss":0.0,"gold_gain":0.0,"event_name":"Winding Halls","player_choice":"Embrace Madness","floor":36.0,"gold_loss":0.0,"damage_taken":16.0,"cards_obtained":["Madness","Madness"]},{"damage_healed":0.0,"max_hp_gain":0.0,"max_hp_loss":0.0,"gold_gain":0.0,"event_name":"Tomb of Lord Red Mask","player_choice":"Paid","floor":37.0,"gold_loss":148.0,"damage_taken":0.0,"relics_obtained":["Red Mask"]},{"cards_removed":["Neutralize"],"damage_healed":0.0,"max_hp_gain":0.0,"max_hp_loss":0.0,"gold_gain":0.0,"event_name":"Falling","player_choice":"Removed Attack","floor":38.0,"gold_loss":0.0,"damage_taken":0.0},{"damage_healed":0.0,"max_hp_gain":0.0,"max_hp_loss":0.0,"gold_gain":0.0,"event_name":"SensoryStone","player_choice":"Memory 1","floor":45.0,"gold_loss":0.0,"damage_taken":0.0}],"is_beta":false,"boss_relics":[{"not_picked":["Fusion Hammer","Lizard Tail"],"picked":"Orrery"},{"not_picked":["Snecko Eye","Velvet Choker"],"picked":"Busted Crown"}],"items_purged_floors":[12],"is_endless":false,"potions_floor_spawned":[3,7,8,13,14,16,21,30,35,41],"ascension_level":18}