{"path_per_floor":["M","?","M","?","$","R","E","M","T","M","?","M","E","M","R","B",null,"M","T","?","$","M"],"character_chosen":"THE_SILENT","items_purchased":["Poisoned Stab","Question Card","Regen Potion"],"gold_per_floor":[368,368,381,381,35,35,60,74,97,108,108,120,145,159,159,256,256,269,269,269,119,136,136],"floor_reached":23,"campfire_rested":2,"playtime":732,"current_hp_per_floor":[29,29,24,17,17,38,16,18,18,13,36,47,30,28,49,46,72,66,66,66,66,46,0],"items_purged":["Strike_G","Strike_G"],"gold":136,"score":221,"play_id":"4f1b33ba-8873-4be7-aad0-a2908257bba3","local_time":"20180330165522","is_prod":false,"is_daily":false,"is_ascension_mode":true,"campfire_upgraded":0,"timestamp":1522450522,"path_taken":["M","?","M","?","?","R","E","M","T","?","?","M","E","M","R","BOSS","M","?","?","$","?","E"],"build_version":"2018-03-29v2","purchased_purges":2,"victory":false,"master_deck":["Defend_G","Defend_G","Defend_G","Strike_G","Strike_G","Strike_G","Survivor","Neutralize","Backflip","Leg Sweep","Poisoned Stab","Deadly Poison","Poisoned Stab","Bane","Bouncing Flask","Deadly Poison","Envenom","Crippling Poison","Deadly Poison"],"max_hp_per_floor":[70,70,70,70,70,70,70,70,70,70,70,70,72,72,72,72,72,72,72,72,72,74,74],"relics":["Ring of the Snake","Question Card","Meat on the Bone","Singing Bowl","Shuriken","Eternal Feather","Torii"],"card_choices":[{"not_picked":["Endless Agony","Acrobatics"],"picked":"Backflip","floor":1},{"not_picked":["Dodge and Roll","Heel Hook"],"picked":"Leg Sweep","floor":3},{"not_picked":["Expertise","Flying Knee","Dagger Throw"],"picked":"Deadly Poison","floor":7},{"not_picked":["Sucker Punch","Dagger Spray","Expertise"],"picked":"Poisoned Stab","floor":8},{"not_picked":["Deflect","Outmaneuver","Eviscerate"],"picked":"Bane","floor":10},{"not_picked":["Sucker Punch","Backflip","Bane"],"picked":"Bouncing Flask","floor":12},{"not_picked":["All Out Attack","Poisoned Stab","Endless Agony"],"picked":"Deadly Poison","floor":14},{"not_picked":["Venomology","Unload","Tools of the Trade"],"picked":"Envenom","floor":16},{"not_picked":["All Out Attack","Outmaneuver","Slice"],"picked":"Crippling Poison","floor":18}],"player_experience":228127,"potions_floor_usage":[7,10,13,16,23,23],"damage_taken":[{"damage":6,"enemies":"2 Louse","floor":1,"turns":4},{"damage":5,"enemies":"Cultist","floor":3,"turns":5},{"damage":22,"enemies":"Gremlin Nob","floor":7,"turns":6},{"damage":10,"enemies":"Small Slimes","floor":8,"turns":3},{"damage":17,"enemies":"Gremlin Gang","floor":10,"turns":6},{"damage":1,"enemies":"Blue Slaver","floor":12,"turns":3},{"damage":31,"enemies":"Lagavulin","floor":13,"turns":6},{"damage":14,"enemies":"Red Slaver","floor":14,"turns":3},{"damage":15,"enemies":"The Guardian","floor":16,"turns":8},{"damage":6,"enemies":"Spheric Guardian","floor":18,"turns":3},{"damage":34,"enemies":"Chosen","floor":22,"turns":5},{"damage":63,"enemies":"Slavers","floor":23,"turns":3}],"event_choices":[{"event_name":"Purifier","player_choice":"One Purge","floor":2,"damage_taken":0},{"event_name":"Golden Wing","player_choice":"Card Removal","floor":4,"damage_taken":0},{"event_name":"Big Fish","player_choice":"Banana","floor":11,"damage_taken":0},{"event_name":"The Library","player_choice":"Read","floor":20,"damage_taken":0}],"boss_relics":[{"not_picked":["Tiny House","Lizard Tail"],"picked":"Eternal Feather"}],"potions_floor_spawned":[1,8,12,14,18],"seed_played":"-3482357569106819198","killed_by":"Slavers","ascension_level":2,"is_trial":false}