{"gold_per_floor":[116,135,147,162,162,162,178,189,216,233,233,291,267,287,287,287],"floor_reached":16,"playtime":1077,"items_purged":[],"score":106,"play_id":"7afb42f0-cd42-467d-b67f-649abd959808","local_time":"20190129000440","is_ascension_mode":false,"campfire_choices":[{"floor":6,"key":"REST"},{"floor":11,"key":"REST"},{"floor":15,"key":"REST"}],"neow_cost":"TEN_PERCENT_HP_LOSS","seed_source_timestamp":398053144084100,"circlet_count":0,"master_deck":["Strike_B","Strike_B","Strike_B","Defend_B","Defend_B","Defend_B","Defend_B","Dualcast","Electrodynamics","Blizzard","Cold Snap","Melter","Redo","Capacitor","Melter","Buffer","Compile Driver","White Noise","Streamline"],"relics":["Cracked Core","Blood Vial","Centennial Puzzle","Tiny Chest"],"potions_floor_usage":[16,16,16],"damage_taken":[{"damage":7,"enemies":"Small Slimes","floor":1,"turns":2},{"damage":6,"enemies":"Jaw Worm","floor":2,"turns":3},{"damage":0,"enemies":"2 Louse","floor":3,"turns":2},{"damage":5,"enemies":"Looter","floor":4,"turns":3},{"damage":17,"enemies":"3 Louse","floor":7,"turns":2},{"damage":11,"enemies":"Red Slaver","floor":8,"turns":3},{"damage":5,"enemies":"Blue Slaver","floor":10,"turns":4},{"damage":35,"enemies":"Lagavulin","floor":12,"turns":6},{"damage":0,"enemies":"Large Slime","floor":14,"turns":4},{"damage":29,"enemies":"Hexaghost","floor":16,"turns":8}],"seed_played":"-4601223493752873786","potions_obtained":[{"floor":2,"key":"GamblersBrew"},{"floor":4,"key":"Energy Potion"},{"floor":7,"key":"SkillPotion"},{"floor":8,"key":"Strength Potion"}],"is_trial":false,"path_per_floor":["M","M","M","M","?","R","M","M","T","M","R","E","?","M","R","B"],"character_chosen":"DEFECT","items_purchased":[],"campfire_rested":3,"item_purchase_floors":[],"current_hp_per_floor":[61,55,55,50,25,45,30,21,21,18,38,5,5,7,27,0],"gold":287,"neow_bonus":"TRANSFORM_TWO_CARDS","is_prod":false,"is_daily":false,"chose_seed":false,"campfire_upgraded":0,"win_rate":0.0,"timestamp":1548680680,"path_taken":["M","M","M","M","?","R","M","M","T","M","R","E","?","M","R","BOSS"],"build_version":"2019-01-23","purchased_purges":0,"victory":false,"max_hp_per_floor":[68,68,68,68,68,68,68,68,68,68,68,68,68,68,68,68],"card_choices":[{"not_picked":["Barrage","Leap"],"picked":"Cold Snap","floor":1},{"not_picked":["Blizzard","FTL"],"picked":"Melter","floor":2},{"not_picked":["Reinforced Body","BootSequence"],"picked":"Redo","floor":3},{"not_picked":["Reinforced Body","White Noise"],"picked":"Capacitor","floor":4},{"not_picked":["Stack","Leap"],"picked":"Melter","floor":7},{"not_picked":["Coolheaded","Steam Power"],"picked":"Buffer","floor":8},{"not_picked":["Tempest","Scrape"],"picked":"Compile Driver","floor":10},{"not_picked":["Hello World","Leap"],"picked":"White Noise","floor":12},{"not_picked":["Compile Driver","Gash"],"picked":"Streamline","floor":14}],"player_experience":38361,"relics_obtained":[{"floor":9,"key":"Centennial Puzzle"},{"floor":12,"key":"Tiny Chest"}],"event_choices":[{"damage_healed":0,"gold_gain":0,"player_choice":"Success","damage_taken":25,"relics_obtained":["Blood Vial"],"max_hp_gain":0,"max_hp_loss":0,"event_name":"Scrap Ooze","floor":5,"gold_loss":0},{"damage_healed":0,"gold_gain":0,"player_choice":"Left Gold","damage_taken":0,"max_hp_gain":0,"max_hp_loss":0,"event_name":"World of Goop","floor":13,"gold_loss":24}],"is_beta":false,"boss_relics":[],"items_purged_floors":[],"is_endless":false,"potions_floor_spawned":[2,4,7,8,14],"killed_by":"Hexaghost","ascension_level":0}