{"path_per_floor":["M","?","?","M","?","R","M","M","T","R","T","M","M","E","R","B",null,"M","?","M","?","$","M","?","M","T","M","R","?","M","M","R"],"character_chosen":"THE_SILENT","items_purchased":["Deadly Poison","Poisoned Stab","Dexterity Potion","Dexterity Potion"],"gold_per_floor":[119,69,69,84,84,84,102,113,136,136,160,170,186,219,219,321,321,335,335,354,354,82,97,97,113,113,124,124,49,60,72,72],"floor_reached":33,"campfire_rested":3,"playtime":2097,"current_hp_per_floor":[70,70,58,46,46,46,46,46,46,67,67,67,60,50,50,26,70,64,64,58,58,58,51,51,22,22,19,40,40,25,9,30],"items_purged":["Endless Agony"],"gold":72,"play_id":"e06478cf-7555-40c7-a3be-4330a41b3f3e","is_prod":false,"is_daily":false,"campfire_rituals":0,"campfire_upgraded":2,"is_hardmode":false,"path_taken":["M","?","?","M","?","R","M","M","T","R","?","?","M","E","R","BOSS","M","?","M","?","$","M","?","M","T","M","R","?","?","M","R","BOSS"],"build_version":"2017-12-21-PROD1","purchased_purges":1,"victory":false,"master_deck":["Survivor","Phantasmal Killer","Unload","Escape Plan","Backstab","Blade Dance","Distraction","Envenom","Cloak And Dagger","Tactician","Caltrops","Acrobatics","Acrobatics","Deflect","Deadly Poison","Accuracy","Dodge and Roll","Poisoned Stab","Bane","Bane","Envenom","Deadly Poison","Poisoned Stab","Leg Sweep","Accuracy","Deadly Poison","Choke","Blade Dance"],"max_hp_per_floor":[70,70,70,70,70,70,70,70,70,70,70,70,70,70,70,70,70,70,70,70,70,70,70,70,70,70,70,70,70,70,70,70],"relics":["Ring of the Snake","Ninja Scroll","Orichalcum","War Paint","Bag of Preparation","Pandora\u0027s Box","Torii"],"campfire_meditates":0,"card_choices":[{"not_picked":["Choke","Deadly Poison"],"picked":"Unload"},{"not_picked":["Bouncing Flask","Poisoned Stab"],"picked":"Escape Plan"},{"not_picked":["Dash","Acrobatics"],"picked":"Backstab"},{"not_picked":["Blur","Outmaneuver"],"picked":"Blade Dance"},{"not_picked":["Dagger Throw","Slice"],"picked":"Distraction"},{"not_picked":["Leg Sweep","Backflip"],"picked":"Envenom"},{"not_picked":["Riddle With Holes","Footwork"],"picked":"Cloak And Dagger"},{"not_picked":["Unload","Corpse Explosion"],"picked":"Tactician"},{"not_picked":["Acrobatics","Eviscerate"],"picked":"Poisoned Stab"},{"not_picked":["Footwork","Dagger Spray"],"picked":"Bane"},{"not_picked":["Dagger Spray","Outmaneuver"],"picked":"Leg Sweep"},{"not_picked":["Flying Knee","Deflect"],"picked":"Accuracy"},{"not_picked":["Heel Hook","Unload"],"picked":"Deadly Poison"},{"not_picked":["All Out Attack","Outmaneuver"],"picked":"Choke"},{"not_picked":["Outmaneuver","Heel Hook"],"picked":"Blade Dance"}],"player_experience":70998,"potions_floor_usage":[16,20,23,25,27,27],"damage_taken":[{"damage":0,"enemies":"Cultist","floor":1,"turns":4},{"damage":12,"enemies":"Looter","floor":4,"turns":3},{"damage":0,"enemies":"Jaw Worm","floor":7,"turns":2},{"damage":0,"enemies":"Exordium Wildlife","floor":8,"turns":3},{"damage":0,"enemies":"3 Louse","floor":12,"turns":2},{"damage":7,"enemies":"Gremlin Gang","floor":13,"turns":3},{"damage":10,"enemies":"3 Sentries","floor":14,"turns":5},{"damage":24,"enemies":"The Guardian","floor":16,"turns":13},{"damage":6,"enemies":"Spheric Guardian","floor":18,"turns":3},{"damage":6,"enemies":"Shell Parasite","floor":20,"turns":4},{"damage":7,"enemies":"Snecko","floor":23,"turns":4},{"damage":29,"enemies":"Sentry and Sphere","floor":25,"turns":7},{"damage":3,"enemies":"3 Cultists","floor":27,"turns":6},{"damage":15,"enemies":"Snake Plant","floor":30,"turns":4},{"damage":16,"enemies":"Snecko","floor":31,"turns":3},{"damage":31,"enemies":"Automaton","floor":33,"turns":4}],"event_choices":[{"event_name":"The Cleric","player_choice":"Card Removal","floor":2,"damage_taken":0},{"event_name":"Scrap Ooze","player_choice":"success","floor":3,"damage_taken":12},{"event_name":"The Lab","player_choice":"Got Potions","floor":5,"damage_taken":0},{"event_name":"The Library","player_choice":"Read","floor":19,"damage_taken":0},{"event_name":"Duplicator","player_choice":"One dupe","floor":21,"damage_taken":0},{"event_name":"Back to Basics","player_choice":"Elegance","floor":24,"damage_taken":0},{"event_name":"Beggar","player_choice":"Gave Gold","floor":29,"damage_taken":0}],"boss_relics":[{"not_picked":["The Specimen","Snecko Eye"],"picked":"Pandora\u0027s Box"}],"potions_floor_spawned":[1,4,8,23,25],"seed_played":"2272833582676225323","killed_by":"Automaton","is_trial":false}