{"gold_per_floor":[111,122,134,150,150,150,160,193,272,301,301,23,23,33,33,132,132,149,149,64,64,64,64,94,94,94,122,122,156,156,166,166,261,261,277,2,12,0,20,20,20,20,20,0,19,30,30,30,30,30],"floor_reached":51,"playtime":2116,"items_purged":["Strike_B"],"score":1152,"play_id":"9323d12b-0853-46c1-a130-0b04b10ef56f","local_time":"20181102212542","is_ascension_mode":true,"campfire_choices":[{"data":"Zap","floor":6,"key":"SMITH"},{"floor":11,"key":"REST"},{"data":"Zap","floor":13,"key":"SMITH"},{"floor":15,"key":"REST"},{"floor":23,"key":"REST"},{"data":"Electrodynamics","floor":25,"key":"SMITH"},{"floor":28,"key":"REST"},{"data":"White Noise","floor":32,"key":"SMITH"},{"floor":40,"key":"REST"},{"data":"Defragment","floor":42,"key":"SMITH"},{"data":"Go for the Eyes","floor":49,"key":"SMITH"}],"neow_cost":"NONE","seed_source_timestamp":366485630383849,"circlet_count":0,"master_deck":["AscendersBane","Strike_B","Strike_B","Defend_B","Defend_B","Defend_B","Defend_B","Zap+1","Dualcast","FTL","Cold Snap","Compile Driver","Electrodynamics+1","Zap+1","Flash of Steel","Rebound","Hologram","Beam Cell","Double Energy+1","Biased Cognition","Defragment+1","Defragment","White Noise+1","Reboot","Parasite","Glacier","Go for the Eyes+1","Madness","Madness"],"relics":["FrozenCore","Bottled Flame","Mercury Hourglass","StoneCalendar","OrangePellets","MutagenicStrength","Regal Pillow","Nilry\u0027s Codex","Strawberry","Gremlin Horn","Meat on the Bone","Torii","Anchor","Busted Crown","Membership Card","DataDisk","Red Mask","Pantograph","Molten Egg 2"],"potions_floor_usage":[4,10,16,24,27,33,33],"damage_taken":[{"damage":0,"enemies":"Small Slimes","floor":1,"turns":3},{"damage":1,"enemies":"Cultist","floor":2,"turns":3},{"damage":5,"enemies":"Jaw Worm","floor":3,"turns":3},{"damage":12,"enemies":"Large Slime","floor":4,"turns":6},{"damage":2,"enemies":"2 Fungi Beasts","floor":7,"turns":3},{"damage":21,"enemies":"Lagavulin","floor":8,"turns":6},{"damage":16,"enemies":"Gremlin Nob","floor":10,"turns":3},{"damage":0,"enemies":"Gremlin Gang","floor":14,"turns":2},{"damage":0,"enemies":"Slime Boss","floor":16,"turns":5},{"damage":18,"enemies":"2 Thieves","floor":18,"turns":3},{"damage":13,"enemies":"Gremlin Leader","floor":24,"turns":4},{"damage":26,"enemies":"Slavers","floor":27,"turns":3},{"damage":39,"enemies":"Gremlin Leader","floor":29,"turns":4},{"damage":0,"enemies":"Shell Parasite","floor":31,"turns":5},{"damage":35,"enemies":"Automaton","floor":33,"turns":8},{"damage":1,"enemies":"Orb Walker","floor":35,"turns":2},{"damage":0,"enemies":"3 Darklings","floor":37,"turns":2},{"damage":25,"enemies":"Writhing Mass","floor":39,"turns":6},{"damage":0,"enemies":"Jaw Worm Horde","floor":45,"turns":2},{"damage":10,"enemies":"3 Darklings","floor":46,"turns":4},{"damage":61,"enemies":"Time Eater","floor":50,"turns":10}],"seed_played":"1877906322555100281","potions_obtained":[{"floor":3,"key":"SpeedPotion"},{"floor":4,"key":"Strength Potion"},{"floor":8,"key":"Block Potion"},{"floor":16,"key":"AttackPotion"},{"floor":18,"key":"SkillPotion"},{"floor":29,"key":"Strength Potion"},{"floor":31,"key":"Fire Potion"},{"floor":37,"key":"SteroidPotion"},{"floor":45,"key":"FairyPotion"},{"floor":46,"key":"SpeedPotion"}],"is_trial":false,"path_per_floor":["M","M","M","M","?","R","M","E","T","E","R","$","R","M","R","B",null,"M","?","?","?","?","R","E","R","T","E","R","E","?","M","R","B",null,"M","$","M","?","M","R","?","R","T","$","M","M","T","?","R","B",null],"character_chosen":"DEFECT","items_purchased":["OrangePellets","Membership Card","DataDisk","Glacier"],"campfire_rested":5,"item_purchase_floors":[12,36,36,44],"current_hp_per_floor":[68,67,62,50,50,50,48,27,27,11,33,33,33,33,55,55,70,52,52,52,52,36,73,67,67,67,41,80,53,53,53,53,30,69,68,68,68,68,43,82,82,82,82,82,82,72,72,62,62,33],"gold":30,"neow_bonus":"REMOVE_CARD","is_prod":false,"is_daily":false,"chose_seed":false,"campfire_upgraded":6,"win_rate":0,"timestamp":1541208342,"path_taken":["M","M","M","M","?","R","?","E","T","E","R","$","R","M","R","BOSS","M","?","?","?","?","R","E","R","T","E","R","E","?","?","R","BOSS","M","$","M","?","M","R","?","R","T","$","M","?","?","?","R","BOSS"],"build_version":"2018-11-01","purchased_purges":1,"victory":true,"max_hp_per_floor":[75,75,75,75,75,75,75,75,75,75,75,75,75,75,75,75,75,75,75,75,75,75,75,82,82,82,82,82,82,82,82,82,82,82,82,82,82,82,82,82,82,82,82,82,82,82,82,82,82,82],"card_choices":[{"not_picked":["Barrage","Storm"],"picked":"FTL","floor":1},{"not_picked":["White Noise","Redo"],"picked":"Cold Snap","floor":2},{"not_picked":["Steam","Turbo"],"picked":"Compile Driver","floor":3},{"not_picked":["White Noise","Steam"],"picked":"Electrodynamics","floor":4},{"not_picked":["Chaos","Streamline"],"picked":"Rebound","floor":7},{"not_picked":["Auto Shields","Rainbow"],"picked":"Hologram","floor":8},{"not_picked":["Cold Snap","Streamline"],"picked":"Beam Cell","floor":10},{"not_picked":["Barrage","FTL"],"picked":"Double Energy","floor":14},{"not_picked":["Buffer","Amplify"],"picked":"Biased Cognition","floor":16},{"not_picked":["Steam+1","Sunder"],"picked":"Defragment","floor":18},{"not_picked":["FTL","Rebound","Streamline+1"],"picked":"SKIP","floor":24},{"not_picked":["Auto Shields","Force Field"],"picked":"Defragment","floor":27},{"not_picked":["Gash","Barrage+1"],"picked":"White Noise","floor":29},{"not_picked":["Streamline","Ball Lightning+1","FTL"],"picked":"SKIP","floor":31},{"not_picked":["Amplify","Machine Learning"],"picked":"Reboot","floor":33},{"not_picked":["Gash+1"],"picked":"SKIP","floor":35},{"not_picked":["Gash"],"picked":"SKIP","floor":37},{"not_picked":["Turbo"],"picked":"SKIP","floor":39},{"not_picked":["Doom and Gloom"],"picked":"SKIP","floor":45},{"not_picked":[],"picked":"Go for the Eyes","floor":46}],"player_experience":161765,"relics_obtained":[{"floor":8,"key":"Bottled Flame"},{"floor":9,"key":"Mercury Hourglass"},{"floor":10,"key":"StoneCalendar"},{"floor":22,"key":"Nilry\u0027s Codex"},{"floor":24,"key":"Strawberry"},{"floor":26,"key":"Gremlin Horn"},{"floor":27,"key":"Meat on the Bone"},{"floor":29,"key":"Torii"},{"floor":30,"key":"Anchor"},{"floor":43,"key":"Pantograph"},{"floor":47,"key":"Molten Egg 2"}],"event_choices":[{"damage_healed":0,"gold_gain":0,"player_choice":"2 cards matched","damage_taken":0,"max_hp_gain":0,"max_hp_loss":0,"event_name":"Match and Keep!","floor":5,"gold_loss":0,"cards_obtained":["Zap","Flash of Steel"]},{"damage_healed":0,"gold_gain":0,"player_choice":"Inject Mutagens","damage_taken":0,"relics_obtained":["MutagenicStrength"],"max_hp_gain":0,"max_hp_loss":0,"event_name":"Drug Dealer","floor":19,"gold_loss":0},{"damage_healed":0,"gold_gain":0,"player_choice":"Obtained Relic","damage_taken":0,"relics_obtained":["Regal Pillow"],"max_hp_gain":0,"max_hp_loss":0,"event_name":"Addict","floor":20,"gold_loss":85},{"damage_healed":0,"gold_gain":0,"player_choice":"Ignored","damage_taken":0,"max_hp_gain":0,"max_hp_loss":0,"event_name":"Ghosts","floor":21,"gold_loss":0},{"damage_healed":0,"gold_gain":0,"player_choice":"Obtained Book","damage_taken":16,"max_hp_gain":0,"max_hp_loss":0,"event_name":"Cursed Tome","floor":22,"gold_loss":0},{"damage_healed":0,"gold_gain":0,"player_choice":"Relic","damage_taken":0,"max_hp_gain":0,"max_hp_loss":0,"event_name":"Wheel of Change","floor":30,"gold_loss":0},{"damage_healed":0,"gold_gain":0,"player_choice":"Paid","damage_taken":0,"relics_obtained":["Red Mask"],"max_hp_gain":0,"max_hp_loss":0,"event_name":"Tomb of Lord Red Mask","floor":38,"gold_loss":12},{"damage_healed":0,"gold_gain":0,"player_choice":"Upgraded","damage_taken":0,"max_hp_gain":0,"max_hp_loss":0,"event_name":"Upgrade Shrine","floor":41,"gold_loss":0,"cards_upgraded":["Double Energy"]},{"damage_healed":0,"gold_gain":0,"player_choice":"Embrace Madness","damage_taken":10,"max_hp_gain":0,"max_hp_loss":0,"event_name":"Winding Halls","floor":48,"gold_loss":0,"cards_obtained":["Madness","Madness"]}],"is_beta":false,"boss_relics":[{"not_picked":["Sozu","Runic Pyramid"],"picked":"FrozenCore"},{"not_picked":["Philosopher\u0027s Stone","Runic Dome"],"picked":"Busted Crown"}],"items_purged_floors":[12],"is_endless":false,"potions_floor_spawned":[3,4,8,16,18,29,31,37,45,46],"ascension_level":11}