{"path_per_floor":["M","M","M","$","?","R","E","M","T","M","R","?","M","M","R","B",null,"M","?","$","M","M","R","M","M","T","R","M","R","M","$","R","B",null,"M","M","$","?","?","R","?","E","T","M","M"],"character_chosen":"DEFECT","items_purchased":["Fission","Blaster","Buffer","Skim","Static Discharge","Capacitor"],"gold_per_floor":[111,127,137,62,62,62,96,109,109,124,124,124,139,157,157,261,261,280,280,41,51,61,61,74,91,116,116,127,127,146,72,72,173,173,183,194,70,70,70,70,70,97,97,107,124,124],"floor_reached":46,"campfire_rested":7,"playtime":2245,"current_hp_per_floor":[75,71,59,59,59,75,56,51,51,47,69,69,56,40,62,21,75,36,20,20,17,13,35,42,26,26,48,55,75,67,67,67,37,75,55,56,56,56,47,75,75,66,66,51,20,0],"items_purged":["Strike_B","Strike_B"],"gold":124,"score":481,"play_id":"446e54f6-068a-4f71-b023-86f5a15babed","local_time":"20180427171359","is_prod":false,"is_daily":false,"chose_seed":false,"is_ascension_mode":false,"campfire_upgraded":1,"timestamp":1524870839,"path_taken":["M","M","M","$","?","R","E","M","T","M","R","?","M","?","R","BOSS","M","?","$","M","M","R","M","M","T","R","M","R","M","$","R","BOSS","M","M","$","?","?","R","?","E","T","M","M","M"],"build_version":"2018-04-26v2","seed_source_timestamp":1388281349895371,"purchased_purges":2,"victory":false,"master_deck":["Strike_B","Strike_B","Defend_B","Defend_B","Defend_B","Defend_B","Zap+1","Dualcast","Stack","Storm","Barrage","Fission+1","Storm+1","Static Discharge","Self Repair","FTL","Machine Learning","Ball Lightning","Blaster","Buffer","Skim","Reinforced Body","Ball Lightning","Creative AI","Leap","Buffer","Capacitor","Static Discharge","Echo Form","Capacitor","Capacitor","Sadistic Nature","Madness","White Noise","White Noise","Tempest"],"max_hp_per_floor":[75,75,75,75,75,75,75,75,75,75,75,75,75,75,75,75,75,75,75,75,75,75,75,75,75,75,75,75,75,75,75,75,75,75,75,75,75,75,75,75,75,75,75,75,75,75],"relics":["Cracked Core","Bag of Preparation","Ancient Tea Set","Sozu","Enchiridion","Bronze Scales","Eternal Feather","Bottled Flame","Ice Cream"],"card_choices":[{"not_picked":["Beam Cell","Hello World"],"picked":"Stack","floor":1},{"not_picked":["Ball Lightning","Sweeping Beam"],"picked":"Storm","floor":2},{"not_picked":["Stack","Reinforced Body"],"picked":"Barrage","floor":3},{"not_picked":["Barrage","Aggregate"],"picked":"Storm","floor":7},{"not_picked":["Tempest","Axe Kick"],"picked":"Static Discharge","floor":8},{"not_picked":["Blaster","Conserve Battery"],"picked":"Self Repair","floor":10},{"not_picked":["Sweeping Beam","Leap"],"picked":"FTL","floor":13},{"not_picked":["Redo","Amplify"],"picked":"Machine Learning","floor":16},{"not_picked":["Skim","Double Energy"],"picked":"Ball Lightning","floor":18},{"not_picked":["Go for the Eyes","Leap"],"picked":"Reinforced Body","floor":21},{"not_picked":["Barrage","Hologram"],"picked":"Ball Lightning","floor":22},{"not_picked":["Doom and Gloom","Auto Shields"],"picked":"Creative AI","floor":24},{"not_picked":["Hologram","Cold Snap"],"picked":"Leap","floor":25},{"not_picked":["Ball Lightning","Stack"],"picked":"Buffer","floor":28},{"not_picked":["Double Energy","Go for the Eyes"],"picked":"Capacitor","floor":30},{"not_picked":["Meteor Strike","Fusion"],"picked":"Echo Form","floor":33},{"not_picked":["Chaos","Steam Power"],"picked":"Capacitor","floor":35},{"not_picked":["Blind","Master of Strategy"],"picked":"Sadistic Nature","floor":38},{"not_picked":["Stack","Melter"],"picked":"White Noise","floor":42},{"not_picked":["Skim","Cold Snap"],"picked":"White Noise","floor":44},{"not_picked":["Streamline","Static Discharge"],"picked":"Tempest","floor":45}],"player_experience":295041,"potions_floor_usage":[7,7,7,16,16,30],"damage_taken":[{"damage":0,"enemies":"2 Louse","floor":1,"turns":2},{"damage":4,"enemies":"Cultist","floor":2,"turns":4},{"damage":12,"enemies":"Small Slimes","floor":3,"turns":4},{"damage":19,"enemies":"Lagavulin","floor":7,"turns":5},{"damage":5,"enemies":"Looter","floor":8,"turns":3},{"damage":4,"enemies":"Red Slaver","floor":10,"turns":3},{"damage":13,"enemies":"Exordium Wildlife","floor":13,"turns":4},{"damage":23,"enemies":"Gremlin Gang","floor":14,"turns":4},{"damage":48,"enemies":"Hexaghost","floor":16,"turns":7},{"damage":46,"enemies":"2 Thieves","floor":18,"turns":4},{"damage":10,"enemies":"Chosen","floor":21,"turns":3},{"damage":11,"enemies":"Centurion and Healer","floor":22,"turns":6},{"damage":0,"enemies":"Snecko","floor":24,"turns":3},{"damage":30,"enemies":"3 Cultists","floor":25,"turns":5},{"damage":0,"enemies":"Cultist and Chosen","floor":28,"turns":6},{"damage":15,"enemies":"Snecko","floor":30,"turns":4},{"damage":30,"enemies":"Automaton","floor":33,"turns":4},{"damage":20,"enemies":"Flame Bruiser 1 Orb","floor":35,"turns":3},{"damage":13,"enemies":"Orb Walker","floor":36,"turns":3},{"damage":16,"enemies":"Giant Head","floor":42,"turns":6},{"damage":22,"enemies":"Spire Growth","floor":44,"turns":3},{"damage":38,"enemies":"4 Shapes","floor":45,"turns":3},{"damage":25,"enemies":"3 Darklings","floor":46,"turns":2}],"event_choices":[{"event_name":"The Lab","player_choice":"Got Potions","floor":5,"damage_taken":0},{"event_name":"Accursed Blacksmith","player_choice":"Forge","floor":12,"damage_taken":0},{"event_name":"Cursed Tome","player_choice":"Obtained Book","floor":19,"damage_taken":0},{"event_name":"SensoryStone","player_choice":"Memory 1","floor":38,"damage_taken":0},{"event_name":"Winding Halls","player_choice":"Embrace Madness","floor":39,"damage_taken":0}],"boss_relics":[{"not_picked":["White Beast Statue","Philosopher\u0027s Stone"],"picked":"Sozu"},{"not_picked":["Black Star","Tiny House"],"picked":"Eternal Feather"}],"potions_floor_spawned":[3,7,8,14,25,28,30,42,44,45],"seed_played":"-8572924131840209691","killed_by":"3 Darklings","ascension_level":0,"is_trial":false}