{"path_per_floor":["M","M","?","M","$","R","E","?","T","E","M","M","R","M","R"],"character_chosen":"THE_SILENT","items_purchased":["Choke","Prepared","Deep Breath"],"gold_per_floor":[69,86,261,280,71,71,104,69,147,173,188,206,206,216,216],"floor_reached":16,"campfire_rested":3,"playtime":1765,"current_hp_per_floor":[61,59,59,39,39,60,13,30,30,14,14,5,26,23,44],"items_purged":[],"gold":216,"play_id":"53f7dc90-e5ec-448e-a1e1-24e6d40dac72","is_prod":false,"is_daily":false,"campfire_rituals":0,"campfire_upgraded":0,"is_hardmode":false,"path_taken":["M","M","?","?","$","R","E","?","T","E","M","?","R","M","R","BOSS"],"build_version":"2017-12-21-PROD1","purchased_purges":0,"victory":false,"master_deck":["Defend_G","Defend_G","Defend_G","Defend_G","Defend_G","Strike_G","Strike_G","Strike_G","Strike_G","Strike_G","Survivor","Neutralize","Clumsy","Doppelganger","Footwork","Doppelganger","Doubt","Flying Knee","Choke","Prepared","Deep Breath","Burst","Dagger Throw","Acrobatics","Cloak And Dagger","Flechettes"],"max_hp_per_floor":[70,70,70,70,70,70,70,70,70,70,70,70,70,70,70],"relics":["Ring of the Snake","Bottled Lightning","Matryoshka","Mercury Hourglass"],"campfire_meditates":0,"card_choices":[{"not_picked":["Die Die Die","Tactician"],"picked":"Doppelganger"},{"not_picked":["Slice","Deadly Poison"],"picked":"Footwork"},{"not_picked":["Bane","Sucker Punch"],"picked":"Doppelganger"},{"not_picked":["Dash","Poisoned Stab"],"picked":"Flying Knee"},{"not_picked":["Caltrops","Dodge and Roll"],"picked":"Burst"},{"not_picked":["Slice","Deadly Poison"],"picked":"Dagger Throw"},{"not_picked":["Escape Plan","Underhanded Strike"],"picked":"Acrobatics"},{"not_picked":["Slice","Blur"],"picked":"Cloak And Dagger"},{"not_picked":["Bane","Calculated Gamble"],"picked":"Flechettes"}],"player_experience":51009,"potions_floor_usage":[10],"damage_taken":[{"damage":9,"enemies":"Looter","floor":1,"turns":4},{"damage":2,"enemies":"Blue Slaver","floor":2,"turns":6},{"damage":20,"enemies":"Cultist","floor":4,"turns":8},{"damage":47,"enemies":"Lagavulin","floor":7,"turns":9},{"damage":16,"enemies":"3 Sentries","floor":10,"turns":11},{"damage":0,"enemies":"2 Fungi Beasts","floor":11,"turns":4},{"damage":9,"enemies":"Lots of Slimes","floor":12,"turns":4},{"damage":3,"enemies":"Large Slime","floor":14,"turns":7},{"damage":45,"enemies":"Hexaghost","floor":16,"turns":12}],"event_choices":[{"event_name":"Liars Game","player_choice":"agreed","floor":3,"damage_taken":0},{"event_name":"The Cleric","player_choice":"Healed","floor":8,"damage_taken":0}],"boss_relics":[],"potions_floor_spawned":[2,10,12],"seed_played":"-5558987310583645367","killed_by":"Hexaghost","is_trial":false}