{"gold_per_floor":[110,110,130,146,164,174,16,26,51,76,76,76,76,104,104,207,257,267,367,367,380,380],"floor_reached":22,"playtime":2769,"items_purged":[],"score":221,"play_id":"6b13acee-a0fc-459d-bee2-d48949edd737","local_time":"20190128193532","is_ascension_mode":false,"campfire_choices":[{"data":"Seeing Red","floor":11,"key":"SMITH"},{"data":"Metallicize","floor":13,"key":"SMITH"},{"data":"Armaments","floor":15,"key":"SMITH"}],"neow_cost":"NONE","seed_source_timestamp":25919714563701,"circlet_count":0,"master_deck":["Strike_R+1","Strike_R","Strike_R","Strike_R","Strike_R","Defend_R+1","Defend_R","Defend_R","Defend_R","Bash","Metallicize+1","Sword Boomerang","Seeing Red+1","Dropkick","Uppercut","Flame Barrier+1","Armaments+1","Pommel Strike","Fire Breathing","Cleave","Armaments","Double Tap","Spot Weakness","Twin Strike","Shrug It Off","Iron Wave+1"],"relics":["Burning Blood","War Paint","Self Forming Clay","Oddly Smooth Stone","Ice Cream","Frozen Egg 2","Nloth\u0027s Gift"],"potions_floor_usage":[16,16,16],"damage_taken":[{"damage":0,"enemies":"Small Slimes","floor":1,"turns":5},{"damage":12,"enemies":"2 Louse","floor":3,"turns":5},{"damage":3,"enemies":"Cultist","floor":4,"turns":3},{"damage":7,"enemies":"Red Slaver","floor":5,"turns":5},{"damage":5,"enemies":"2 Fungi Beasts","floor":6,"turns":4},{"damage":15,"enemies":"Lots of Slimes","floor":8,"turns":6},{"damage":42,"enemies":"3 Sentries","floor":10,"turns":9},{"damage":18,"enemies":"Lagavulin","floor":14,"turns":6},{"damage":20,"enemies":"Slime Boss","floor":16,"turns":15},{"damage":0,"enemies":"3 Byrds","floor":18,"turns":2},{"damage":32,"enemies":"Colosseum Slavers","floor":19,"turns":7},{"damage":60,"enemies":"Colosseum Nobs","floor":19,"turns":7},{"damage":17,"enemies":"Chosen","floor":21,"turns":7},{"damage":10,"enemies":"Snake Plant","floor":22,"turns":1}],"seed_played":"-4580321767141567814","potions_obtained":[{"floor":4,"key":"Regen Potion"},{"floor":6,"key":"Poison Potion"},{"floor":10,"key":"EssenceOfSteel"},{"floor":14,"key":"EssenceOfSteel"},{"floor":17,"key":"Strength Potion"},{"floor":21,"key":"Strength Potion"}],"is_trial":false,"path_per_floor":["M","?","M","M","M","M","$","M","T","E","R","?","R","E","R","B",null,"M","?","?","M","M"],"character_chosen":"IRONCLAD","items_purchased":["Flame Barrier","Armaments","Pommel Strike"],"campfire_rested":0,"item_purchase_floors":[7,7,7],"current_hp_per_floor":[88,88,82,85,84,85,85,76,76,40,40,45,45,33,33,34,98,98,18,18,7,0],"gold":380,"neow_bonus":"TEN_PERCENT_HP_BONUS","is_prod":false,"is_daily":false,"chose_seed":false,"campfire_upgraded":3,"win_rate":0.0,"timestamp":1548700532,"path_taken":["M","?","M","M","M","M","$","M","T","E","R","?","R","E","R","BOSS","M","?","?","?","M"],"build_version":"2019-01-23","purchased_purges":0,"victory":false,"max_hp_per_floor":[88,88,88,88,88,88,88,88,88,88,88,93,93,93,93,93,98,98,98,98,98,98],"card_choices":[{"not_picked":["Shrug It Off","Anger"],"picked":"Metallicize","floor":1},{"not_picked":["Warcry","True Grit"],"picked":"Sword Boomerang","floor":3},{"not_picked":["Shrug It Off","Iron Wave"],"picked":"Seeing Red","floor":4},{"not_picked":["Armaments","Twin Strike"],"picked":"Dropkick","floor":5},{"not_picked":["Sever Soul","Headbutt"],"picked":"Uppercut","floor":6},{"not_picked":["Warcry","Flex"],"picked":"Fire Breathing","floor":8},{"not_picked":["Burning Pact","Hemokinesis"],"picked":"Cleave","floor":10},{"not_picked":["Ghostly Armor","Fire Breathing"],"picked":"Armaments","floor":14},{"not_picked":["Fiend Fire","Offering"],"picked":"Double Tap","floor":16},{"not_picked":["Sword Boomerang","Cleave"],"picked":"Spot Weakness","floor":17},{"not_picked":["Feel No Pain","Sword Boomerang"],"picked":"Twin Strike","floor":18},{"not_picked":["Pommel Strike","Shockwave+1"],"picked":"Shrug It Off","floor":19},{"not_picked":["Cleave","Clash"],"picked":"Iron Wave+1","floor":21}],"player_experience":9040,"relics_obtained":[{"floor":9,"key":"War Paint"},{"floor":10,"key":"Self Forming Clay"},{"floor":14,"key":"Oddly Smooth Stone"},{"floor":19,"key":"Ice Cream"},{"floor":19,"key":"Frozen Egg 2"}],"event_choices":[{"damage_healed":0,"gold_gain":0,"player_choice":"Leave","damage_taken":0,"max_hp_gain":0,"max_hp_loss":0,"event_name":"The Cleric","floor":2,"gold_loss":0},{"damage_healed":0,"gold_gain":0,"player_choice":"Donut","damage_taken":0,"max_hp_gain":5,"max_hp_loss":0,"event_name":"Big Fish","floor":12,"gold_loss":0},{"damage_healed":0,"gold_gain":0,"player_choice":"Fight","damage_taken":0,"max_hp_gain":0,"max_hp_loss":0,"event_name":"Colosseum","floor":19,"gold_loss":0},{"damage_healed":0,"gold_gain":0,"player_choice":"Fought Nobs","damage_taken":0,"max_hp_gain":0,"max_hp_loss":0,"event_name":"Colosseum","floor":19,"gold_loss":0},{"damage_healed":0,"gold_gain":0,"player_choice":"Traded Relic","damage_taken":0,"relics_obtained":["Nloth\u0027s Gift"],"max_hp_gain":0,"max_hp_loss":0,"event_name":"N\u0027loth","floor":20,"relics_lost":["Tiny House"],"gold_loss":0}],"is_beta":false,"boss_relics":[{"not_picked":["Runic Dome","Cursed Key"],"picked":"Tiny House"}],"items_purged_floors":[],"is_endless":false,"potions_floor_spawned":[4,6,10,14,19,21],"killed_by":"Snake Plant","ascension_level":0}