{"path_per_floor":["M","M","M","$","?","R","E","R","T","M","?","M","R","M","R","B",null,"M","$","M"],"character_chosen":"DEFECT","items_purchased":["Lockon","Machine Learning","Regen Potion"],"gold_per_floor":[118,131,142,102,177,177,203,203,203,216,216,216,216,235,235,333,333,317,30,45,45],"floor_reached":21,"campfire_rested":3,"playtime":792,"current_hp_per_floor":[60,60,60,60,49,68,57,68,68,57,54,40,40,32,52,2,68,28,28,23,0],"items_purged":["Strike_B"],"gold":45,"score":181,"play_id":"08a7fb1d-acc7-4551-b23a-1c41fb24498d","local_time":"20180501141026","is_prod":false,"is_daily":false,"chose_seed":false,"is_ascension_mode":false,"campfire_upgraded":1,"timestamp":1525205426,"path_taken":["M","M","M","$","?","R","E","R","T","M","?","M","R","M","R","BOSS","M","$","M","M"],"build_version":"2018-04-30","seed_source_timestamp":1724334278376686,"purchased_purges":1,"victory":false,"master_deck":["Strike_B","Strike_B","Strike_B","Defend_B","Defend_B","Defend_B","Defend_B","Zap","Dualcast","Recycle+1","Flux Capacitor","Tempest","Lockon","Blaster","FTL","White Noise","Multi-Cast","Impulse","Machine Learning","Capacitor"],"max_hp_per_floor":[68,68,68,68,68,68,68,68,68,68,68,68,68,68,68,68,68,68,68,68,68],"relics":["Cracked Core","Ice Cream","Shuriken","Matryoshka","Pen Nib","Nuclear Battery"],"card_choices":[{"not_picked":["Chaos","Ball Lightning"],"picked":"Recycle","floor":1},{"not_picked":["Reprogram","Go for the Eyes"],"picked":"Flux Capacitor","floor":2},{"not_picked":["Force Field","Capacitor"],"picked":"Tempest","floor":3},{"not_picked":["FTL","Stack"],"picked":"Blaster","floor":7},{"not_picked":["Auto Shields","Sweeping Beam"],"picked":"FTL","floor":10},{"not_picked":["Sweeping Beam","Ball Lightning"],"picked":"White Noise","floor":14},{"not_picked":["Fusion","Machine Learning"],"picked":"Multi-Cast","floor":16},{"not_picked":["Leap","Stack"],"picked":"Impulse","floor":18},{"not_picked":["Beam Cell","Blizzard"],"picked":"Capacitor","floor":20}],"player_experience":324386,"potions_floor_usage":[7,7,16,20,21,21],"damage_taken":[{"damage":8,"enemies":"Jaw Worm","floor":1,"turns":3},{"damage":0,"enemies":"Small Slimes","floor":2,"turns":2},{"damage":0,"enemies":"Cultist","floor":3,"turns":3},{"damage":11,"enemies":"3 Sentries","floor":7,"turns":5},{"damage":11,"enemies":"Large Slime","floor":10,"turns":4},{"damage":14,"enemies":"Blue Slaver","floor":12,"turns":3},{"damage":8,"enemies":"Red Slaver","floor":14,"turns":3},{"damage":50,"enemies":"Hexaghost","floor":16,"turns":9},{"damage":40,"enemies":"2 Thieves","floor":18,"turns":4},{"damage":14,"enemies":"Shell Parasite","floor":20,"turns":4},{"damage":24,"enemies":"Snecko","floor":21,"turns":4}],"event_choices":[{"event_name":"World of Goop","player_choice":"Gather Gold","floor":5,"damage_taken":0},{"event_name":"Scrap Ooze","player_choice":"success","floor":11,"damage_taken":3}],"boss_relics":[{"not_picked":["Snecko Eye","White Beast Statue"],"picked":"Nuclear Battery"}],"potions_floor_spawned":[1,2,7,12,18,20],"seed_played":"1392571427087701215","killed_by":"Snecko","ascension_level":0,"is_trial":false}