{"path_per_floor":["M","?","$","M","T","R","E","$","T","E","$","R","E","M","R","B",null,"M","?","$","M","?"],"character_chosen":"THE_SILENT","items_purchased":["Noxious Fumes","Bane","Bag of Preparation","Snake Skull"],"gold_per_floor":[115,290,83,103,155,155,189,39,121,152,52,52,81,95,95,191,191,202,202,47,67,67,67],"floor_reached":23,"campfire_rested":2,"playtime":754,"current_hp_per_floor":[62,62,62,61,61,61,49,49,49,46,46,67,47,47,68,42,70,56,56,56,45,29,0],"items_purged":["Doubt","Strike_G"],"gold":67,"score":226,"play_id":"61740ea6-c3ee-4719-abb9-7297675dc509","local_time":"20180330164234","is_prod":false,"is_daily":false,"is_ascension_mode":true,"campfire_upgraded":1,"timestamp":1522449754,"path_taken":["M","?","$","M","?","R","E","$","T","E","$","R","E","M","R","BOSS","M","?","$","?","?","E"],"build_version":"2018-03-29v2","purchased_purges":2,"victory":false,"master_deck":["Defend_G","Defend_G","Defend_G","Defend_G","Defend_G","Strike_G","Strike_G","Strike_G","Strike_G","Survivor","Neutralize","After Image","Backflip","Noxious Fumes+1","Bane","Acrobatics","Bane","Poisoned Stab","Catalyst","Corpse Explosion","Injury","Decay","Doubt","Crippling Poison+1","Poisoned Stab"],"max_hp_per_floor":[70,70,70,70,70,70,70,70,70,70,70,70,70,70,70,70,70,70,70,70,70,70,70],"relics":["Ring of the Snake","Oddly Smooth Stone","Pantograph","Bag of Preparation","Frozen Egg 2","Shuriken","Bottled Tornado","Calling Bell","Question Card","Ornamental Fan","Shovel","Snake Skull","Enchiridion"],"card_choices":[{"not_picked":["Dodge and Roll","PiercingWail"],"picked":"Backflip","floor":1},{"not_picked":["Slice","PiercingWail"],"picked":"Acrobatics","floor":4},{"not_picked":["Sucker Punch","Backflip"],"picked":"Bane","floor":7},{"not_picked":["Masterful Stab","After Image"],"picked":"Poisoned Stab","floor":10},{"not_picked":["Dagger Throw","A Thousand Cuts"],"picked":"Catalyst","floor":13},{"not_picked":["Storm of Steel","Adrenaline"],"picked":"Corpse Explosion","floor":16},{"not_picked":["Backstab","Concentrate","Bane"],"picked":"Crippling Poison","floor":18}],"player_experience":227373,"potions_floor_usage":[16,16],"damage_taken":[{"damage":8,"enemies":"Small Slimes","floor":1,"turns":3},{"damage":1,"enemies":"Jaw Worm","floor":4,"turns":3},{"damage":12,"enemies":"3 Sentries","floor":7,"turns":7},{"damage":3,"enemies":"Lagavulin","floor":10,"turns":6},{"damage":20,"enemies":"3 Sentries","floor":13,"turns":6},{"damage":0,"enemies":"Cultist","floor":14,"turns":3},{"damage":28,"enemies":"Slime Boss","floor":16,"turns":8},{"damage":14,"enemies":"3 Byrds","floor":18,"turns":4},{"damage":11,"enemies":"Chosen","floor":21,"turns":5},{"damage":29,"enemies":"Gremlin Leader","floor":23,"turns":2}],"event_choices":[{"event_name":"Liars Game","player_choice":"agreed","floor":2,"damage_taken":0},{"event_name":"Duplicator","player_choice":"One dupe","floor":19,"damage_taken":0},{"event_name":"Cursed Tome","player_choice":"Obtained Book","floor":22,"damage_taken":0}],"boss_relics":[{"not_picked":["Pandora\u0027s Box","Eternal Feather"],"picked":"Calling Bell"}],"potions_floor_spawned":[10,14],"seed_played":"-8705672742719483347","killed_by":"Gremlin Leader","ascension_level":2,"is_trial":false}