{"gold_per_floor":[119,129,129,129,146,178,178,7,7,7,7,7,23,33,33,138,138,156,13,23,37,56,56,56,56,112,128,128,143,143,154,154,154],"floor_reached":33,"playtime":1558,"items_purged":["Strike_R"],"score":299,"play_id":"a70ae12a-d3e0-4c73-9f3b-a1314c754cfc","local_time":"20190307225959","is_ascension_mode":true,"campfire_choices":[{"data":"Rampage","floor":7,"key":"SMITH"},{"data":"Bash","floor":12,"key":"SMITH"},{"data":"Rampage","floor":15,"key":"SMITH"},{"data":"Feed","floor":23,"key":"SMITH"},{"data":"Demon Form","floor":25,"key":"SMITH"},{"floor":28,"key":"REST"},{"floor":32,"key":"REST"}],"neow_cost":"NONE","seed_source_timestamp":584510587412224,"circlet_count":0,"master_deck":["Strike_R","Defend_R","Defend_R+1","Defend_R+1","Bash+1","Shrug It Off","Rampage+1","Finesse","Rampage+1","Feed+1","Pummel+1","Wild Strike+1","Flex+1","Demon Form+1","Dual Wield+1","Havoc"],"relics":["Burning Blood","Orichalcum","Paper Frog","Astrolabe","Nilry\u0027s Codex","Tiny Chest"],"potions_floor_usage":[16,16,22,31,33,33],"damage_taken":[{"damage":8,"enemies":"Small Slimes","floor":1,"turns":3},{"damage":4,"enemies":"Jaw Worm","floor":2,"turns":5},{"damage":0,"enemies":"Cultist","floor":5,"turns":4},{"damage":35,"enemies":"3 Sentries","floor":6,"turns":10},{"damage":0,"enemies":"Blue Slaver","floor":13,"turns":4},{"damage":0,"enemies":"3 Louse","floor":14,"turns":5},{"damage":32,"enemies":"The Guardian","floor":16,"turns":8},{"damage":0,"enemies":"Chosen","floor":18,"turns":3},{"damage":3,"enemies":"Spheric Guardian","floor":20,"turns":3},{"damage":32,"enemies":"Cultist and Chosen","floor":21,"turns":8},{"damage":15,"enemies":"Centurion and Healer","floor":22,"turns":4},{"damage":24,"enemies":"Snake Plant","floor":27,"turns":3},{"damage":30,"enemies":"Snecko","floor":29,"turns":6},{"damage":29,"enemies":"Shelled Parasite and Fungi","floor":31,"turns":7},{"damage":51,"enemies":"Collector","floor":33,"turns":7}],"seed_played":"-4359595241436302778","potions_obtained":[{"floor":2,"key":"Weak Potion"},{"floor":6,"key":"Energy Potion"},{"floor":14,"key":"SkillPotion"},{"floor":18,"key":"EssenceOfSteel"},{"floor":22,"key":"Energy Potion"},{"floor":27,"key":"Energy Potion"}],"is_trial":false,"path_per_floor":["M","M","?","?","M","E","R","$","T","$","$","R","M","M","R","B",null,"M","$","M","M","M","R","?","R","T","M","R","M","?","M","R","B"],"character_chosen":"IRONCLAD","items_purchased":["Finesse","Demon Form"],"campfire_rested":2,"item_purchase_floors":[8,19],"current_hp_per_floor":[86,88,88,70,76,47,47,47,47,47,47,47,53,59,59,33,88,88,88,88,65,59,59,43,43,43,25,53,33,33,14,44,0],"gold":154,"neow_bonus":"TEN_PERCENT_HP_BONUS","is_prod":false,"is_daily":false,"chose_seed":false,"campfire_upgraded":5,"win_rate":0,"timestamp":1552017599,"path_taken":["M","M","?","?","M","E","R","$","T","?","$","R","M","?","R","BOSS","M","$","M","M","M","R","?","R","T","M","R","M","?","?","R","BOSS"],"build_version":"2019-01-23","purchased_purges":1,"victory":false,"max_hp_per_floor":[88,88,88,88,88,88,88,88,88,88,88,88,88,88,88,88,88,88,88,88,91,94,94,94,94,94,94,94,98,98,102,102,102],"card_choices":[{"not_picked":["Burning Pact","Headbutt"],"picked":"Shrug It Off","floor":1},{"not_picked":["Iron Wave","Headbutt","Fire Breathing"],"picked":"SKIP","floor":2},{"not_picked":["Bludgeon","Inflame"],"picked":"Rampage","floor":5},{"not_picked":["Entrench","Thunderclap","Perfected Strike"],"picked":"SKIP","floor":6},{"not_picked":["Flex","Fire Breathing","Warcry"],"picked":"SKIP","floor":13},{"not_picked":["Warcry","Twin Strike"],"picked":"Rampage","floor":14},{"not_picked":["Bludgeon","Exhume"],"picked":"Feed","floor":16},{"not_picked":["Perfected Strike","Armaments","Clothesline"],"picked":"SKIP","floor":18},{"not_picked":["Twin Strike","Havoc","Infernal Blade"],"picked":"SKIP","floor":20},{"not_picked":["Iron Wave","Body Slam","Fire Breathing"],"picked":"SKIP","floor":21},{"not_picked":["Sever Soul+1","Iron Wave","Rupture"],"picked":"SKIP","floor":22},{"not_picked":["Intimidate","Bloodletting+1","Rage"],"picked":"SKIP","floor":27},{"not_picked":["Pommel Strike+1","Twin Strike"],"picked":"Dual Wield+1","floor":29},{"not_picked":["Warcry+1","Pommel Strike+1","Twin Strike"],"picked":"SKIP","floor":31}],"player_experience":1149708,"relics_obtained":[{"floor":6,"key":"Orichalcum"},{"floor":9,"key":"Paper Frog"},{"floor":24,"key":"Nilry\u0027s Codex"},{"floor":26,"key":"Tiny Chest"}],"event_choices":[{"cards_removed":["Strike_R"],"damage_healed":0,"gold_gain":0,"player_choice":"Forget","damage_taken":0,"max_hp_gain":0,"max_hp_loss":0,"event_name":"Living Wall","floor":3,"gold_loss":0},{"damage_healed":0,"gold_gain":0,"player_choice":"Entered Light","damage_taken":18,"max_hp_gain":0,"max_hp_loss":0,"event_name":"Shining Light","floor":4,"gold_loss":0,"cards_upgraded":["Defend_R","Defend_R"]},{"damage_healed":0,"gold_gain":0,"player_choice":"Obtained Book","damage_taken":16,"max_hp_gain":0,"max_hp_loss":0,"event_name":"Cursed Tome","floor":24,"gold_loss":0},{"damage_healed":0,"gold_gain":0,"player_choice":"Read","damage_taken":0,"max_hp_gain":0,"max_hp_loss":0,"event_name":"The Library","floor":30,"gold_loss":0,"cards_obtained":["Havoc"]}],"is_beta":false,"boss_relics":[{"not_picked":["Snecko Eye","Fusion Hammer"],"picked":"Astrolabe"}],"items_purged_floors":[8],"is_endless":false,"potions_floor_spawned":[2,6,14,18,22,27,29],"killed_by":"Collector","ascension_level":2}