{"path_per_floor":["M","?","$","M","M","R","M","R","T","M","M","E","M","?","R","B",null,"M","M","M","?","$","R","E","M","T","M","M","R","M","$","R","B",null,"M","M","?","M","$","R","T","M","T","E","M","R","M","M","R"],"character_chosen":"IRONCLAD","items_purchased":["Molten Egg 2","Sever Soul","Rampage","Meat on the Bone"],"gold_per_floor":[114,64,64,79,94,94,109,109,134,149,164,194,209,209,209,309,309,324,339,354,354,32,32,62,77,152,167,182,182,197,162,162,262,262,277,292,292,307,57,57,132,147,197,227,242,242,257,272,272,272],"floor_reached":50,"campfire_rested":3,"playtime":1949,"current_hp_per_floor":[73,73,73,79,80,80,80,80,80,79,75,68,59,80,80,45,80,64,67,77,77,77,77,52,54,54,46,56,83,90,90,90,11,90,90,76,66,40,40,81,81,70,70,27,25,68,71,71,87,0],"items_purged":[],"gold":272,"score":553,"play_id":"f05657c0-91ce-493d-844b-c08defbc586f","local_time":"20180411051232","daily_mods":["Draft","Time Dilation","Uncertain Future"],"is_prod":false,"is_daily":true,"is_ascension_mode":false,"campfire_upgraded":6,"timestamp":1523445152,"path_taken":["M","?","$","M","M","R","?","R","T","M","M","E","M","?","R","BOSS","M","M","M","?","$","R","E","M","T","?","M","R","M","?","R","BOSS","M","M","?","M","$","R","?","M","T","E","?","R","M","M","R","BOSS"],"build_version":"2018-04-05v2","purchased_purges":1,"victory":false,"master_deck":["Hemokinesis","Perfected Strike","Blood for Blood","Cleave","Perfected Strike","Flex","Perfected Strike","Searing Blow+6","Spot Weakness","Wild Strike","Rage","Dual Wield","Clash","Flex","Evolve","Rupture","Wild Strike","Pommel Strike+1","Offering","Inflame","Flame Barrier","Bludgeon","Infernal Blade","Heavy Blade","Hemokinesis+1","Sever Soul+1","Clash+1","Burning Pact+1","Rage","Anger+1","Perfected Strike+1","Rampage+1","Offering","Pummel+1","Cleave+1","Mind Blast+1","Blind","Finesse","Seeing Red","Thunderclap+1","Clash+1","Power Through","Infernal Blade","Blood for Blood+1"],"max_hp_per_floor":[80,80,80,80,80,80,80,80,80,80,80,80,80,80,80,80,80,80,80,80,80,80,80,90,90,90,90,90,90,90,90,90,90,90,90,90,90,90,90,90,90,90,90,90,90,90,90,90,90,90],"relics":["Black Blood","Bag of Preparation","Omamori","Molten Egg 2","Pear","Question Card","Eternal Feather","Meat on the Bone","The Courier","Bag of Marbles","Whetstone"],"card_choices":[{"not_picked":["True Grit","Burning Pact"],"picked":"Hemokinesis","floor":0},{"not_picked":["Iron Wave","Heavy Blade"],"picked":"Perfected Strike","floor":0},{"not_picked":["Ghostly Armor","Battle Trance"],"picked":"Blood for Blood","floor":0},{"not_picked":["Spot Weakness","Body Slam"],"picked":"Cleave","floor":0},{"not_picked":["Fire Breathing","Searing Blow"],"picked":"Perfected Strike","floor":0},{"not_picked":["Reckless Charge","Whirlwind"],"picked":"Burning Pact","floor":0},{"not_picked":["Sentinel","Warcry"],"picked":"Flex","floor":0},{"not_picked":["Disarm","Heavy Blade"],"picked":"Perfected Strike","floor":0},{"not_picked":["Sword Boomerang","Clothesline"],"picked":"Searing Blow","floor":0},{"not_picked":["Heavy Blade","Clothesline"],"picked":"Spot Weakness","floor":0},{"not_picked":["Anger","Combust"],"picked":"Wild Strike","floor":0},{"not_picked":["Uppercut","Shrug It Off"],"picked":"Rage","floor":0},{"not_picked":["Heavy Blade","Shrug It Off"],"picked":"Dual Wield","floor":0},{"not_picked":["Corruption","Second Wind"],"picked":"Clash","floor":0},{"not_picked":["Armaments","Headbutt"],"picked":"Flex","floor":0},{"not_picked":["Sentinel","Sword Boomerang"],"picked":"Evolve","floor":1},{"not_picked":["Shrug It Off","Heavy Blade"],"picked":"Rupture","floor":4},{"not_picked":["Havoc","Sword Boomerang"],"picked":"Wild Strike","floor":5},{"not_picked":["Perfected Strike","Flex"],"picked":"Pommel Strike","floor":7},{"not_picked":["Corruption","Shrug It Off"],"picked":"Offering","floor":10},{"not_picked":["Spot Weakness","Dual Wield"],"picked":"Inflame","floor":11},{"not_picked":["Rage","Body Slam"],"picked":"Flame Barrier","floor":13},{"not_picked":["Barricade","Reaper"],"picked":"Bludgeon","floor":16},{"not_picked":["Dual Wield","Armaments"],"picked":"Infernal Blade","floor":18},{"not_picked":["Headbutt","Rupture"],"picked":"Heavy Blade","floor":19},{"not_picked":["Whirlwind","Blood for Blood"],"picked":"Hemokinesis","floor":20},{"not_picked":["Iron Wave","Hemokinesis"],"picked":"Clash","floor":24},{"not_picked":["Shrug It Off","Cleave"],"picked":"Burning Pact","floor":25},{"not_picked":["Clothesline","Body Slam","Headbutt"],"picked":"Rage","floor":27},{"not_picked":["Uppercut","Hemokinesis","Headbutt"],"picked":"Anger","floor":28},{"not_picked":["Shrug It Off","Feel No Pain","Headbutt"],"picked":"Perfected Strike","floor":30},{"not_picked":["Reaper","Barricade","Fiend Fire"],"picked":"Offering","floor":33},{"not_picked":["Armaments","Warcry","Shockwave"],"picked":"Pummel","floor":35},{"not_picked":["Warcry","Corruption","Combust"],"picked":"Cleave","floor":36},{"not_picked":["Purity","Jack Of All Trades","Master of Strategy"],"picked":"Mind Blast","floor":37},{"not_picked":["Secret Technique","Purity","Deep Breath"],"picked":"Blind","floor":37},{"not_picked":["Transmutation","Purity","Good Instincts"],"picked":"Finesse","floor":37},{"not_picked":["Twin Strike","Disarm","Infernal Blade"],"picked":"Seeing Red","floor":38},{"not_picked":["Feel No Pain","Evolve","Burning Pact"],"picked":"Thunderclap","floor":42},{"not_picked":["Clothesline","Fire Breathing","Iron Wave"],"picked":"Clash","floor":44},{"not_picked":["Pummel","Thunderclap","Twin Strike"],"picked":"Power Through","floor":45},{"not_picked":["Warcry","Heavy Blade","Body Slam"],"picked":"Infernal Blade","floor":47},{"not_picked":["Wild Strike","Cleave","Spot Weakness"],"picked":"Blood for Blood","floor":48}],"player_experience":251005,"potions_floor_usage":[12,12,12,20,24,33,33,33,36,50,50],"damage_taken":[{"damage":13,"enemies":"Small Slimes","floor":1,"turns":2},{"damage":0,"enemies":"2 Louse","floor":4,"turns":1},{"damage":3,"enemies":"Cultist","floor":5,"turns":2},{"damage":6,"enemies":"2 Fungi Beasts","floor":7,"turns":2},{"damage":7,"enemies":"3 Louse","floor":10,"turns":2},{"damage":10,"enemies":"Looter","floor":11,"turns":2},{"damage":13,"enemies":"Lagavulin","floor":12,"turns":3},{"damage":15,"enemies":"Exordium Wildlife","floor":13,"turns":2},{"damage":41,"enemies":"The Guardian","floor":16,"turns":5},{"damage":26,"enemies":"2 Thieves","floor":18,"turns":3},{"damage":7,"enemies":"Spheric Guardian","floor":19,"turns":1},{"damage":0,"enemies":"Snake Plant","floor":20,"turns":1},{"damage":51,"enemies":"Book of Stabbing","floor":24,"turns":4},{"damage":8,"enemies":"Cultist and Chosen","floor":25,"turns":4},{"damage":18,"enemies":"Centurion and Healer","floor":27,"turns":3},{"damage":0,"enemies":"Snake Plant","floor":28,"turns":1},{"damage":0,"enemies":"3 Cultists","floor":30,"turns":3},{"damage":89,"enemies":"Collector","floor":33,"turns":8},{"damage":8,"enemies":"Orb Walker","floor":35,"turns":2},{"damage":30,"enemies":"3 Shapes","floor":36,"turns":3},{"damage":36,"enemies":"Maw","floor":38,"turns":5},{"damage":21,"enemies":"4 Shapes","floor":42,"turns":3},{"damage":65,"enemies":"Giant Head","floor":44,"turns":6},{"damage":24,"enemies":"3 Darklings","floor":45,"turns":4},{"damage":7,"enemies":"Maw","floor":47,"turns":3},{"damage":10,"enemies":"4 Shapes","floor":48,"turns":3},{"damage":114,"enemies":"Donu and Deca","floor":50,"turns":7}],"event_choices":[{"event_name":"The Cleric","player_choice":"Card Removal","floor":2,"damage_taken":0},{"event_name":"Big Fish","player_choice":"Banana","floor":14,"damage_taken":0},{"event_name":"Ghosts","player_choice":"Ignored","floor":21,"damage_taken":0},{"event_name":"SensoryStone","player_choice":"Memory 3","floor":37,"damage_taken":0}],"boss_relics":[{"not_picked":["Orrery","Black Star"],"picked":"Black Blood"},{"not_picked":["Runic Pyramid","Astrolabe"],"picked":"Eternal Feather"}],"potions_floor_spawned":[1,7,10,12,16,18,20,27,28,35,42,47,48],"seed_played":"-391097367170320496","killed_by":"Donu and Deca","ascension_level":0,"is_trial":false}