{"path_per_floor":["M","?","?","M","T","M","R","E","T","?","E","M","E","$","R","B",null,"M","$","?","M","$","R","M","M","T","?","M","M","R","M","R"],"character_chosen":"DEFECT","items_purchased":["Gash","Blizzard","Capacitor","Conserve Battery","Omamori","Go for the Eyes"],"gold_per_floor":[117,117,117,133,133,151,151,187,187,187,227,252,285,54,54,178,178,203,2,2,27,27,27,43,62,89,59,77,100,100,116,116,116],"floor_reached":33,"campfire_rested":4,"playtime":1493,"current_hp_per_floor":[62,62,62,61,61,61,61,44,44,44,35,35,27,27,47,42,68,53,53,53,40,40,60,29,15,15,15,20,14,49,42,68,0],"items_purged":[],"gold":116,"score":267,"play_id":"97ccad68-8b04-45f4-be59-b2dcccb1938d","local_time":"20180428094140","is_prod":false,"is_daily":false,"chose_seed":false,"is_ascension_mode":false,"campfire_upgraded":1,"timestamp":1524930100,"path_taken":["M","?","?","M","?","?","R","E","T","?","E","M","E","$","R","BOSS","M","$","?","M","$","R","M","M","T","?","M","M","R","M","R","BOSS"],"build_version":"2018-04-27v3","seed_source_timestamp":1448300422597187,"purchased_purges":0,"victory":false,"master_deck":["Strike_B","Strike_B","Strike_B+1","Strike_B+1","Defend_B","Defend_B","Defend_B","Defend_B","Zap+1","Dualcast","FTL+1","Injury","Cold Snap","Beam Cell","Prime","Capacitor","FTL","Chaos","Gash","Blizzard","Capacitor","Conserve Battery","Nova","Double Energy+1","Go for the Eyes","FTL","Capacitor+1","Axe Kick+1","Cold Snap","Force Field","Streamline+1"],"max_hp_per_floor":[68,68,68,68,68,68,68,68,68,68,68,68,68,68,68,68,68,68,68,68,68,68,68,68,68,68,68,68,68,68,68,68,68],"relics":["Cracked Core","Torii","Golden Idol","Bag of Marbles","Mummified Hand","Whetstone","Vajra","Gremlin Horn","Meat on the Bone","Cursed Key","Omamori","Regal Pillow"],"card_choices":[{"not_picked":["Scrape","Coolheaded"],"picked":"FTL","floor":1},{"not_picked":["Self Repair","Rip and Tear"],"picked":"Cold Snap","floor":4},{"not_picked":["Coolheaded","Hologram"],"picked":"Beam Cell","floor":6},{"not_picked":["Melter","Axe Kick"],"picked":"Prime","floor":8},{"not_picked":["Melter","Rebound"],"picked":"Capacitor","floor":11},{"not_picked":["Cold Snap","Barrage"],"picked":"FTL","floor":12},{"not_picked":["Recycle","Sunder"],"picked":"Chaos","floor":13},{"not_picked":["Reboot","Seek"],"picked":"Nova","floor":16},{"not_picked":["FTL","Recycle"],"picked":"Double Energy","floor":18},{"not_picked":["Turbo","Leap"],"picked":"FTL","floor":21},{"not_picked":["Rebound","Axe Kick"],"picked":"Capacitor","floor":24},{"not_picked":["Recycle","Sweeping Beam"],"picked":"Axe Kick","floor":25},{"not_picked":["Beam Cell","Loop"],"picked":"Cold Snap","floor":28},{"not_picked":["Cold Snap","Capacitor"],"picked":"Force Field","floor":29},{"not_picked":["Force Field","Rebound"],"picked":"Streamline","floor":31}],"player_experience":313806,"potions_floor_usage":[8,13,16,25,25,28,28,28,31],"damage_taken":[{"damage":6,"enemies":"Cultist","floor":1,"turns":3},{"damage":1,"enemies":"Jaw Worm","floor":4,"turns":3},{"damage":0,"enemies":"2 Louse","floor":6,"turns":2},{"damage":17,"enemies":"Lagavulin","floor":8,"turns":5},{"damage":9,"enemies":"3 Sentries","floor":11,"turns":4},{"damage":0,"enemies":"2 Fungi Beasts","floor":12,"turns":2},{"damage":8,"enemies":"Lagavulin","floor":13,"turns":3},{"damage":5,"enemies":"Hexaghost","floor":16,"turns":10},{"damage":15,"enemies":"Spheric Guardian","floor":18,"turns":5},{"damage":25,"enemies":"2 Thieves","floor":21,"turns":4},{"damage":43,"enemies":"Cultist and Chosen","floor":24,"turns":6},{"damage":38,"enemies":"Snake Plant","floor":25,"turns":5},{"damage":16,"enemies":"Snecko","floor":28,"turns":4},{"damage":18,"enemies":"Sentry and Sphere","floor":29,"turns":5},{"damage":19,"enemies":"Cultist and Chosen","floor":31,"turns":7},{"damage":80,"enemies":"Collector","floor":33,"turns":7}],"event_choices":[{"event_name":"Golden Idol","player_choice":"Take Wound","floor":2,"damage_taken":0},{"event_name":"Upgrade Shrine","player_choice":"Upgraded","floor":3,"damage_taken":0},{"event_name":"Accursed Blacksmith","player_choice":"Rummage","floor":10,"damage_taken":0},{"event_name":"Drug Dealer","player_choice":"Ignored","floor":20,"damage_taken":0},{"event_name":"The Woman in Blue","player_choice":"Bought 2 Potions","floor":27,"damage_taken":0}],"boss_relics":[{"not_picked":["Runic Pyramid","Velvet Choker"],"picked":"Cursed Key"}],"potions_floor_spawned":[1,4,11,13,16,18,24,29],"seed_played":"4362735719447084967","killed_by":"Collector","ascension_level":0,"is_trial":false}