{"gold_per_floor":[115,80,91,102,119,119,151,151,176,176,192,192,192,192,192,268,268,288,144,160,120,71,71,82,111,111,111,111,140,140,163,163,163],"floor_reached":33,"playtime":1274,"items_purged":["Strike_B"],"score":478,"play_id":"12d51e36-2c5c-4031-93c5-e7520feabc12","local_time":"20181104124003","is_ascension_mode":true,"campfire_choices":[{"data":"Zap","floor":6,"key":"SMITH"},{"floor":8,"key":"REST"},{"data":"Tempest","floor":10,"key":"SMITH"},{"floor":12,"key":"REST"},{"data":"1","floor":15,"key":"LIFT"},{"floor":23,"key":"REST"},{"floor":28,"key":"REST"},{"data":"Defragment","floor":32,"key":"SMITH"}],"neow_cost":"PERCENT_DAMAGE","seed_source_timestamp":89665888532567,"circlet_count":0,"master_deck":["AscendersBane","Strike_B","Strike_B","Defend_B","Defend_B","Defend_B","Defend_B","Zap+1","Dualcast","FTL","White Noise","Tempest+1","Rebound","Cold Snap","Electrodynamics+1","Hologram","Self Repair","FTL","Defragment+1","Conserve Battery","Writhe","Biased Cognition+1"],"relics":["Cracked Core","Girya","Juzu Bracelet","Blood Vial","CultistMask","Eternal Feather","Orichalcum","Toxic Egg 2","Cables","Frozen Egg 2","Oddly Smooth Stone"],"potions_floor_usage":[16,16,20,24,25,29],"damage_taken":[{"damage":1,"enemies":"Cultist","floor":1,"turns":4},{"damage":4,"enemies":"Jaw Worm","floor":3,"turns":4},{"damage":0,"enemies":"2 Louse","floor":4,"turns":2},{"damage":12,"enemies":"Looter","floor":5,"turns":3},{"damage":30,"enemies":"3 Sentries","floor":7,"turns":7},{"damage":16,"enemies":"3 Louse","floor":11,"turns":3},{"damage":55,"enemies":"Slime Boss","floor":16,"turns":14},{"damage":26,"enemies":"Shell Parasite","floor":18,"turns":8},{"damage":29,"enemies":"2 Thieves","floor":20,"turns":4},{"damage":20,"enemies":"Snake Plant","floor":24,"turns":5},{"damage":20,"enemies":"Gremlin Leader","floor":25,"turns":5},{"damage":24,"enemies":"Slavers","floor":29,"turns":2},{"damage":66,"enemies":"Automaton","floor":33,"turns":6}],"seed_played":"1296717985635717561","potions_obtained":[{"floor":1,"key":"Energy Potion"},{"floor":3,"key":"FearPotion"},{"floor":7,"key":"Regen Potion"},{"floor":18,"key":"PowerPotion"},{"floor":24,"key":"Poison Potion"},{"floor":25,"key":"Fire Potion"}],"is_trial":false,"path_per_floor":["M","?","M","M","M","R","E","R","T","R","M","R","?","?","R","B",null,"M","$","M","?","$","R","M","E","T","?","R","E","?","T","R","B"],"character_chosen":"DEFECT","items_purchased":["Self Repair","Block Potion"],"campfire_rested":4,"item_purchase_floors":[19,22],"current_hp_per_floor":[45,62,58,58,46,46,16,37,37,37,23,44,44,44,44,6,55,31,31,4,4,4,34,23,12,12,12,45,23,46,46,58,0],"gold":163,"neow_bonus":"ONE_RARE_RELIC","is_prod":false,"is_daily":false,"chose_seed":false,"campfire_upgraded":3,"win_rate":0,"timestamp":1541353203,"path_taken":["M","?","M","M","M","R","E","R","T","R","M","R","?","?","R","BOSS","M","$","M","?","?","R","M","E","T","?","R","E","?","?","R","BOSS"],"build_version":"2018-11-01","purchased_purges":1,"victory":false,"max_hp_per_floor":[71,71,71,71,71,71,71,71,71,71,71,71,71,71,71,71,71,71,71,71,71,71,71,71,71,71,71,71,71,71,71,71,71],"card_choices":[{"not_picked":["Double Energy","Redo","Force Field"],"picked":"SKIP","floor":1},{"not_picked":["Storm","Steam"],"picked":"FTL","floor":3},{"not_picked":["Skim","Hologram"],"picked":"White Noise","floor":4},{"not_picked":["Stack","Loop"],"picked":"Tempest","floor":5},{"not_picked":["Skim","Hyperbeam"],"picked":"Rebound","floor":7},{"not_picked":["Loop","Steam"],"picked":"Cold Snap","floor":11},{"not_picked":["Thunder Strike","Meteor Strike"],"picked":"Electrodynamics","floor":16},{"not_picked":["Cold Snap","Streamline"],"picked":"Hologram","floor":18},{"not_picked":["Doom and Gloom","Machine Learning"],"picked":"FTL","floor":20},{"not_picked":["Beam Cell","Hello World"],"picked":"Defragment","floor":24},{"not_picked":["Leap","Stack"],"picked":"Conserve Battery","floor":25},{"not_picked":["Streamline","Blizzard"],"picked":"Biased Cognition","floor":29}],"player_experience":189804,"relics_obtained":[{"floor":7,"key":"Juzu Bracelet"},{"floor":9,"key":"Blood Vial"},{"floor":25,"key":"Orichalcum"},{"floor":26,"key":"Toxic Egg 2"},{"floor":29,"key":"Frozen Egg 2"},{"floor":31,"key":"Oddly Smooth Stone"}],"event_choices":[{"damage_healed":17,"gold_gain":0,"player_choice":"Healed","damage_taken":0,"max_hp_gain":0,"max_hp_loss":0,"event_name":"The Cleric","floor":2,"gold_loss":35},{"cards_removed":["Strike_B"],"damage_healed":0,"gold_gain":0,"player_choice":"Purged","damage_taken":0,"max_hp_gain":0,"max_hp_loss":0,"event_name":"Purifier","floor":13,"gold_loss":0},{"damage_healed":0,"gold_gain":0,"player_choice":"Trade","damage_taken":0,"relics_obtained":["CultistMask"],"max_hp_gain":0,"max_hp_loss":0,"event_name":"FaceTrader","floor":14,"gold_loss":0},{"damage_healed":0,"gold_gain":0,"player_choice":"Upgrade","damage_taken":0,"max_hp_gain":0,"max_hp_loss":0,"event_name":"Designer","floor":21,"gold_loss":40,"cards_upgraded":["Electrodynamics"]},{"damage_healed":0,"gold_gain":0,"player_choice":"Opened","damage_taken":0,"relics_obtained":["Cables"],"max_hp_gain":0,"max_hp_loss":0,"event_name":"The Mausoleum","floor":27,"gold_loss":0,"cards_obtained":["Writhe"]},{"damage_healed":23,"gold_gain":0,"player_choice":"Heal","damage_taken":0,"max_hp_gain":0,"max_hp_loss":0,"event_name":"The Library","floor":30,"gold_loss":0}],"is_beta":false,"boss_relics":[{"not_picked":["FrozenCore","Velvet Choker"],"picked":"Eternal Feather"}],"items_purged_floors":[19],"is_endless":false,"potions_floor_spawned":[1,3,7,11,18,24,25],"killed_by":"Automaton","ascension_level":14}