{"gold_per_floor":[116,116,116,391,402,402,435,435,435,435,0,0,25,36,36,112,112,122,47,47,57,57,82,82,82,107,107,117,117,127,27,27,99,99,109,127,143,143,161,161,261,294,330,342,354,381,393,405,417,429],"floor_reached":50,"playtime":2318,"items_purged":["Regret","Strike_B"],"score":847,"play_id":"dd5fb792-7b6f-41aa-b0ee-42017ee67dab","local_time":"20181104134644","is_ascension_mode":true,"campfire_choices":[{"data":"Zap","floor":6.0,"key":"SMITH"},{"data":"Sweeping Beam","floor":8.0,"key":"SMITH"},{"data":"Self Repair","floor":10.0,"key":"SMITH"},{"floor":15.0,"key":"REST"},{"data":"Coolheaded","floor":24.0,"key":"SMITH"},{"data":"Conserve Battery","floor":29.0,"key":"SMITH"},{"floor":32.0,"key":"REST"},{"floor":40.0,"key":"REST"},{"floor":44.0,"key":"REST"},{"floor":47.0,"key":"REST"},{"floor":49.0,"key":"REST"}],"neow_cost":"NONE","seed_source_timestamp":92286075355242,"circlet_count":0,"master_deck":["AscendersBane","Strike_B","Strike_B","Defend_B","Defend_B","Defend_B","Defend_B","Zap+1","Dualcast","Sweeping Beam+1","Conserve Battery+1","White Noise","Cold Snap","Biased Cognition","Biased Cognition","Coolheaded+1","FTL+1","All For One","Rebound+1","Cold Snap+1","Creative AI","Madness","Madness","Conserve Battery+1"],"special_seed":0,"relics":["Cracked Core","Juzu Bracelet","Lantern","Pear","MealTicket","DataDisk","Darkstone Periapt","Incense Burner","Black Star","Blood Vial","Centennial Puzzle","Pen Nib","Ancient Tea Set","Busted Crown","StoneCalendar","MawBank","Oddly Smooth Stone","Potion Belt"],"potions_floor_usage":[],"damage_taken":[{"damage":0.0,"enemies":"Small Slimes","floor":1.0,"turns":2.0},{"damage":4.0,"enemies":"Cultist","floor":5.0,"turns":3.0},{"damage":41.0,"enemies":"Gremlin Nob","floor":7.0,"turns":4.0},{"damage":20.0,"enemies":"3 Sentries","floor":13.0,"turns":9.0},{"damage":5.0,"enemies":"Jaw Worm","floor":14.0,"turns":3.0},{"damage":51.0,"enemies":"The Guardian","floor":16.0,"turns":11.0},{"damage":6.0,"enemies":"Chosen","floor":18.0,"turns":4.0},{"damage":8.0,"enemies":"Shell Parasite","floor":21.0,"turns":9.0},{"damage":51.0,"enemies":"Slavers","floor":23.0,"turns":6.0},{"damage":0.0,"enemies":"Snake Plant","floor":25.0,"turns":1.0},{"damage":5.0,"enemies":"Centurion and Healer","floor":28.0,"turns":5.0},{"damage":11.0,"enemies":"Snecko","floor":30.0,"turns":7.0},{"damage":27.0,"enemies":"Automaton","floor":33.0,"turns":9.0},{"damage":4.0,"enemies":"Orb Walker","floor":35.0,"turns":4.0},{"damage":0.0,"enemies":"3 Shapes","floor":36.0,"turns":7.0},{"damage":11.0,"enemies":"Maw","floor":37.0,"turns":6.0},{"damage":30.0,"enemies":"Spire Growth","floor":39.0,"turns":6.0},{"damage":6.0,"enemies":"Mind Bloom Boss Battle","floor":41.0,"turns":7.0},{"damage":67.0,"enemies":"Giant Head","floor":42.0,"turns":8.0},{"damage":0.0,"enemies":"Transient","floor":45.0,"turns":2.0},{"damage":27.0,"enemies":"Jaw Worm Horde","floor":46.0,"turns":3.0},{"damage":101,"enemies":"Donu and Deca","floor":50,"turns":7}],"seed_played":"5104102828859630129","potions_obtained":[{"floor":5.0,"key":"GamblersBrew"},{"floor":13.0,"key":"SmokeBomb"},{"floor":18.0,"key":"Swift Potion"},{"floor":27.0,"key":"EntropicBrew"},{"floor":27.0,"key":"PowerPotion"},{"floor":28.0,"key":"Poison Potion"},{"floor":33.0,"key":"Energy Potion"},{"floor":37.0,"key":"Weak Potion"},{"floor":42.0,"key":"SmokeBomb"}],"is_trial":false,"path_per_floor":["M","?","?","?","M","R","E","R","T","R","$","T","E","M","R","B",null,"M","$","?","M","T","E","R","M","T","?","M","R","M","$","R","B",null,"M","M","M","?","M","R","?","E","T","R","M","M","R","?","R","B"],"character_chosen":"DEFECT","items_purchased":["White Noise","MealTicket","DataDisk","Dexterity Potion"],"campfire_rested":6,"item_purchase_floors":[11,11,11,11],"current_hp_per_floor":[64,69,69,69,65,65,31,31,41,41,41,41,31,36,61,20,70,74,84,86,86,86,45,45,47,47,47,54,54,55,55,80,65,81,86,86,86,75,57,82,86,29,29,54,56,41,66,66,86,0],"gold":429,"neow_bonus":"RANDOM_COMMON_RELIC","is_prod":false,"is_daily":false,"chose_seed":false,"campfire_upgraded":5,"win_rate":0,"timestamp":1541357204,"path_taken":["M","?","?","?","M","R","E","R","T","R","$","?","E","M","R","BOSS","M","$","?","M","?","E","R","M","T","?","M","R","M","?","R","BOSS","M","M","M","?","M","R","?","E","T","R","M","M","R","?","R","BOSS"],"build_version":"2018-11-01","purchased_purges":2,"victory":false,"max_hp_per_floor":[71,76,76,76,76,76,76,76,86,86,86,86,86,86,86,86,86,86,86,86,86,86,86,86,86,86,86,86,86,86,86,86,86,86,86,86,86,86,86,86,86,86,86,86,86,86,86,86,86,86],"card_choices":[{"not_picked":["Redo","Ball Lightning"],"picked":"Sweeping Beam","floor":1.0},{"not_picked":["Barrage","Ball Lightning"],"picked":"Self Repair","floor":5.0},{"not_picked":["Rip and Tear","Fusion"],"picked":"Conserve Battery","floor":7.0},{"not_picked":["Conserve Battery","Rip and Tear"],"picked":"Cold Snap","floor":13.0},{"not_picked":["Double Energy","Chill"],"picked":"Biased Cognition","floor":14.0},{"not_picked":["Fission","Buffer"],"picked":"Biased Cognition","floor":16.0},{"not_picked":["Streamline","Ball Lightning"],"picked":"Coolheaded","floor":18.0},{"not_picked":["Reinforced Body","Redo"],"picked":"FTL+1","floor":21.0},{"not_picked":["Streamline","Fission"],"picked":"All For One","floor":23.0},{"not_picked":["Steam","Fusion"],"picked":"Rebound+1","floor":28.0},{"not_picked":["Turbo","Redo"],"picked":"Cold Snap+1","floor":30.0},{"not_picked":["Seek","All For One"],"picked":"Creative AI","floor":33.0},{"not_picked":["Steam+1"],"picked":"SKIP","floor":35.0},{"not_picked":["Rebound"],"picked":"SKIP","floor":36.0},{"not_picked":["Chaos"],"picked":"SKIP","floor":37.0},{"not_picked":[],"picked":"Conserve Battery+1","floor":39.0},{"not_picked":["Sunder+1"],"picked":"SKIP","floor":42.0},{"not_picked":["FTL"],"picked":"SKIP","floor":46.0}],"player_experience":192047,"relics_obtained":[{"floor":7.0,"key":"Lantern"},{"floor":9.0,"key":"Pear"},{"floor":12.0,"key":"Darkstone Periapt"},{"floor":13.0,"key":"Incense Burner"},{"floor":22.0,"key":"Blood Vial"},{"floor":23.0,"key":"Centennial Puzzle"},{"floor":23.0,"key":"Pen Nib"},{"floor":26.0,"key":"Ancient Tea Set"},{"floor":41.0,"key":"StoneCalendar"},{"floor":42.0,"key":"MawBank"},{"floor":42.0,"key":"Oddly Smooth Stone"},{"floor":43.0,"key":"Potion Belt"}],"event_choices":[{"damage_healed":0.0,"max_hp_gain":5.0,"max_hp_loss":0.0,"gold_gain":0.0,"event_name":"Big Fish","player_choice":"Donut","floor":2.0,"gold_loss":0.0,"damage_taken":0.0},{"cards_removed":["Strike_B"],"damage_healed":0.0,"max_hp_gain":0.0,"max_hp_loss":0.0,"gold_gain":0.0,"event_name":"Bonfire Elementals","player_choice":"Offered Basic","floor":3.0,"gold_loss":0.0,"damage_taken":0.0},{"damage_healed":0.0,"max_hp_gain":0.0,"max_hp_loss":0.0,"gold_gain":275.0,"event_name":"Golden Shrine","player_choice":"Desecrate","floor":4.0,"gold_loss":0.0,"damage_taken":0.0,"cards_obtained":["Regret"]},{"damage_healed":28.0,"max_hp_gain":0.0,"max_hp_loss":0.0,"gold_gain":0.0,"event_name":"The Library","player_choice":"Heal","floor":20.0,"gold_loss":0.0,"damage_taken":0.0},{"damage_healed":0.0,"max_hp_gain":0.0,"max_hp_loss":0.0,"gold_gain":0.0,"event_name":"Lab","player_choice":"Got Potions","floor":27.0,"gold_loss":0.0,"damage_taken":0.0},{"damage_healed":0.0,"max_hp_gain":0.0,"max_hp_loss":0.0,"gold_gain":0.0,"event_name":"Winding Halls","player_choice":"Embrace Madness","floor":38.0,"gold_loss":0.0,"damage_taken":11.0,"cards_obtained":["Madness","Madness"]},{"damage_healed":0.0,"max_hp_gain":0.0,"max_hp_loss":0.0,"gold_gain":0.0,"event_name":"MindBloom","player_choice":"Fight","floor":41.0,"gold_loss":0.0,"damage_taken":0.0},{"cards_removed":["Self Repair"],"damage_healed":0.0,"max_hp_gain":0.0,"max_hp_loss":0.0,"gold_gain":0.0,"event_name":"Falling","player_choice":"Removed Power","floor":48.0,"gold_loss":0.0,"damage_taken":0.0}],"is_beta":false,"boss_relics":[{"not_picked":["Ectoplasm","Eternal Feather"],"picked":"Black Star"},{"not_picked":["Tiny House","Coffee Dripper"],"picked":"Busted Crown"}],"items_purged_floors":[19,31],"is_endless":false,"potions_floor_spawned":[5,13,18,25,28,33,35,37,42,45],"killed_by":"Donu and Deca","ascension_level":14}