{"gold_per_floor":[119,194,210,175,185,185,213,225,262,274,313,325,354,383,395,507,519,546,558,580,161,175,175,25,57,57,76,95,95,95,108,108,108],"floor_reached":33,"playtime":1454,"items_purged":["Strike_B+1"],"score":443,"play_id":"aa9b58fd-0edc-4965-a165-54daaf9f3c51","local_time":"20181103104942","is_ascension_mode":true,"campfire_choices":[{"data":"Zap","floor":6,"key":"SMITH"},{"data":"Dualcast","floor":8,"key":"SMITH"},{"floor":15,"key":"REST"},{"floor":23,"key":"REST"},{"floor":29,"key":"REST"},{"data":"Go for the Eyes","floor":32,"key":"SMITH"}],"neow_cost":"NONE","seed_source_timestamp":415407973672299,"circlet_count":0,"master_deck":["AscendersBane","Strike_B+1","Strike_B+1","Strike_B+1","Defend_B+1","Defend_B+1","Defend_B+1","Defend_B+1","Zap+1","Dualcast+1","Glacier","Gash","Compile Driver","Rebound","Loop+1","Zap","Hologram","Conserve Battery","Electrodynamics+1","Aggregate+1","Go for the Eyes+1","White Noise","Static Discharge+1","Capacitor+1","Capacitor+1"],"relics":["Cracked Core","Anchor","MawBank","Boot","Frozen Egg 2","Eternal Feather","OrangePellets","Juzu Bracelet","Omamori","Darkstone Periapt","Cables","Mummified Hand"],"potions_floor_usage":[7,11,11,16,16,33],"damage_taken":[{"damage":9,"enemies":"Jaw Worm","floor":1,"turns":4},{"damage":4,"enemies":"2 Louse","floor":3,"turns":3},{"damage":1,"enemies":"Cultist","floor":5,"turns":3},{"damage":14,"enemies":"3 Sentries","floor":7,"turns":9},{"damage":16,"enemies":"Lagavulin","floor":11,"turns":6},{"damage":1,"enemies":"3 Louse","floor":13,"turns":2},{"damage":0,"enemies":"Red Slaver","floor":14,"turns":3},{"damage":48,"enemies":"Hexaghost","floor":16,"turns":11},{"damage":21,"enemies":"Shell Parasite","floor":18,"turns":8},{"damage":0,"enemies":"Chosen","floor":20,"turns":4},{"damage":10,"enemies":"Snake Plant","floor":22,"turns":3},{"damage":29,"enemies":"Slavers","floor":25,"turns":3},{"damage":12,"enemies":"Cultist and Chosen","floor":27,"turns":5},{"damage":6,"enemies":"Snecko","floor":28,"turns":4},{"damage":8,"enemies":"Centurion and Healer","floor":31,"turns":6},{"damage":55,"enemies":"Automaton","floor":33,"turns":6}],"seed_played":"2382183064580162910","potions_obtained":[{"floor":3,"key":"EntropicBrew"},{"floor":5,"key":"Block Potion"},{"floor":14,"key":"Swift Potion"},{"floor":28,"key":"Energy Potion"},{"floor":31,"key":"Strength Potion"}],"is_trial":false,"path_per_floor":["M","?","M","?","M","R","E","R","T","$","E","?","M","M","R","B",null,"M","?","M","$","M","R","?","E","T","M","M","R","?","M","R","B"],"character_chosen":"DEFECT","items_purchased":["OrangePellets","Juzu Bracelet"],"campfire_rested":3,"item_purchase_floors":[21,21],"current_hp_per_floor":[59,48,44,62,61,61,47,47,47,47,31,31,30,30,52,4,57,36,36,36,36,26,60,60,31,31,19,13,47,47,39,54,0],"gold":108,"neow_bonus":"RANDOM_COMMON_RELIC","is_prod":false,"is_daily":false,"chose_seed":false,"campfire_upgraded":3,"win_rate":0,"timestamp":1541256582,"path_taken":["M","?","M","?","?","R","E","R","T","?","E","?","M","M","R","BOSS","M","?","M","$","M","R","?","E","T","M","M","R","?","M","R","BOSS"],"build_version":"2018-11-01","purchased_purges":1,"victory":false,"max_hp_per_floor":[75,75,75,75,75,75,75,75,75,75,75,75,75,75,75,75,75,75,75,75,75,75,75,75,75,75,75,75,75,75,75,75,75],"card_choices":[{"not_picked":["Beam Cell","Ball Lightning"],"picked":"Glacier","floor":1},{"not_picked":["Redo","White Noise"],"picked":"Gash","floor":3},{"not_picked":["Steam","Hello World"],"picked":"Compile Driver","floor":5},{"not_picked":["Sunder","Redo"],"picked":"Rebound","floor":7},{"not_picked":["Reinforced Body","Sunder","Redo"],"picked":"SKIP","floor":11},{"not_picked":["Ball Lightning","White Noise"],"picked":"Hologram","floor":13},{"not_picked":["Hologram","Beam Cell"],"picked":"Conserve Battery","floor":14},{"not_picked":["Fission","Amplify"],"picked":"Electrodynamics+1","floor":16},{"not_picked":["Leap","Coolheaded"],"picked":"Aggregate+1","floor":18},{"not_picked":["Leap","Undo"],"picked":"Go for the Eyes","floor":20},{"not_picked":["Ball Lightning","Recycle"],"picked":"White Noise","floor":22},{"not_picked":["Leap","Rebound","Multi-Cast"],"picked":"SKIP","floor":25},{"not_picked":["Undo","Storm+1"],"picked":"Static Discharge+1","floor":27},{"not_picked":["Beam Cell","Consume"],"picked":"Capacitor+1","floor":28},{"not_picked":["Streamline","Double Energy"],"picked":"Capacitor+1","floor":31}],"player_experience":168067,"relics_obtained":[{"floor":7,"key":"MawBank"},{"floor":9,"key":"Boot"},{"floor":11,"key":"Frozen Egg 2"},{"floor":25,"key":"Darkstone Periapt"},{"floor":26,"key":"Cables"}],"event_choices":[{"damage_healed":0,"gold_gain":75,"player_choice":"Gather Gold","damage_taken":11,"max_hp_gain":0,"max_hp_loss":0,"event_name":"World of Goop","floor":2,"gold_loss":0},{"damage_healed":18,"gold_gain":0,"player_choice":"Healed","damage_taken":0,"max_hp_gain":0,"max_hp_loss":0,"event_name":"The Cleric","floor":4,"gold_loss":35},{"damage_healed":0,"gold_gain":0,"player_choice":"2 cards matched","damage_taken":0,"max_hp_gain":0,"max_hp_loss":0,"event_name":"Match and Keep!","floor":12,"gold_loss":0,"cards_obtained":["Loop","Zap"]},{"damage_healed":0,"gold_gain":0,"player_choice":"Simplicity","damage_taken":0,"max_hp_gain":0,"max_hp_loss":0,"event_name":"Back to Basics","floor":19,"gold_loss":0,"cards_upgraded":["Strike_B","Strike_B","Strike_B","Strike_B","Defend_B","Defend_B","Defend_B","Defend_B"]},{"damage_healed":0,"gold_gain":0,"player_choice":"Paid Gold","damage_taken":0,"relics_obtained":["Omamori"],"max_hp_gain":0,"max_hp_loss":0,"event_name":"WeMeetAgain","floor":24,"gold_loss":150},{"damage_healed":0,"gold_gain":0,"player_choice":"Opened","damage_taken":0,"relics_obtained":["Mummified Hand"],"max_hp_gain":0,"max_hp_loss":0,"event_name":"The Mausoleum","floor":30,"gold_loss":0}],"is_beta":false,"boss_relics":[{"not_picked":["Calling Bell","Runic Pyramid"],"picked":"Eternal Feather"}],"items_purged_floors":[21],"is_endless":false,"potions_floor_spawned":[3,5,14,28,31],"killed_by":"Automaton","ascension_level":12}