{"gold_per_floor":[110,129,143,155,305,305,338,338,338,0,0,10,37,63,63,139,139,157,177,177,192,192],"floor_reached":22,"playtime":687,"items_purged":[],"score":392,"play_id":"0fce7838-4b9b-4b24-a773-02f1ed009cbb","local_time":"20181129194958","is_ascension_mode":true,"campfire_choices":[{"data":"Immolate","floor":6,"key":"SMITH"},{"data":"Bash","floor":11,"key":"SMITH"},{"data":"Spot Weakness","floor":15,"key":"SMITH"}],"neow_cost":"NONE","seed_source_timestamp":1319409931766586,"circlet_count":0,"master_deck":["AscendersBane","Strike_R","Strike_R","Defend_R","Defend_R","Defend_R","Defend_R","Bash+1","Immolate+1","Thunderclap","Shrug It Off","Headbutt","Spot Weakness+1","Feed","Shrug It Off","Heavy Blade","Reaper","Rupture+1","Seeing Red+1","Evolve+1","Warcry","Shrug It Off"],"relics":["Burning Blood","Self Forming Clay","Bottled Flame","Membership Card","Odd Mushroom","Dream Catcher","Astrolabe"],"potions_floor_usage":[14,16,16,22],"damage_taken":[{"damage":1,"enemies":"2 Louse","floor":1,"turns":2},{"damage":9,"enemies":"Jaw Worm","floor":2,"turns":3},{"damage":0,"enemies":"Small Slimes","floor":3,"turns":1},{"damage":2,"enemies":"2 Fungi Beasts","floor":4,"turns":2},{"damage":17,"enemies":"3 Sentries","floor":7,"turns":4},{"damage":0,"enemies":"3 Louse","floor":12,"turns":1},{"damage":0,"enemies":"The Mushroom Lair","floor":13,"turns":1},{"damage":20,"enemies":"Lagavulin","floor":14,"turns":3},{"damage":21,"enemies":"Slime Boss","floor":16,"turns":7},{"damage":20,"enemies":"2 Thieves","floor":18,"turns":3},{"damage":36,"enemies":"3 Byrds","floor":19,"turns":4},{"damage":18,"enemies":"3 Cultists","floor":21,"turns":3},{"damage":29,"enemies":"Colosseum Slavers","floor":22,"turns":4},{"damage":61,"enemies":"Colosseum Nobs","floor":22,"turns":3}],"seed_played":"-4905474089135547643","potions_obtained":[{"floor":1,"key":"FearPotion"},{"floor":4,"key":"Ancient Potion"},{"floor":14,"key":"Dexterity Potion"},{"floor":18,"key":"Dexterity Potion"}],"is_trial":false,"path_per_floor":["M","M","M","M","?","R","E","?","T","$","R","M","?","E","R","B",null,"M","M","?","M","?"],"character_chosen":"IRONCLAD","items_purchased":["Membership Card","Feed","Dexterity Potion"],"campfire_rested":0,"item_purchase_floors":[10,10,10],"current_hp_per_floor":[73,70,75,75,75,75,64,57,57,57,57,63,69,55,55,40,66,68,53,69,66,0],"gold":192,"neow_bonus":"ONE_RANDOM_RARE_CARD","is_prod":false,"is_daily":false,"chose_seed":false,"campfire_upgraded":3,"win_rate":0,"timestamp":1543538998,"path_taken":["M","M","M","M","?","R","E","?","T","$","R","M","?","E","R","BOSS","M","M","?","M","?"],"build_version":"2018-11-15","purchased_purges":0,"victory":false,"max_hp_per_floor":[75,75,75,75,75,75,75,75,75,75,75,75,75,75,75,75,75,75,78,78,78,81],"card_choices":[{"not_picked":["Uppercut","Sever Soul","Flex"],"picked":"SKIP","floor":1},{"not_picked":["Anger","Second Wind"],"picked":"Thunderclap","floor":2},{"not_picked":["Sever Soul","Anger"],"picked":"Shrug It Off","floor":3},{"not_picked":["Dropkick","Body Slam"],"picked":"Headbutt","floor":4},{"not_picked":["Shrug It Off","Carnage"],"picked":"Spot Weakness","floor":7},{"not_picked":["Iron Wave","Fiend Fire","Dual Wield"],"picked":"SKIP","floor":12},{"not_picked":["Warcry","Body Slam"],"picked":"Shrug It Off","floor":13},{"not_picked":["Corruption","Combust"],"picked":"Heavy Blade","floor":14},{"not_picked":["Exhume","Barricade"],"picked":"Reaper","floor":16},{"not_picked":["Iron Wave","True Grit"],"picked":"Warcry","floor":18},{"not_picked":["Wild Strike","Iron Wave"],"picked":"Shrug It Off","floor":19},{"not_picked":["Clothesline","Rage","Iron Wave"],"picked":"SKIP","floor":21}],"player_experience":551884,"relics_obtained":[{"floor":7,"key":"Self Forming Clay"},{"floor":9,"key":"Bottled Flame"},{"floor":13,"key":"Odd Mushroom"},{"floor":14,"key":"Dream Catcher"}],"event_choices":[{"damage_healed":0,"gold_gain":150,"player_choice":"AGREE","damage_taken":0,"max_hp_gain":0,"max_hp_loss":0,"event_name":"Liars Game","floor":5,"gold_loss":0,"cards_obtained":["Doubt"]},{"cards_removed":["Doubt"],"damage_healed":0,"gold_gain":0,"player_choice":"Card Removal","damage_taken":7,"max_hp_gain":0,"max_hp_loss":0,"event_name":"Golden Wing","floor":8,"gold_loss":0},{"damage_healed":0,"gold_gain":0,"player_choice":"Fought Mushrooms","damage_taken":0,"max_hp_gain":0,"max_hp_loss":0,"event_name":"Mushrooms","floor":13,"gold_loss":0},{"damage_healed":16,"gold_gain":0,"player_choice":"Heal","damage_taken":0,"max_hp_gain":0,"max_hp_loss":0,"event_name":"The Library","floor":20,"gold_loss":0},{"damage_healed":0,"gold_gain":0,"player_choice":"Fight","damage_taken":0,"max_hp_gain":0,"max_hp_loss":0,"event_name":"Colosseum","floor":22,"gold_loss":0},{"damage_healed":0,"gold_gain":0,"player_choice":"Fought Nobs","damage_taken":0,"max_hp_gain":0,"max_hp_loss":0,"event_name":"Colosseum","floor":22,"gold_loss":0}],"is_beta":false,"boss_relics":[{"not_picked":["Empty Cage","Black Blood"],"picked":"Astrolabe"}],"items_purged_floors":[],"is_endless":false,"potions_floor_spawned":[1,4,14,18,22],"killed_by":"Colosseum Nobs","ascension_level":20}