{"gold_per_floor":[109,125,200,9,184,184,198,210,210,221,221,249,24,34,34,34],"floor_reached":16,"playtime":1609,"items_purged":["Doubt"],"score":102,"play_id":"9f6f983f-1ed6-4105-bd94-0421d51e7b0f","local_time":"20190307163535","is_ascension_mode":false,"campfire_choices":[{"data":"Panache","floor":6,"key":"SMITH"},{"data":"Noxious Fumes","floor":11,"key":"SMITH"},{"floor":15,"key":"REST"}],"neow_cost":"NONE","seed_source_timestamp":21601844775831,"circlet_count":0,"master_deck":["Defend_G","Defend_G","Defend_G","Defend_G","Defend_G","Strike_G","Strike_G","Strike_G","Strike_G","Strike_G","Survivor","Neutralize","Predator","Acrobatics","Panache+1","Noxious Fumes+1","PiercingWail","Skewer","Doppelganger","Infinite Blades","Blur","Well Laid Plans"],"relics":["Ring of the Snake","Letter Opener","Pen Nib","Molten Egg 2"],"potions_floor_usage":[16,16,16],"damage_taken":[{"damage":0,"enemies":"Cultist","floor":1,"turns":5},{"damage":0,"enemies":"Jaw Worm","floor":2,"turns":3},{"damage":11,"enemies":"2 Louse","floor":7,"turns":3},{"damage":12,"enemies":"Looter","floor":8,"turns":4},{"damage":1,"enemies":"2 Fungi Beasts","floor":10,"turns":5},{"damage":15,"enemies":"Lagavulin","floor":12,"turns":8},{"damage":7,"enemies":"3 Louse","floor":14,"turns":3},{"damage":59,"enemies":"The Guardian","floor":16,"turns":8}],"seed_played":"3192177642631039804","potions_obtained":[{"floor":1,"key":"SkillPotion"},{"floor":2,"key":"GamblersBrew"},{"floor":8,"key":"SkillPotion"},{"floor":12,"key":"Block Potion"}],"is_trial":false,"path_per_floor":["M","M","T","$","?","R","M","M","T","M","R","E","$","M","R","B"],"character_chosen":"THE_SILENT","items_purchased":["Panache","Infinite Blades","Blur"],"campfire_rested":1,"item_purchase_floors":[4,13,13],"current_hp_per_floor":[77,77,77,77,77,77,66,54,54,53,53,38,38,31,54,0],"gold":34,"neow_bonus":"TEN_PERCENT_HP_BONUS","is_prod":false,"is_daily":false,"chose_seed":false,"campfire_upgraded":2,"win_rate":0.0,"timestamp":1551972935,"path_taken":["M","?","?","$","?","R","M","M","T","M","R","E","$","M","R","BOSS"],"build_version":"2019-01-23","purchased_purges":1,"victory":false,"max_hp_per_floor":[77,77,77,77,77,77,77,77,77,77,77,77,77,77,77,77],"card_choices":[{"not_picked":["Quick Slash","Eviscerate"],"picked":"Predator","floor":1},{"not_picked":["Dagger Throw","Poisoned Stab"],"picked":"Acrobatics","floor":2},{"not_picked":["Slice","Dagger Spray"],"picked":"Noxious Fumes","floor":7},{"not_picked":["Quick Slash","Finisher"],"picked":"PiercingWail","floor":8},{"not_picked":["Heel Hook","Poisoned Stab"],"picked":"Skewer","floor":10},{"not_picked":["Dagger Spray","Bane"],"picked":"Doppelganger","floor":12},{"not_picked":["Blade Dance","Outmaneuver"],"picked":"Well Laid Plans","floor":14}],"player_experience":55237,"relics_obtained":[{"floor":3,"key":"Letter Opener"},{"floor":9,"key":"Pen Nib"},{"floor":12,"key":"Molten Egg 2"}],"event_choices":[{"damage_healed":0,"gold_gain":175,"player_choice":"AGREE","damage_taken":0,"max_hp_gain":0,"max_hp_loss":0,"event_name":"Liars Game","floor":5,"gold_loss":0,"cards_obtained":["Doubt"]}],"is_beta":false,"boss_relics":[],"items_purged_floors":[13],"is_endless":false,"potions_floor_spawned":[1,2,8,12],"killed_by":"The Guardian","ascension_level":0}