{"gold_per_floor":[113,113,132,207,42,73,73,73,73,86,86,106,140,153,153,228,228,240,240,256,256,270,270,270],"floor_reached":24,"playtime":624,"items_purged":[],"score":439,"play_id":"36c00a68-429d-43a9-b016-63a80f3300bb","local_time":"20181128145100","is_ascension_mode":true,"campfire_choices":[{"data":"Immolate","floor":8,"key":"SMITH"},{"data":"Bash","floor":11,"key":"SMITH"},{"data":"Whirlwind","floor":15,"key":"SMITH"},{"floor":23,"key":"REST"}],"neow_cost":"NONE","seed_source_timestamp":1215135889633020,"circlet_count":0,"master_deck":["AscendersBane","Strike_R","Strike_R","Strike_R","Strike_R","Strike_R","Defend_R","Defend_R","Defend_R","Defend_R","Bash+1","Wild Strike","Evolve","Immolate+1","Shrug It Off","Whirlwind+1","Havoc","Uppercut","Reaper","Shockwave+1","Warcry","Intimidate+1"],"relics":["Burning Blood","NeowsBlessing","Gremlin Horn","PreservedInsect","Mercury Hourglass","Paper Frog","Regal Pillow","Black Star","MutagenicStrength"],"potions_floor_usage":[13,14,20],"damage_taken":[{"damage":0,"enemies":"Cultist","floor":1,"turns":1},{"damage":0,"enemies":"Small Slimes","floor":3,"turns":1},{"damage":0,"enemies":"Gremlin Nob","floor":6,"turns":1},{"damage":2,"enemies":"Jaw Worm","floor":10,"turns":3},{"damage":7,"enemies":"2 Fungi Beasts","floor":12,"turns":2},{"damage":20,"enemies":"Lagavulin","floor":13,"turns":5},{"damage":0,"enemies":"Gremlin Gang","floor":14,"turns":1},{"damage":22,"enemies":"Slime Boss","floor":16,"turns":7},{"damage":31,"enemies":"2 Thieves","floor":18,"turns":3},{"damage":45,"enemies":"Shell Parasite","floor":20,"turns":6},{"damage":1,"enemies":"Chosen and Byrds","floor":22,"turns":3},{"damage":49,"enemies":"Book of Stabbing","floor":24,"turns":3}],"seed_played":"5720623017212655217","potions_obtained":[{"floor":6,"key":"Explosive Potion"},{"floor":10,"key":"Dexterity Potion"},{"floor":13,"key":"Swift Potion"},{"floor":18,"key":"AttackPotion"}],"is_trial":false,"path_per_floor":["M","?","M","?","$","E","?","R","T","M","R","M","E","M","R","B",null,"M","?","M","?","M","R","E"],"character_chosen":"IRONCLAD","items_purchased":["PreservedInsect"],"campfire_rested":1,"item_purchase_floors":[5],"current_hp_per_floor":[74,63,69,58,58,64,53,53,53,57,57,56,42,48,48,32,64,39,39,7,7,12,49,0],"gold":270,"neow_bonus":"THREE_ENEMY_KILL","is_prod":false,"is_daily":false,"chose_seed":false,"campfire_upgraded":3,"win_rate":0,"timestamp":1543434660,"path_taken":["M","?","M","?","?","E","?","R","T","M","R","?","E","M","R","BOSS","M","?","M","?","M","R","E"],"build_version":"2018-11-15","purchased_purges":0,"victory":false,"max_hp_per_floor":[75,75,75,75,75,75,75,75,75,75,75,75,75,75,75,75,75,75,75,75,75,75,75,75],"card_choices":[{"not_picked":["Sword Boomerang","Heavy Blade"],"picked":"Wild Strike","floor":1},{"not_picked":["Thunderclap","Flex"],"picked":"Evolve","floor":3},{"not_picked":["Cleave","Rupture"],"picked":"Immolate","floor":6},{"not_picked":["Inflame","Heavy Blade"],"picked":"Shrug It Off","floor":10},{"not_picked":["Heavy Blade","Flex"],"picked":"Whirlwind","floor":12},{"not_picked":["Thunderclap","Iron Wave"],"picked":"Havoc","floor":13},{"not_picked":["Clash","Burning Pact"],"picked":"Uppercut","floor":14},{"not_picked":["Brutality","Double Tap"],"picked":"Reaper","floor":16},{"not_picked":["Clothesline","Warcry"],"picked":"Shockwave","floor":18},{"not_picked":["Pummel+1","Rupture"],"picked":"Warcry","floor":20},{"not_picked":["Searing Blow","Headbutt"],"picked":"Intimidate+1","floor":22}],"player_experience":530247,"relics_obtained":[{"floor":6,"key":"Mercury Hourglass"},{"floor":9,"key":"Paper Frog"},{"floor":13,"key":"Regal Pillow"}],"event_choices":[{"damage_healed":0,"gold_gain":0,"player_choice":"Success","damage_taken":11,"relics_obtained":["Gremlin Horn"],"max_hp_gain":0,"max_hp_loss":0,"event_name":"Scrap Ooze","floor":2,"gold_loss":0},{"damage_healed":0,"gold_gain":75,"player_choice":"Gather Gold","damage_taken":11,"max_hp_gain":0,"max_hp_loss":0,"event_name":"World of Goop","floor":4,"gold_loss":0},{"damage_healed":0,"gold_gain":0,"player_choice":"Damaged","damage_taken":11,"max_hp_gain":0,"max_hp_loss":0,"event_name":"Wheel of Change","floor":7,"gold_loss":0},{"damage_healed":0,"gold_gain":0,"player_choice":"Inject Mutagens","damage_taken":0,"relics_obtained":["MutagenicStrength"],"max_hp_gain":0,"max_hp_loss":0,"event_name":"Drug Dealer","floor":19,"gold_loss":0},{"damage_healed":0,"gold_gain":0,"player_choice":"Forge","damage_taken":0,"max_hp_gain":0,"max_hp_loss":0,"event_name":"Accursed Blacksmith","floor":21,"gold_loss":0,"cards_upgraded":["Shockwave"]}],"is_beta":false,"boss_relics":[{"not_picked":["Calling Bell","Ectoplasm"],"picked":"Black Star"}],"items_purged_floors":[],"is_endless":false,"potions_floor_spawned":[6,10,13,18],"killed_by":"Book of Stabbing","ascension_level":18}