{"gold_per_floor":[110,110,1,1,13,13,45,63,93,93,93,118,150,175,175,254,254,269,269,287,287,307,307,342,353,404,404,404,45,59,159,159,234,234,254,254,270,290,290],"floor_reached":39,"playtime":1915,"items_purged":[],"score":821,"play_id":"2c6872b1-fb7d-4d09-9da6-96ac6081e21a","local_time":"20181202111708","is_ascension_mode":true,"campfire_choices":[{"data":"Neutralize","floor":6,"key":"SMITH"},{"data":"Backflip","floor":10,"key":"SMITH"},{"floor":15,"key":"REST"},{"floor":23,"key":"REST"},{"floor":28,"key":"REST"},{"floor":32,"key":"REST"}],"neow_cost":"NONE","seed_source_timestamp":1546611749634433,"circlet_count":0,"master_deck":["AscendersBane","Defend_G+1","Defend_G+1","Defend_G+1","Defend_G+1","Defend_G+1","Strike_G+1","Strike_G+1","Strike_G+1","Strike_G+1","Strike_G+1","Survivor","Neutralize+1","Flying Knee+1","Well Laid Plans","Quick Slash","Riddle With Holes+1","Poisoned Stab","Backflip+1","Dodge and Roll","Die Die Die","PiercingWail","Prepared","Prepared","PiercingWail","Deflect+1","After Image","PiercingWail","Corpse Explosion","Cloak And Dagger+1","A Thousand Cuts","Blur","Escape Plan","Cloak And Dagger+1"],"relics":["Ring of the Snake","NeowsBlessing","Bottled Flame","Tiny Chest","Whetstone","Omamori","Bronze Scales","Philosopher\u0027s Stone","Du-Vu Doll","Strawberry","Bag of Preparation","ClockworkSouvenir","Unceasing Top","Ornamental Fan","Eternal Feather"],"potions_floor_usage":[13,16,31,39,39],"damage_taken":[{"damage":0,"enemies":"2 Louse","floor":1,"turns":1},{"damage":0,"enemies":"Small Slimes","floor":5,"turns":1},{"damage":0,"enemies":"3 Sentries","floor":7,"turns":2},{"damage":0,"enemies":"Jaw Worm","floor":8,"turns":3},{"damage":27,"enemies":"Lagavulin","floor":13,"turns":4},{"damage":15,"enemies":"Hexaghost","floor":16,"turns":9},{"damage":20,"enemies":"Shell Parasite","floor":18,"turns":4},{"damage":5,"enemies":"2 Thieves","floor":20,"turns":4},{"damage":4,"enemies":"Snake Plant","floor":22,"turns":3},{"damage":16,"enemies":"Gremlin Leader","floor":24,"turns":6},{"damage":14,"enemies":"Shelled Parasite and Fungi","floor":25,"turns":7},{"damage":0,"enemies":"Centurion and Healer","floor":30,"turns":4},{"damage":1,"enemies":"Colosseum Slavers","floor":31,"turns":2},{"damage":5,"enemies":"Colosseum Nobs","floor":31,"turns":4},{"damage":34,"enemies":"Collector","floor":33,"turns":12},{"damage":10,"enemies":"3 Darklings","floor":35,"turns":5},{"damage":8,"enemies":"Orb Walker","floor":37,"turns":4},{"damage":11,"enemies":"3 Darklings","floor":38,"turns":3},{"damage":31,"enemies":"Maw","floor":39,"turns":8}],"seed_played":"5361425744940822793","potions_obtained":[{"floor":1,"key":"AttackPotion"},{"floor":7,"key":"Poison Potion"},{"floor":24,"key":"Fire Potion"},{"floor":25,"key":"GhostInAJar"},{"floor":33,"key":"SteroidPotion"},{"floor":35,"key":"SteroidPotion"}],"is_trial":false,"path_per_floor":["M","?","$","?","M","R","E","M","T","R","?","T","E","T","R","B",null,"M","?","M","T","M","R","E","M","T","?","R","$","M","?","R","B",null,"M","?","M","M","M"],"character_chosen":"THE_SILENT","items_purchased":["Well Laid Plans","Quick Slash","ClockworkSouvenir","After Image","PiercingWail"],"campfire_rested":4,"item_purchase_floors":[3,3,29,29,29],"current_hp_per_floor":[59,39,39,39,39,39,39,39,39,39,39,39,12,12,31,16,54,34,34,29,29,25,44,35,21,21,21,42,42,42,36,57,23,61,51,47,39,28,0],"gold":290,"neow_bonus":"THREE_ENEMY_KILL","is_prod":false,"is_daily":false,"chose_seed":false,"campfire_upgraded":2,"win_rate":0,"timestamp":1543767428,"path_taken":["M","?","$","?","M","R","E","?","T","R","?","?","E","?","R","BOSS","M","?","M","?","M","R","E","M","T","?","R","$","M","?","R","BOSS","M","?","M","?","M"],"build_version":"2018-11-15","purchased_purges":0,"victory":false,"max_hp_per_floor":[66,66,66,66,66,66,66,66,66,66,66,66,66,66,66,66,66,66,66,66,66,66,66,73,73,73,73,73,73,73,73,73,73,73,73,73,73,73,73],"card_choices":[{"not_picked":["Underhanded Strike","Caltrops"],"picked":"Flying Knee","floor":1},{"not_picked":["Finisher","Eviscerate"],"picked":"Riddle With Holes","floor":5},{"not_picked":["Backflip","Doppelganger"],"picked":"Poisoned Stab","floor":7},{"not_picked":["Terror","Underhanded Strike"],"picked":"Backflip","floor":8},{"not_picked":["Reflex","Acrobatics"],"picked":"Dodge and Roll","floor":13},{"not_picked":["Storm of Steel","Doppelganger"],"picked":"Die Die Die","floor":16},{"not_picked":["Riddle With Holes","Noxious Fumes"],"picked":"PiercingWail","floor":18},{"not_picked":["Backflip","Tactician"],"picked":"Prepared","floor":20},{"not_picked":["Deflect","Dagger Throw"],"picked":"Prepared","floor":22},{"not_picked":["Underhanded Strike","Reflex"],"picked":"PiercingWail","floor":24},{"not_picked":["Predator","Backflip"],"picked":"Deflect+1","floor":25},{"not_picked":["Prepared","Underhanded Strike+1"],"picked":"Corpse Explosion","floor":30},{"not_picked":["Predator","Sucker Punch"],"picked":"Cloak And Dagger+1","floor":31},{"not_picked":["Unload","Wraith Form v2"],"picked":"A Thousand Cuts","floor":33},{"not_picked":["Deflect","Sucker Punch"],"picked":"Blur","floor":35},{"not_picked":["Prepared","Backstab"],"picked":"Escape Plan","floor":37},{"not_picked":["Acrobatics+1","Underhanded Strike+1"],"picked":"Cloak And Dagger+1","floor":38}],"player_experience":579130,"relics_obtained":[{"floor":7,"key":"Bottled Flame"},{"floor":9,"key":"Tiny Chest"},{"floor":12,"key":"Whetstone"},{"floor":13,"key":"Omamori"},{"floor":14,"key":"Bronze Scales"},{"floor":21,"key":"Du-Vu Doll"},{"floor":24,"key":"Strawberry"},{"floor":26,"key":"Bag of Preparation"},{"floor":31,"key":"Unceasing Top"},{"floor":31,"key":"Ornamental Fan"}],"event_choices":[{"damage_healed":0,"gold_gain":0,"player_choice":"Entered Light","damage_taken":20,"max_hp_gain":0,"max_hp_loss":0,"event_name":"Shining Light","floor":2,"gold_loss":0,"cards_upgraded":["Defend_G","Strike_G"]},{"damage_healed":0,"gold_gain":0,"player_choice":"Leave","damage_taken":0,"max_hp_gain":0,"max_hp_loss":0,"event_name":"The Cleric","floor":4,"gold_loss":0},{"damage_healed":0,"gold_gain":0,"player_choice":"Grow","damage_taken":0,"max_hp_gain":0,"max_hp_loss":0,"event_name":"Living Wall","floor":11,"gold_loss":0,"cards_upgraded":["Riddle With Holes"]},{"damage_healed":0,"gold_gain":0,"player_choice":"Simplicity","damage_taken":0,"max_hp_gain":0,"max_hp_loss":0,"event_name":"Back to Basics","floor":19,"gold_loss":0,"cards_upgraded":["Defend_G","Defend_G","Defend_G","Defend_G","Strike_G","Strike_G","Strike_G"]},{"damage_healed":0,"gold_gain":0,"player_choice":"Ignored","damage_taken":0,"max_hp_gain":0,"max_hp_loss":0,"event_name":"Vampires","floor":27,"gold_loss":0},{"damage_healed":0,"gold_gain":0,"player_choice":"Fight","damage_taken":0,"max_hp_gain":0,"max_hp_loss":0,"event_name":"Colosseum","floor":31,"gold_loss":0},{"damage_healed":0,"gold_gain":0,"player_choice":"Fought Nobs","damage_taken":0,"max_hp_gain":0,"max_hp_loss":0,"event_name":"Colosseum","floor":31,"gold_loss":0},{"damage_healed":0,"gold_gain":0,"player_choice":"Bought 0 Potions","damage_taken":0,"max_hp_gain":0,"max_hp_loss":0,"event_name":"The Woman in Blue","floor":36,"gold_loss":0}],"is_beta":false,"boss_relics":[{"not_picked":["Calling Bell","Lizard Tail"],"picked":"Philosopher\u0027s Stone"},{"not_picked":["Velvet Choker","Runic Pyramid"],"picked":"Eternal Feather"}],"items_purged_floors":[],"is_endless":false,"potions_floor_spawned":[1,7,24,25,31,33,35],"killed_by":"Maw","ascension_level":18}