{"gold_per_floor":[114,129,79,94,169,169,199,24,74,89,89,119,134,149,149,249,249,264,214,229,244,259,259,209,239,314,314,344,344,344,144,144,244,244,259,259,59,59,74,104,119,149,149,179,194,224,224,239,239,239],"floor_reached":51,"playtime":4061,"items_purged":["Redo","Consume","Skim"],"score":1140,"play_id":"0d9453f8-c6ee-45ad-ab50-7c9224cd3bc2","local_time":"20190308014447","daily_mods":["Insanity","Time Dilation","DeadlyEvents"],"is_ascension_mode":false,"campfire_choices":[{"data":"Loop","floor":6,"key":"SMITH"},{"floor":11,"key":"REST"},{"floor":15,"key":"REST"},{"data":"Tempest","floor":23,"key":"SMITH"},{"floor":27,"key":"REST"},{"data":"Tempest","floor":30,"key":"SMITH"},{"data":"Double Energy","floor":32,"key":"SMITH"},{"data":"Turbo","floor":47,"key":"SMITH"},{"floor":49,"key":"REST"}],"neow_cost":"","seed_source_timestamp":1805166202526100,"circlet_count":0,"master_deck":["Redo","Lockon","Cold Snap","Melter","Ball Lightning","Go for the Eyes","Turbo","Sweeping Beam","Sweeping Beam","Loop+1","Conserve Battery","Turbo+1","Stack","Sunder","Cold Snap","Tempest+1","Cold Snap","Turbo+1","Hello World","Hello World","Streamline","Coolheaded","Streamline","Genetic Algorithm","Steam","Sweeping Beam","Streamline","Redo","Steam","Double Energy+1","Streamline","Tempest+1","Conserve Battery","Coolheaded","Defragment","Loop","Gash","Ball Lightning","Steam","Steam Power+1","Leap","Compile Driver","Stack","Streamline","Compile Driver","Conserve Battery","Melter","Apotheosis+1","Glacier+1","Aggregate+1","Seek+1","Loop","Turbo+1","Redo+1","Genetic Algorithm+1","Seek+1","Conserve Battery+1","Steam+1","Reinforced Body+1","Seek+1","Writhe","Dramatic Entrance","Mind Blast","Master of Strategy+1","Hologram+1","Gash+1","Conserve Battery+1","Shame","Conserve Battery+1","Redo+1","Seek+1"],"special_seed":17962,"relics":["Cracked Core","Toxic Egg 2","DataDisk","Smiling Mask","Calipers","Orrery","Kunai","Frozen Egg 2","Bottled Lightning","PreservedInsect","Cursed Key","Chemical X","Ornamental Fan","War Paint","Letter Opener","Sundial","Meat on the Bone"],"potions_floor_usage":[13,16,21,22,28,33],"damage_taken":[{"damage":0,"enemies":"Small Slimes","floor":1,"turns":2},{"damage":11,"enemies":"Jaw Worm","floor":2,"turns":2},{"damage":4,"enemies":"Cultist","floor":4,"turns":3},{"damage":20,"enemies":"Gremlin Nob","floor":7,"turns":4},{"damage":12,"enemies":"Blue Slaver","floor":10,"turns":2},{"damage":2,"enemies":"3 Sentries","floor":12,"turns":4},{"damage":0,"enemies":"Exordium Thugs","floor":13,"turns":3},{"damage":1,"enemies":"2 Fungi Beasts","floor":14,"turns":2},{"damage":22,"enemies":"Hexaghost","floor":16,"turns":5},{"damage":7,"enemies":"2 Thieves","floor":18,"turns":2},{"damage":0,"enemies":"Spheric Guardian","floor":20,"turns":1},{"damage":0,"enemies":"Centurion and Healer","floor":21,"turns":3},{"damage":0,"enemies":"Sentry and Sphere","floor":22,"turns":2},{"damage":25,"enemies":"Slavers","floor":25,"turns":2},{"damage":2,"enemies":"Book of Stabbing","floor":28,"turns":7},{"damage":42,"enemies":"Automaton","floor":33,"turns":7},{"damage":7,"enemies":"3 Darklings","floor":35,"turns":5},{"damage":0,"enemies":"3 Shapes","floor":39,"turns":1},{"damage":0,"enemies":"Reptomancer","floor":40,"turns":1},{"damage":0,"enemies":"Maw","floor":41,"turns":1},{"damage":0,"enemies":"Nemesis","floor":42,"turns":1},{"damage":0,"enemies":"Giant Head","floor":44,"turns":1},{"damage":0,"enemies":"Sphere and 2 Shapes","floor":45,"turns":1},{"damage":0,"enemies":"Reptomancer","floor":46,"turns":1},{"damage":0,"enemies":"3 Darklings","floor":48,"turns":1},{"damage":0,"enemies":"Donu and Deca","floor":50,"turns":2}],"seed_played":"-6414622860042854824","potions_obtained":[{"floor":2,"key":"Regen Potion"},{"floor":7,"key":"GamblersBrew"},{"floor":13,"key":"FearPotion"},{"floor":16,"key":"AttackPotion"},{"floor":18,"key":"Swift Potion"},{"floor":21,"key":"SpeedPotion"},{"floor":22,"key":"Strength Potion"},{"floor":40,"key":"Explosive Potion"},{"floor":42,"key":"Energy Potion"}],"is_trial":false,"path_per_floor":["M","M","?","M","T","R","E","$","T","M","R","E","M","M","R","B",null,"M","$","M","M","M","R","$","E","T","R","E","?","R","$","R","B",null,"M","?","$","?","M","E","M","E","T","E","M","E","R","M","R","B",null],"character_chosen":"DEFECT","items_purchased":["Apotheosis+1","PreservedInsect","Chemical X"],"campfire_rested":4,"item_purchase_floors":[8,31,37],"current_hp_per_floor":[75,64,64,60,60,60,40,40,40,28,50,48,48,47,69,59,75,68,68,68,68,68,68,68,43,43,65,63,75,75,75,75,33,75,68,75,75,65,65,65,65,65,65,65,65,65,65,65,75,75],"gold":239,"neow_bonus":"","is_prod":false,"is_daily":true,"chose_seed":false,"campfire_upgraded":5,"win_rate":0,"timestamp":1551962687,"path_taken":["M","M","?","M","?","R","E","$","T","M","R","E","M","M","R","BOSS","M","$","M","M","M","R","$","E","T","R","E","?","R","?","R","BOSS","M","?","$","?","M","E","M","?","T","?","M","E","R","M","R","BOSS"],"build_version":"2019-01-23","purchased_purges":3,"victory":true,"max_hp_per_floor":[75,75,75,75,75,75,75,75,75,75,75,75,75,75,75,75,75,75,75,75,75,75,75,75,75,75,75,75,75,75,75,75,75,75,75,75,75,75,75,75,75,75,75,75,75,75,75,75,75,75],"card_choices":[{"not_picked":["Fusion","Cold Snap","Beam Cell"],"picked":"SKIP","floor":1},{"not_picked":["Capacitor","Chill","Sunder"],"picked":"SKIP","floor":2},{"not_picked":["Skim","Undo","Cold Snap"],"picked":"SKIP","floor":4},{"not_picked":["Turbo+1","Coolheaded+1"],"picked":"Melter","floor":7},{"not_picked":["Compile Driver","Leap+1"],"picked":"Glacier+1","floor":10},{"not_picked":["Beam Cell","Ball Lightning"],"picked":"Aggregate+1","floor":12},{"not_picked":["Beam Cell","BootSequence+1"],"picked":"Seek+1","floor":13},{"not_picked":["Doom and Gloom","Sweeping Beam"],"picked":"Loop","floor":14},{"not_picked":["Barrage","Scrape"],"picked":"Turbo+1","floor":17},{"not_picked":["Beam Cell","Compile Driver"],"picked":"Redo+1","floor":17},{"not_picked":["Go for the Eyes","Beam Cell"],"picked":"Genetic Algorithm+1","floor":17},{"not_picked":["Gash","Compile Driver"],"picked":"Seek+1","floor":17},{"not_picked":["Rip and Tear","Hello World"],"picked":"Conserve Battery+1","floor":17},{"not_picked":["Chill+1","Coolheaded+1"],"picked":"Steam+1","floor":18},{"not_picked":["Capacitor+1","Go for the Eyes"],"picked":"Reinforced Body+1","floor":20},{"not_picked":["Cold Snap","Ball Lightning","Hologram+1"],"picked":"SKIP","floor":21},{"not_picked":["Leap+1","Go for the Eyes","Loop"],"picked":"SKIP","floor":22},{"not_picked":["Gash+1","Lockon","Consume+1"],"picked":"SKIP","floor":25},{"not_picked":["Turbo+1","Coolheaded+1","Machine Learning+1"],"picked":"SKIP","floor":28},{"not_picked":["Multi-Cast+1","Rainbow+1"],"picked":"Seek+1","floor":33},{"not_picked":["Loop+1","Steam Power+1","Melter"],"picked":"SKIP","floor":35},{"not_picked":["Blind+1","HandOfGreed"],"picked":"Dramatic Entrance","floor":38},{"not_picked":["Thinking Ahead+1","Forethought+1"],"picked":"Mind Blast","floor":38},{"not_picked":["Deep Breath+1","Trip+1"],"picked":"Master of Strategy+1","floor":38},{"not_picked":["Redo+1","Hologram+1","Auto Shields+1"],"picked":"SKIP","floor":39},{"not_picked":["Sweeping Beam+1","Glacier+1"],"picked":"Hologram+1","floor":40},{"not_picked":["Coolheaded+1","Scrape"],"picked":"Gash+1","floor":41},{"not_picked":["Self Repair+1","Auto Shields+1"],"picked":"Conserve Battery+1","floor":42},{"not_picked":["Leap+1","Tempest+1"],"picked":"Conserve Battery+1","floor":44},{"not_picked":["Coolheaded+1","Leap+1"],"picked":"Redo+1","floor":45},{"not_picked":["Doom and Gloom+1","Barrage+1"],"picked":"Seek+1","floor":46},{"not_picked":["Undo+1","Ball Lightning+1","Heatsinks+1"],"picked":"SKIP","floor":48}],"player_experience":74099,"relics_obtained":[{"floor":5,"key":"Toxic Egg 2"},{"floor":7,"key":"DataDisk"},{"floor":9,"key":"Smiling Mask"},{"floor":12,"key":"Calipers"},{"floor":25,"key":"Kunai"},{"floor":26,"key":"Frozen Egg 2"},{"floor":28,"key":"Bottled Lightning"},{"floor":40,"key":"Ornamental Fan"},{"floor":42,"key":"War Paint"},{"floor":43,"key":"Letter Opener"},{"floor":44,"key":"Sundial"},{"floor":46,"key":"Meat on the Bone"}],"event_choices":[{"cards_removed":["Force Field"],"damage_healed":0,"gold_gain":0,"player_choice":"Card Removal","damage_taken":0,"max_hp_gain":0,"max_hp_loss":0,"event_name":"The Cleric","floor":3,"gold_loss":50},{"damage_healed":25,"gold_gain":0,"player_choice":"Heal","damage_taken":0,"max_hp_gain":0,"max_hp_loss":0,"event_name":"The Library","floor":29,"gold_loss":0},{"damage_healed":19,"gold_gain":0,"player_choice":"Writhe","damage_taken":0,"max_hp_gain":0,"max_hp_loss":0,"event_name":"Winding Halls","floor":36,"gold_loss":0,"cards_obtained":["Writhe"]},{"damage_healed":0,"gold_gain":0,"player_choice":"Memory 3","damage_taken":10,"max_hp_gain":0,"max_hp_loss":0,"event_name":"SensoryStone","floor":38,"gold_loss":0}],"is_beta":false,"boss_relics":[{"not_picked":["Velvet Choker","Sozu"],"picked":"Orrery"},{"not_picked":["Philosopher\u0027s Stone","Snecko Eye"],"picked":"Cursed Key"}],"items_purged_floors":[19,24,31],"is_endless":false,"potions_floor_spawned":[2,7,13,16,18,21,22,40,42,44,45,46],"ascension_level":0}