{"gold_per_floor":[115,134,147,166,177,177,202,221,291,291,291,11,11,25,25,99,99,114,114,133,145,161,161,0,27,52,52],"floor_reached":27,"playtime":1309,"items_purged":[],"score":462,"play_id":"af0fab55-93c9-4003-8c0b-9a302c67f47f","local_time":"20190208104835","is_ascension_mode":true,"campfire_choices":[{"floor":6,"key":"REST"},{"data":"Skewer","floor":11,"key":"SMITH"},{"floor":13,"key":"REST"},{"floor":15,"key":"REST"},{"floor":23,"key":"REST"}],"neow_cost":"PERCENT_DAMAGE","seed_source_timestamp":255242968436625,"circlet_count":0,"master_deck":["AscendersBane","Defend_G","Defend_G","Defend_G","Defend_G","Defend_G","Strike_G","Strike_G+1","Strike_G","Strike_G","Strike_G","Survivor","Neutralize","Die Die Die+1","Skewer+1","Sucker Punch","Flying Knee","Predator","Malaise","Noxious Fumes","Bouncing Flask","Corpse Explosion","After Image","Backflip","Leg Sweep","Terror+1","Dodge and Roll+1","Slice+1","Footwork","Prepared+1"],"relics":["Ring of the Snake","Dream Catcher","Kunai","Membership Card","White Beast Statue","Toxic Egg 2","Ninja Scroll","Whetstone"],"potions_floor_usage":[4,7,7,16,20,21,22,25,27],"damage_taken":[{"damage":8,"enemies":"Small Slimes","floor":1,"turns":5},{"damage":0,"enemies":"2 Louse","floor":2,"turns":2},{"damage":1,"enemies":"Cultist","floor":3,"turns":3},{"damage":19,"enemies":"Large Slime","floor":4,"turns":9},{"damage":0,"enemies":"Exordium Wildlife","floor":5,"turns":3},{"damage":20,"enemies":"Lagavulin","floor":7,"turns":8},{"damage":6,"enemies":"Red Slaver","floor":8,"turns":4},{"damage":7,"enemies":"Blue Slaver","floor":14,"turns":5},{"damage":20,"enemies":"The Guardian","floor":16,"turns":10},{"damage":36,"enemies":"3 Byrds","floor":18,"turns":4},{"damage":9,"enemies":"Spheric Guardian","floor":20,"turns":6},{"damage":7,"enemies":"Snecko","floor":21,"turns":6},{"damage":0,"enemies":"3 Cultists","floor":22,"turns":2},{"damage":25,"enemies":"Book of Stabbing","floor":25,"turns":9},{"damage":26,"enemies":"Colosseum Slavers","floor":27,"turns":4}],"seed_played":"2620116412938201717","potions_obtained":[{"floor":1,"key":"SpeedPotion"},{"floor":3,"key":"Strength Potion"},{"floor":4,"key":"GhostInAJar"},{"floor":7,"key":"SmokeBomb"},{"floor":18,"key":"Regen Potion"},{"floor":19,"key":"Block Potion"},{"floor":20,"key":"Explosive Potion"},{"floor":21,"key":"EssenceOfSteel"},{"floor":22,"key":"FairyPotion"},{"floor":25,"key":"Ancient Potion"}],"is_trial":false,"path_per_floor":["M","M","M","M","M","R","E","M","T","?","R","$","R","M","R","B",null,"M","?","M","M","M","R","$","E","T","?"],"character_chosen":"THE_SILENT","items_purchased":["Membership Card","Noxious Fumes","Dexterity Potion","Toxic Egg 2","Footwork"],"campfire_rested":4,"item_purchase_floors":[12,12,12,24,24],"current_hp_per_floor":[36,36,35,16,16,35,15,9,9,9,9,9,28,21,40,20,55,19,19,25,18,18,37,37,12,12,0],"gold":52,"neow_bonus":"THREE_RARE_CARDS","is_prod":false,"is_daily":false,"chose_seed":false,"campfire_upgraded":1,"win_rate":0,"timestamp":1549640915,"path_taken":["M","M","M","M","M","R","E","M","T","?","R","$","R","M","R","BOSS","M","?","M","?","M","R","$","E","T","?"],"build_version":"2019-01-23","purchased_purges":0,"victory":false,"max_hp_per_floor":[66,66,66,66,66,66,66,66,66,66,66,66,66,66,66,66,66,66,66,66,66,66,66,66,66,66,66],"card_choices":[{"not_picked":["Phantasmal Killer","Malaise"],"picked":"Die Die Die","floor":0},{"not_picked":["Cloak And Dagger","Acrobatics"],"picked":"Skewer","floor":1},{"not_picked":["Bane","Heel Hook"],"picked":"Sucker Punch","floor":2},{"not_picked":["Blade Dance","Outmaneuver","Deadly Poison"],"picked":"SKIP","floor":3},{"not_picked":["Bane","Blade Dance","Deadly Poison"],"picked":"SKIP","floor":4},{"not_picked":["Heel Hook","Calculated Gamble"],"picked":"Flying Knee","floor":5},{"not_picked":["Acrobatics","Quick Slash"],"picked":"Predator","floor":7},{"not_picked":["Dodge and Roll","Riddle With Holes"],"picked":"Malaise","floor":8},{"not_picked":["Deadly Poison","Flying Knee"],"picked":"Bouncing Flask","floor":14},{"not_picked":["Blur","Underhanded Strike"],"picked":"Corpse Explosion","floor":15},{"not_picked":["Glass Knife","Grand Finale"],"picked":"After Image","floor":16},{"not_picked":["Deflect","Blade Dance"],"picked":"Backflip","floor":18},{"not_picked":["Bane","Slice"],"picked":"Leg Sweep","floor":20},{"not_picked":["Caltrops","Acrobatics"],"picked":"Terror+1","floor":21},{"not_picked":["Bane","Concentrate"],"picked":"Dodge and Roll+1","floor":22},{"not_picked":["Sucker Punch","Infinite Blades"],"picked":"Slice+1","floor":23},{"not_picked":["Choke","Masterful Stab"],"picked":"Prepared+1","floor":25}],"player_experience":626271,"relics_obtained":[{"floor":7,"key":"Dream Catcher"},{"floor":9,"key":"Kunai"},{"floor":25,"key":"Ninja Scroll"},{"floor":26,"key":"Whetstone"}],"event_choices":[{"damage_healed":0,"gold_gain":0,"player_choice":"Ignored","damage_taken":0,"max_hp_gain":0,"max_hp_loss":0,"event_name":"Golden Idol","floor":10,"gold_loss":0},{"damage_healed":0,"gold_gain":0,"player_choice":"Got Potions","damage_taken":0,"max_hp_gain":0,"max_hp_loss":0,"event_name":"Lab","floor":19,"gold_loss":0},{"damage_healed":0,"gold_gain":0,"player_choice":"Fight","damage_taken":0,"max_hp_gain":0,"max_hp_loss":0,"event_name":"Colosseum","floor":27,"gold_loss":0}],"is_beta":false,"boss_relics":[{"not_picked":["Lizard Tail","Calling Bell"],"picked":"White Beast Statue"}],"items_purged_floors":[],"is_endless":false,"potions_floor_spawned":[1,3,4,7,18,20,21,22,25],"killed_by":"Colosseum Slavers","ascension_level":19}