{"path_per_floor":["M","$","M","?","M","R","E","M","T","M","R","?","M","M","R","B",null,"M","$","M"],"character_chosen":"DEFECT","items_purchased":["Gash","Bottled Tornado","Strength Potion"],"gold_per_floor":[110,31,49,49,68,68,99,115,115,127,127,127,142,162,162,287,287,312,2,18,18],"floor_reached":21,"campfire_rested":3,"playtime":937,"current_hp_per_floor":[70,70,67,60,59,75,50,40,40,40,62,62,48,41,61,28,69,24,24,17,0],"items_purged":[],"gold":18,"score":183,"play_id":"223a528c-bac1-427e-aed7-4719c5795fd2","local_time":"20180501201101","is_prod":false,"is_daily":false,"chose_seed":false,"is_ascension_mode":false,"campfire_upgraded":0,"timestamp":1525227061,"path_taken":["M","$","?","?","M","R","E","M","T","M","R","?","M","M","R","BOSS","M","$","M","M"],"build_version":"2018-05-01","seed_source_timestamp":1745830026186413,"purchased_purges":0,"victory":false,"master_deck":["Strike_B","Strike_B","Strike_B","Defend_B","Defend_B","Defend_B","Defend_B","Zap","Dualcast","Sunder","Gash","Blaster","Streamline","Blaster","Streamline","Prime","Glacier+1","Chaos+1","Hyperbeam","Capacitor","Amplify+1","Heatsinks","Heatsinks","Thunder Strike","Ball Lightning","Lockon"],"max_hp_per_floor":[75,75,75,75,75,75,75,75,75,75,75,69,69,69,69,69,69,69,69,69,69],"relics":["Runic Pyramid","Bottled Flame","Toxic Egg 2","Golden Idol","Orrery","Bottled Tornado"],"card_choices":[{"not_picked":["Beam Cell","Stack"],"picked":"Sunder","floor":1},{"not_picked":["Coolheaded","Auto Shields"],"picked":"Blaster","floor":3},{"not_picked":["Coolheaded","Impulse"],"picked":"Streamline","floor":5},{"not_picked":["Ball Lightning","Axe Kick"],"picked":"Blaster","floor":7},{"not_picked":["Tempest","Skim"],"picked":"Streamline","floor":8},{"not_picked":["Hologram","Sweeping Beam"],"picked":"Prime","floor":10},{"not_picked":["Rip and Tear","Stack"],"picked":"Glacier","floor":13},{"not_picked":["Leap","Sunder"],"picked":"Chaos","floor":14},{"not_picked":["Biased Cognition","Prime"],"picked":"Hyperbeam","floor":16},{"not_picked":["Leap","Lockon"],"picked":"Capacitor","floor":17},{"not_picked":["Barrage","Sweeping Beam"],"picked":"Amplify","floor":17},{"not_picked":["Leap","Stack"],"picked":"Heatsinks","floor":17},{"not_picked":["Hologram","Axe Kick"],"picked":"Heatsinks","floor":17},{"not_picked":["Go for the Eyes","Capacitor"],"picked":"Thunder Strike","floor":17},{"not_picked":["Aggregate","Impulse"],"picked":"Ball Lightning","floor":18},{"not_picked":["Consume","Beam Cell"],"picked":"Lockon","floor":20}],"player_experience":328380,"potions_floor_usage":[18,21,21,21],"damage_taken":[{"damage":5,"enemies":"Cultist","floor":1,"turns":4},{"damage":3,"enemies":"Small Slimes","floor":3,"turns":3},{"damage":1,"enemies":"Jaw Worm","floor":5,"turns":3},{"damage":25,"enemies":"3 Sentries","floor":7,"turns":7},{"damage":10,"enemies":"Looter","floor":8,"turns":3},{"damage":0,"enemies":"3 Louse","floor":10,"turns":3},{"damage":14,"enemies":"Blue Slaver","floor":13,"turns":3},{"damage":7,"enemies":"Exordium Wildlife","floor":14,"turns":3},{"damage":33,"enemies":"Hexaghost","floor":16,"turns":10},{"damage":45,"enemies":"3 Byrds","floor":18,"turns":7},{"damage":7,"enemies":"Spheric Guardian","floor":20,"turns":4},{"damage":19,"enemies":"Centurion and Healer","floor":21,"turns":7}],"event_choices":[{"event_name":"Golden Wing","player_choice":"Card Removal","floor":4,"damage_taken":0},{"event_name":"Golden Idol","player_choice":"Lose Max HP","floor":12,"damage_taken":0}],"boss_relics":[{"not_picked":["Ectoplasm","Cursed Key"],"picked":"Orrery"}],"potions_floor_spawned":[7,8,14],"seed_played":"-4153607306034885680","killed_by":"Centurion and Healer","ascension_level":0,"is_trial":false}