{"gold_per_floor":[113,113,28,44,0,0,0,0,0,0,26,40,14,34,34,34],"floor_reached":16,"playtime":424,"items_purged":[],"score":196,"play_id":"cb11d16e-b0fd-4ffa-b563-ad7d1958c041","local_time":"20190305161920","is_ascension_mode":true,"campfire_choices":[{"data":"Footwork","floor":6.0,"key":"SMITH"},{"data":"Neutralize","floor":8.0,"key":"SMITH"},{"data":"Dodge and Roll","floor":10.0,"key":"SMITH"},{"floor":15.0,"key":"REST"}],"neow_cost":"NONE","seed_source_timestamp":242525892206700,"circlet_count":0,"master_deck":["AscendersBane","Defend_G","Defend_G","Defend_G","Defend_G","Defend_G","Strike_G","Strike_G","Strike_G","Strike_G","Survivor","Neutralize+1","Dagger Spray","Footwork+1","Dodge and Roll+1","Deadly Poison","Cloak And Dagger","Cloak And Dagger"],"special_seed":0,"relics":["Ring of the Snake","Pear","Dodecahedron"],"potions_floor_usage":[16,16],"damage_taken":[{"damage":0.0,"enemies":"Cultist","floor":1.0,"turns":4.0},{"damage":4.0,"enemies":"Small Slimes","floor":4.0,"turns":4.0},{"damage":62.0,"enemies":"Gremlin Nob","floor":11.0,"turns":8.0},{"damage":0.0,"enemies":"Jaw Worm","floor":12.0,"turns":5.0},{"damage":2.0,"enemies":"Large Slime","floor":14.0,"turns":9.0},{"damage":39,"enemies":"Hexaghost","floor":16,"turns":14}],"seed_played":"6032640541520271374","potions_obtained":[{"floor":4.0,"key":"Energy Potion"},{"floor":11.0,"key":"Dexterity Potion"},{"floor":12.0,"key":"Strength Potion"}],"is_trial":false,"path_per_floor":["M","?","$","M","?","R","$","R","T","R","E","M","$","M","R","B"],"character_chosen":"THE_SILENT","items_purchased":["Footwork","Cloak And Dagger"],"campfire_rested":1,"item_purchase_floors":[3,13],"current_hp_per_floor":[65,65,65,61,61,61,61,61,71,71,9,9,9,7,31,0],"gold":34,"neow_bonus":"TEN_PERCENT_HP_BONUS","is_prod":false,"is_daily":false,"chose_seed":false,"campfire_upgraded":3,"win_rate":0,"timestamp":1551820760,"path_taken":["M","?","$","?","?","R","?","R","T","R","E","M","$","M","R","BOSS"],"build_version":"2019-01-23","purchased_purges":0,"victory":false,"max_hp_per_floor":[72,72,72,72,72,72,72,72,82,82,82,82,82,82,82,82],"card_choices":[{"not_picked":["Deflect","Tactician"],"picked":"Dagger Spray","floor":1.0},{"not_picked":["Underhanded Strike","All Out Attack"],"picked":"Dodge and Roll","floor":4.0},{"not_picked":["Flying Knee","Quick Slash"],"picked":"Deadly Poison","floor":11.0},{"not_picked":["Masterful Stab","Dagger Spray","Endless Agony"],"picked":"SKIP","floor":12.0},{"not_picked":["Masterful Stab","Deadly Poison"],"picked":"Cloak And Dagger","floor":14.0}],"player_experience":1294932,"relics_obtained":[{"floor":9.0,"key":"Pear"},{"floor":11.0,"key":"Dodecahedron"}],"event_choices":[{"cards_removed":["Strike_G"],"damage_healed":0.0,"max_hp_gain":0.0,"max_hp_loss":0.0,"gold_gain":0.0,"event_name":"Bonfire Elementals","player_choice":"Offered Basic","floor":2.0,"gold_loss":0.0,"damage_taken":0.0},{"damage_healed":0.0,"max_hp_gain":0.0,"max_hp_loss":0.0,"gold_gain":0.0,"event_name":"World of Goop","player_choice":"Left Gold","floor":5.0,"gold_loss":44.0,"damage_taken":0.0}],"is_beta":false,"boss_relics":[],"items_purged_floors":[],"is_endless":false,"potions_floor_spawned":[4,11,12],"killed_by":"Hexaghost","ascension_level":20}