{"gold_per_floor":[114,130,55,55,55,55,66,66,66,66,91,91,123,133,133,212,212,231,242,422,433,433],"floor_reached":22,"playtime":1023,"items_purged":[],"score":438,"play_id":"3268478f-fd31-4266-bcdb-3f97a5952736","local_time":"20190221200707","is_ascension_mode":true,"campfire_choices":[{"data":"Headbutt","floor":6,"key":"SMITH"},{"data":"Hemokinesis","floor":8,"key":"SMITH"},{"data":"Bash","floor":10,"key":"SMITH"},{"data":"Flame Barrier","floor":12,"key":"SMITH"},{"data":"Shrug It Off","floor":15,"key":"SMITH"}],"neow_cost":"TEN_PERCENT_HP_LOSS","seed_source_timestamp":394198020774837,"circlet_count":0,"master_deck":["AscendersBane","Defend_R","Defend_R","Defend_R","Defend_R","Bash+1","Reckless Charge","Headbutt+1","Flame Barrier+1","Hemokinesis+1","Shrug It Off+1","Reaper","Clothesline","Demon Form","Twin Strike+1","Perfected Strike+1","Headbutt+1","Limit Break"],"relics":["Burning Blood","Mummified Hand","Lantern","Astrolabe"],"potions_floor_usage":[11,16,21],"damage_taken":[{"damage":5,"enemies":"2 Louse","floor":1,"turns":4},{"damage":2,"enemies":"Jaw Worm","floor":2,"turns":4},{"damage":1,"enemies":"Cultist","floor":7,"turns":3},{"damage":19,"enemies":"Lagavulin","floor":11,"turns":5},{"damage":6,"enemies":"3 Sentries","floor":13,"turns":7},{"damage":21,"enemies":"Blue Slaver","floor":14,"turns":5},{"damage":16,"enemies":"Slime Boss","floor":16,"turns":6},{"damage":19,"enemies":"Chosen","floor":18,"turns":6},{"damage":22,"enemies":"Spheric Guardian","floor":19,"turns":5},{"damage":36,"enemies":"Centurion and Healer","floor":21,"turns":11},{"damage":48,"enemies":"Sentry and Sphere","floor":22,"turns":5}],"seed_played":"-5960960232630310742","potions_obtained":[{"floor":1,"key":"FearPotion"},{"floor":7,"key":"Dexterity Potion"},{"floor":11,"key":"Fire Potion"},{"floor":16,"key":"Regen Potion"}],"is_trial":false,"path_per_floor":["M","M","?","?","?","R","M","R","T","R","E","R","E","M","R","B",null,"M","M","?","M","M"],"character_chosen":"IRONCLAD","items_purchased":[],"campfire_rested":0,"item_purchase_floors":[],"current_hp_per_floor":[68,68,68,68,68,68,68,68,68,68,55,55,55,43,43,47,63,58,42,24,39,0],"gold":433,"neow_bonus":"TRANSFORM_TWO_CARDS","is_prod":false,"is_daily":false,"chose_seed":false,"campfire_upgraded":5,"win_rate":0,"timestamp":1550797627,"path_taken":["M","M","?","?","?","R","M","R","T","R","E","R","E","M","R","BOSS","M","M","?","?","M"],"build_version":"2019-01-23","purchased_purges":0,"victory":false,"max_hp_per_floor":[68,68,68,68,68,68,68,68,68,68,68,68,68,68,68,68,68,68,68,68,68,68],"card_choices":[{"not_picked":["Perfected Strike","Bloodletting"],"picked":"Headbutt","floor":1},{"not_picked":["Heavy Blade","Body Slam"],"picked":"Flame Barrier","floor":2},{"not_picked":["Flex","Sword Boomerang"],"picked":"Hemokinesis","floor":7},{"not_picked":["Shockwave","Rupture"],"picked":"Shrug It Off","floor":11},{"not_picked":["Pummel","Carnage"],"picked":"Reaper","floor":13},{"not_picked":["Clash","Dropkick"],"picked":"Clothesline","floor":14},{"not_picked":["Juggernaut","Limit Break"],"picked":"Demon Form","floor":16},{"not_picked":["Clash","Clothesline","Fire Breathing"],"picked":"SKIP","floor":18},{"not_picked":["Clash","Infernal Blade"],"picked":"Limit Break","floor":19},{"not_picked":["Clash","Armaments","Perfected Strike"],"picked":"SKIP","floor":21}],"player_experience":691449,"relics_obtained":[{"floor":9,"key":"Mummified Hand"},{"floor":11,"key":"Lantern"}],"event_choices":[{"cards_removed":["Strike_R"],"damage_healed":0,"gold_gain":0,"player_choice":"Card Removal","damage_taken":0,"max_hp_gain":0,"max_hp_loss":0,"event_name":"The Cleric","floor":3,"gold_loss":75},{"damage_healed":0,"gold_gain":0,"cards_transformed":["Strike_R"],"player_choice":"Change","damage_taken":0,"max_hp_gain":0,"max_hp_loss":0,"event_name":"Living Wall","floor":4,"gold_loss":0,"cards_obtained":["Rupture"]},{"damage_healed":0,"gold_gain":0,"player_choice":"Ignored","damage_taken":0,"max_hp_gain":0,"max_hp_loss":0,"event_name":"Liars Game","floor":5,"gold_loss":0},{"damage_healed":0,"gold_gain":180,"player_choice":"GOLD GOLD ","damage_taken":18,"max_hp_gain":0,"max_hp_loss":0,"event_name":"Knowing Skull","floor":20,"potions_obtained":[],"gold_loss":0,"cards_obtained":[]}],"is_beta":false,"boss_relics":[{"not_picked":["Lizard Tail","Tiny House"],"picked":"Astrolabe"}],"items_purged_floors":[],"is_endless":false,"potions_floor_spawned":[1,7,11,16],"killed_by":"Sentry and Sphere","ascension_level":20}