{"path_per_floor":["M","$","?","M","M","E","M","?","T","R","M","M","T","$","R","B",null,"M","?","$","M","?","R","M","M","T","?","M","R","E","M","R"],"character_chosen":"IRONCLAD","items_purchased":["Rampage","Feel No Pain","Reaper","Regen Potion","Flex","Iron Wave","Trip"],"gold_per_floor":[116,0,0,13,29,55,72,72,95,95,115,133,133,12,12,109,109,126,226,65,83,83,83,93,111,111,111,129,129,161,173,173],"floor_reached":33,"campfire_rested":5,"playtime":2104,"current_hp_per_floor":[64,64,39,36,28,31,17,17,17,41,39,45,45,45,69,40,80,66,66,66,69,54,81,75,42,42,42,50,80,31,12,43],"items_purged":[],"gold":173,"play_id":"99820c60-d013-45bb-a86d-74668d06db59","is_prod":false,"is_daily":false,"campfire_rituals":0,"campfire_upgraded":0,"is_hardmode":false,"path_taken":["M","$","?","?","M","E","M","?","T","R","M","M","?","$","R","BOSS","M","?","?","M","?","R","M","M","T","?","M","R","E","?","R","BOSS"],"build_version":"2017-12-21-PROD1","purchased_purges":0,"victory":false,"master_deck":["Strike_R","Strike_R","Strike_R","Strike_R","Strike_R","Defend_R","Bash","Brutality","Searing Blow","Rampage","Headbutt","Uppercut","Searing Blow","Flex","Iron Wave","Whirlwind","Sword Boomerang","Reaper","Feed","Iron Wave","Warcry","Feed","Dropkick","Flex","Iron Wave","Trip","Perfected Strike","Thunderclap","Shrug It Off","Rupture","Blood for Blood","Twin Strike"],"max_hp_per_floor":[80,80,80,80,80,80,80,80,80,80,80,80,80,80,80,80,80,83,83,83,87,92,92,96,100,100,100,100,100,104,104,104],"relics":["Burning Blood","Bag of Marbles","Red Skull","Ancient Tea Set","Girya","Astrolabe","Frozen Eye","Kunai"],"campfire_meditates":0,"card_choices":[{"not_picked":["Bloodletting","Body Slam"],"picked":"Searing Blow"},{"not_picked":["Pommel Strike","Warcry"],"picked":"Headbutt"},{"not_picked":["Hemokinesis","Bloodletting"],"picked":"Uppercut"},{"not_picked":["Burning Pact","Perfected Strike"],"picked":"Searing Blow"},{"not_picked":["Second Wind","Pommel Strike"],"picked":"Flex"},{"not_picked":["Flex","True Grit"],"picked":"Whirlwind"},{"not_picked":["Pommel Strike","Combust"],"picked":"Sword Boomerang"},{"not_picked":["Dark Embrace","Bludgeon"],"picked":"Feed"},{"not_picked":["Uppercut","Pommel Strike"],"picked":"Dropkick"},{"not_picked":["Bloodletting","Heavy Blade"],"picked":"Perfected Strike"},{"not_picked":["Bloodletting","Flex"],"picked":"Thunderclap"},{"not_picked":["Flex","Clash"],"picked":"Shrug It Off"},{"not_picked":["Headbutt","Whirlwind"],"picked":"Rupture"},{"not_picked":["Second Wind","Impervious"],"picked":"Blood for Blood"},{"not_picked":["Burning Pact","Warcry"],"picked":"Twin Strike"}],"player_experience":14624,"potions_floor_usage":[6],"damage_taken":[{"damage":22,"enemies":"Looter","floor":1,"turns":3},{"damage":9,"enemies":"Jaw Worm","floor":4,"turns":3},{"damage":14,"enemies":"Blue Slaver","floor":5,"turns":3},{"damage":3,"enemies":"Gremlin Nob","floor":6,"turns":3},{"damage":20,"enemies":"Lots of Slimes","floor":7,"turns":4},{"damage":8,"enemies":"3 Louse","floor":11,"turns":3},{"damage":0,"enemies":"Exordium Wildlife","floor":12,"turns":3},{"damage":53,"enemies":"Slime Boss","floor":16,"turns":12},{"damage":23,"enemies":"Spheric Guardian","floor":18,"turns":4},{"damage":7,"enemies":"Chosen","floor":21,"turns":3},{"damage":16,"enemies":"Snecko","floor":24,"turns":3},{"damage":50,"enemies":"Slaver and Parasite","floor":25,"turns":5},{"damage":16,"enemies":"3 Cultists","floor":28,"turns":4},{"damage":59,"enemies":"Book of Stabbing","floor":30,"turns":5},{"damage":25,"enemies":"Centurion and Healer","floor":31,"turns":5},{"damage":85,"enemies":"Collector","floor":33,"turns":6}],"event_choices":[{"event_name":"Scrap Ooze","player_choice":"success","floor":3,"damage_taken":25},{"event_name":"Transmorgrifier","player_choice":"Transform","floor":8,"damage_taken":0},{"event_name":"Golden Shrine","player_choice":"Pray","floor":19,"damage_taken":0},{"event_name":"Forgotten Altar","player_choice":"Shed Blood","floor":22,"damage_taken":0},{"event_name":"Back to Basics","player_choice":"Simplicity","floor":27,"damage_taken":0}],"boss_relics":[{"not_picked":["Philosopher\u0027s Stone","Snecko Eye"],"picked":"Astrolabe"}],"potions_floor_spawned":[1,5,12,16,30,31],"seed_played":"8080730657456686415","killed_by":"Collector","is_trial":false}