{"gold_per_floor":[119,132,132,150,150,150,181,181,181,214,214,226,239,256,256,330,330,346,346],"floor_reached":19,"playtime":1030,"items_purged":[],"score":383,"play_id":"872d4318-6bbc-4c49-85c8-43c48d5bacd4","local_time":"20190225181829","is_ascension_mode":true,"campfire_choices":[{"data":"Sword Boomerang","floor":6,"key":"SMITH"},{"data":"Bash","floor":8,"key":"SMITH"},{"floor":11,"key":"REST"},{"data":"True Grit","floor":15,"key":"SMITH"}],"neow_cost":"NONE","seed_source_timestamp":0,"circlet_count":0,"master_deck":["AscendersBane","Strike_R","Strike_R","Strike_R","Strike_R","Defend_R","Defend_R","Defend_R","Defend_R","Bash+1","Warcry","Sword Boomerang+1","Anger","True Grit+1","Combust","Demon Form","Immolate"],"special_seed":0,"relics":["Burning Blood","Kunai","Thread and Needle","Mango","Nunchaku","Velvet Choker"],"potions_floor_usage":[7,16],"damage_taken":[{"damage":15.0,"enemies":"Small Slimes","floor":1.0,"turns":5.0},{"damage":9.0,"enemies":"Jaw Worm","floor":2.0,"turns":6.0},{"damage":9.0,"enemies":"2 Louse","floor":4.0,"turns":4.0},{"damage":31,"enemies":"3 Sentries","floor":7,"turns":8},{"damage":39,"enemies":"Gremlin Nob","floor":10,"turns":5},{"damage":14,"enemies":"Large Slime","floor":12,"turns":5},{"damage":0,"enemies":"Looter","floor":13,"turns":4},{"damage":12,"enemies":"Lots of Slimes","floor":14,"turns":3},{"damage":42,"enemies":"The Guardian","floor":16,"turns":11},{"damage":5,"enemies":"Chosen","floor":18,"turns":5},{"damage":23,"enemies":"Colosseum Slavers","floor":19,"turns":4},{"damage":59,"enemies":"Colosseum Nobs","floor":19,"turns":4}],"seed_played":"-1349590792051940254","potions_obtained":[{"floor":2.0,"key":"SteroidPotion"},{"floor":13,"key":"FairyPotion"},{"floor":14,"key":"AttackPotion"}],"is_trial":false,"path_per_floor":["M","M","?","M","T","R","E","R","T","E","R","M","M","M","R","B",null,"M","?"],"character_chosen":"IRONCLAD","items_purchased":[],"campfire_rested":1,"item_purchase_floors":[],"current_hp_per_floor":[66,63,63,60,60,60,35,35,49,16,44,36,42,36,36,13,75,76,0],"gold":346,"neow_bonus":"TEN_PERCENT_HP_BONUS","is_prod":false,"is_daily":false,"chose_seed":false,"campfire_upgraded":3,"win_rate":0,"timestamp":1551136709,"path_taken":["M","M","?","M","?","R","E","R","T","E","R","M","M","?","R","BOSS","M","?"],"build_version":"2019-01-23","purchased_purges":0,"victory":false,"max_hp_per_floor":[82,82,82,82,82,82,82,82,96,96,96,96,96,96,96,96,96,96,96],"card_choices":[{"not_picked":["Havoc","Flex"],"picked":"Warcry","floor":1.0},{"not_picked":["Body Slam","Warcry"],"picked":"Sword Boomerang","floor":2.0},{"not_picked":["Bloodletting","Perfected Strike"],"picked":"Anger","floor":4.0},{"not_picked":["Seeing Red","Combust"],"picked":"True Grit","floor":7},{"not_picked":["Searing Blow","Warcry","Flex"],"picked":"SKIP","floor":10},{"not_picked":["Entrench","Sword Boomerang"],"picked":"Combust","floor":12},{"not_picked":["Clothesline","Iron Wave"],"picked":"Demon Form","floor":13},{"not_picked":["True Grit","Havoc","Inflame"],"picked":"SKIP","floor":14},{"not_picked":["Brutality","Bludgeon"],"picked":"Immolate","floor":16},{"not_picked":["Havoc","Thunderclap","Perfected Strike"],"picked":"SKIP","floor":18}],"player_experience":710211,"relics_obtained":[{"floor":5.0,"key":"Kunai"},{"floor":7,"key":"Thread and Needle"},{"floor":9,"key":"Mango"},{"floor":10,"key":"Nunchaku"}],"event_choices":[{"cards_removed":["Strike_R"],"damage_healed":0.0,"max_hp_gain":0.0,"max_hp_loss":0.0,"gold_gain":0.0,"event_name":"Living Wall","player_choice":"Forget","floor":3.0,"gold_loss":0.0,"damage_taken":0.0},{"damage_healed":0,"gold_gain":0,"player_choice":"Fight","damage_taken":0,"max_hp_gain":0,"max_hp_loss":0,"event_name":"Colosseum","floor":19,"gold_loss":0},{"damage_healed":0,"gold_gain":0,"player_choice":"Fought Nobs","damage_taken":0,"max_hp_gain":0,"max_hp_loss":0,"event_name":"Colosseum","floor":19,"gold_loss":0}],"is_beta":false,"boss_relics":[{"not_picked":["White Beast Statue","Black Blood"],"picked":"Velvet Choker"}],"items_purged_floors":[],"is_endless":false,"potions_floor_spawned":[2,13,14,19],"killed_by":"Colosseum Nobs","ascension_level":20}