{"gold_per_floor":[115,62,62,62,77,110,110,54,54,70,94,125,155,171,171,265,265,265,265,265,265],"floor_reached":21,"playtime":635,"items_purged":[],"score":428,"play_id":"e0c20a03-2680-4ae0-aee6-5466bf69a928","local_time":"20181129200641","is_ascension_mode":true,"campfire_choices":[{"data":"Bash","floor":7,"key":"SMITH"},{"data":"Blood for Blood","floor":15,"key":"SMITH"}],"neow_cost":"NONE","seed_source_timestamp":1320465927751245,"circlet_count":0,"master_deck":["AscendersBane","Strike_R","Strike_R","Strike_R+1","Strike_R","Strike_R","Defend_R","Defend_R","Defend_R","Defend_R","Bash+1","Pommel Strike","Cleave+1","Pommel Strike","Offering","Warcry","Feel No Pain+1","Thunderclap","Blood for Blood+1","Second Wind","Offering","True Grit","RitualDagger"],"relics":["Burning Blood","NeowsBlessing","Golden Idol","Pantograph","Frozen Egg 2","Happy Flower","Tiny Chest","Ectoplasm"],"potions_floor_usage":[12,16],"damage_taken":[{"damage":0,"enemies":"Jaw Worm","floor":1,"turns":1},{"damage":0,"enemies":"Cultist","floor":5,"turns":1},{"damage":0,"enemies":"3 Sentries","floor":6,"turns":1},{"damage":0,"enemies":"Small Slimes","floor":10,"turns":2},{"damage":15,"enemies":"Blue Slaver","floor":11,"turns":3},{"damage":30,"enemies":"Lagavulin","floor":12,"turns":7},{"damage":9,"enemies":"Red Slaver","floor":14,"turns":3},{"damage":36,"enemies":"Hexaghost","floor":16,"turns":8},{"damage":6,"enemies":"Chosen","floor":18,"turns":4},{"damage":32,"enemies":"3 Byrds","floor":19,"turns":6},{"damage":37,"enemies":"Centurion and Healer","floor":21,"turns":5}],"seed_played":"-8932115151431224905","potions_obtained":[{"floor":1,"key":"Block Potion"},{"floor":14,"key":"LiquidBronze"},{"floor":19,"key":"SpeedPotion"}],"is_trial":false,"path_per_floor":["M","$","?","?","M","E","R","$","T","M","M","E","T","M","R","B",null,"M","M","?","M"],"character_chosen":"IRONCLAD","items_purchased":["Cleave","Warcry"],"campfire_rested":0,"item_purchase_floors":[2,8],"current_hp_per_floor":[74,74,68,48,54,60,60,60,60,66,57,33,33,30,30,25,57,57,31,25,0],"gold":265,"neow_bonus":"THREE_ENEMY_KILL","is_prod":false,"is_daily":false,"chose_seed":false,"campfire_upgraded":2,"win_rate":0,"timestamp":1543540001,"path_taken":["M","$","?","?","M","E","R","?","T","?","M","E","?","M","R","BOSS","M","M","?","M"],"build_version":"2018-11-15","purchased_purges":0,"victory":false,"max_hp_per_floor":[75,75,68,68,68,68,68,68,68,68,68,68,68,68,68,68,68,68,68,68,68],"card_choices":[{"not_picked":["Hemokinesis","Burning Pact"],"picked":"Pommel Strike","floor":1},{"not_picked":["Body Slam","Perfected Strike"],"picked":"Pommel Strike","floor":5},{"not_picked":["Juggernaut","Havoc"],"picked":"Offering","floor":6},{"not_picked":["Wild Strike","Clash"],"picked":"Feel No Pain+1","floor":10},{"not_picked":["Sentinel","Armaments"],"picked":"Thunderclap","floor":11},{"not_picked":["Pommel Strike","Rampage"],"picked":"Blood for Blood","floor":12},{"not_picked":["Intimidate","Carnage"],"picked":"Second Wind","floor":14},{"not_picked":["Limit Break","Feed"],"picked":"Offering","floor":16},{"not_picked":["Clash","Armaments","Cleave+1"],"picked":"SKIP","floor":18},{"not_picked":["Combust+1","Fire Breathing+1"],"picked":"True Grit","floor":19}],"player_experience":552915,"relics_obtained":[{"floor":6,"key":"Pantograph"},{"floor":9,"key":"Frozen Egg 2"},{"floor":12,"key":"Happy Flower"},{"floor":13,"key":"Tiny Chest"}],"event_choices":[{"damage_healed":0,"gold_gain":0,"player_choice":"Lose Max HP","damage_taken":0,"relics_obtained":["Golden Idol"],"max_hp_gain":0,"max_hp_loss":7,"event_name":"Golden Idol","floor":3,"gold_loss":0},{"damage_healed":0,"gold_gain":0,"player_choice":"Entered Light","damage_taken":20,"max_hp_gain":0,"max_hp_loss":0,"event_name":"Shining Light","floor":4,"gold_loss":0,"cards_upgraded":["Cleave","Strike_R"]},{"damage_healed":0,"gold_gain":0,"player_choice":"Joined the Cult","damage_taken":6,"max_hp_gain":0,"max_hp_loss":0,"event_name":"Nest","floor":20,"gold_loss":0,"cards_obtained":["RitualDagger"]}],"is_beta":false,"boss_relics":[{"not_picked":["Runic Pyramid","Orrery"],"picked":"Ectoplasm"}],"items_purged_floors":[],"is_endless":false,"potions_floor_spawned":[1,14,19],"killed_by":"Centurion and Healer","ascension_level":20}