{"gold_per_floor":[109,40,53,53,53,86,105,105,105,57,84,100,26,38,38,134,184,198,209,209,209,209],"floor_reached":22,"playtime":2314,"items_purged":[],"score":219,"play_id":"fd34346f-7727-4be0-9a5d-39e1f8ac7e6b","local_time":"20190301223514","is_ascension_mode":false,"campfire_choices":[{"floor":8,"key":"REST"},{"data":"Armaments","floor":15,"key":"SMITH"}],"neow_cost":"PERCENT_DAMAGE","seed_source_timestamp":19277688567977,"circlet_count":0,"master_deck":["Defend_R","Defend_R","Defend_R","Bash","Offering","Anger+1","Infernal Blade","Carnage","Cleave","Warcry","Twin Strike","Shrug It Off","Armaments+1","Combust+1","Inflame","Battle Trance","Reaper","Clash","Pommel Strike","Clash+1","Bite","Bite","Bite","Bite","Bite"],"relics":["Burning Blood","Pantograph","Whetstone","Question Card","Strawberry","Tiny House"],"potions_floor_usage":[],"damage_taken":[{"damage":1,"enemies":"Cultist","floor":1,"turns":3},{"damage":0,"enemies":"2 Louse","floor":3,"turns":2},{"damage":19,"enemies":"3 Sentries","floor":6,"turns":4},{"damage":3,"enemies":"Jaw Worm","floor":7,"turns":3},{"damage":24,"enemies":"Lagavulin","floor":11,"turns":4},{"damage":13,"enemies":"Blue Slaver","floor":12,"turns":2},{"damage":6,"enemies":"2 Fungi Beasts","floor":14,"turns":2},{"damage":53,"enemies":"The Guardian","floor":16,"turns":13},{"damage":17,"enemies":"Chosen","floor":18,"turns":3},{"damage":25,"enemies":"Shell Parasite","floor":19,"turns":5},{"damage":34,"enemies":"Colosseum Slavers","floor":22,"turns":5},{"damage":71,"enemies":"Colosseum Nobs","floor":22,"turns":5}],"seed_played":"9052555757473329528","potions_obtained":[{"floor":1,"key":"Energy Potion"},{"floor":3,"key":"SkillPotion"},{"floor":7,"key":"SteroidPotion"},{"floor":16,"key":"Regen Potion"},{"floor":17,"key":"Ancient Potion"}],"is_trial":false,"path_per_floor":["M","$","M","?","?","E","M","R","T","$","E","M","$","M","R","B",null,"M","M","?","?","?"],"character_chosen":"IRONCLAD","items_purchased":["Carnage","Shrug It Off","Inflame"],"campfire_rested":1,"item_purchase_floors":[2,10,13],"current_hp_per_floor":[61,61,67,55,60,47,50,75,75,75,64,57,57,57,57,35,97,86,67,67,67,0],"gold":209,"neow_bonus":"TRANSFORM_TWO_CARDS","is_prod":false,"is_daily":false,"chose_seed":false,"campfire_upgraded":1,"win_rate":0.0,"timestamp":1551501314,"path_taken":["M","?","M","?","?","E","?","R","T","$","E","M","$","M","R","BOSS","M","M","?","?","?"],"build_version":"2019-01-23","purchased_purges":0,"victory":false,"max_hp_per_floor":[80,80,80,80,85,85,85,85,85,85,92,92,92,92,92,92,97,97,97,97,67,67],"card_choices":[{"not_picked":["Ghostly Armor","Armaments"],"picked":"Infernal Blade","floor":1},{"not_picked":["Reckless Charge","Power Through"],"picked":"Cleave","floor":3},{"not_picked":["True Grit","Body Slam"],"picked":"Warcry","floor":6},{"not_picked":["Clothesline","Thunderclap"],"picked":"Twin Strike","floor":7},{"not_picked":["Headbutt","Blood for Blood","Perfected Strike"],"picked":"Armaments","floor":11},{"not_picked":["Cleave","Uppercut","Rupture"],"picked":"Combust","floor":12},{"not_picked":["Iron Wave","Cleave","Searing Blow"],"picked":"Battle Trance","floor":14},{"not_picked":["Berserk","Fiend Fire","Dark Embrace"],"picked":"Reaper","floor":16},{"not_picked":["Perfected Strike","Corruption","Flex"],"picked":"Clash","floor":17},{"not_picked":["Feel No Pain","Power Through","Uppercut"],"picked":"Pommel Strike","floor":18},{"not_picked":["Body Slam","Iron Wave","True Grit"],"picked":"Clash+1","floor":19}],"player_experience":12541,"relics_obtained":[{"floor":6,"key":"Whetstone"},{"floor":9,"key":"Question Card"},{"floor":11,"key":"Strawberry"}],"event_choices":[{"damage_healed":0,"gold_gain":0,"player_choice":"Success","damage_taken":12,"relics_obtained":["Pantograph"],"max_hp_gain":0,"max_hp_loss":0,"event_name":"Scrap Ooze","floor":4,"gold_loss":0},{"damage_healed":0,"gold_gain":0,"player_choice":"Donut","damage_taken":0,"max_hp_gain":5,"max_hp_loss":0,"event_name":"Big Fish","floor":5,"gold_loss":0},{"damage_healed":0,"gold_gain":0,"player_choice":"Ignored","damage_taken":0,"max_hp_gain":0,"max_hp_loss":0,"event_name":"Beggar","floor":20,"gold_loss":0},{"damage_healed":0,"gold_gain":0,"player_choice":"Became a vampire","damage_taken":0,"max_hp_gain":0,"max_hp_loss":30,"event_name":"Vampires","floor":21,"gold_loss":0,"cards_obtained":["Bite","Bite","Bite","Bite","Bite"]},{"damage_healed":0,"gold_gain":0,"player_choice":"Fight","damage_taken":0,"max_hp_gain":0,"max_hp_loss":0,"event_name":"Colosseum","floor":22,"gold_loss":0},{"damage_healed":0,"gold_gain":0,"player_choice":"Fought Nobs","damage_taken":0,"max_hp_gain":0,"max_hp_loss":0,"event_name":"Colosseum","floor":22,"gold_loss":0}],"is_beta":false,"boss_relics":[{"not_picked":["White Beast Statue","Empty Cage"],"picked":"Tiny House"}],"items_purged_floors":[],"is_endless":false,"potions_floor_spawned":[1,3,7,16,22],"killed_by":"Colosseum Nobs","ascension_level":0}