{"gold_per_floor":[109,109,126,144,163,163,188,188,239,258,258,29,61,61,61,162,162,182,195,213,213,213,213],"floor_reached":23,"playtime":918,"items_purged":[],"score":302,"play_id":"1c913f6f-172e-49c8-b99e-cfe7677d0c28","local_time":"20181102133304","is_ascension_mode":true,"campfire_choices":[{"data":"Redo","floor":6,"key":"SMITH"},{"floor":8,"key":"REST"},{"data":"Darkness","floor":11,"key":"SMITH"},{"floor":15,"key":"REST"}],"neow_cost":"NONE","seed_source_timestamp":339344468728960,"circlet_count":0,"master_deck":["AscendersBane","Strike_B","Strike_B","Strike_B","Strike_B","Defend_B","Defend_B","Defend_B","Defend_B","Zap+1","Dualcast","Redo+1","Cold Snap","Rebound","Sweeping Beam","Self Repair","Darkness+1","Gash","Echo Form","Multi-Cast","Conserve Battery","Go for the Eyes","Coolheaded","Decay"],"relics":["Cracked Core","Ornamental Fan","Dream Catcher","OrangePellets","Orichalcum","Black Star"],"potions_floor_usage":[16,18,18],"damage_taken":[{"damage":2,"enemies":"Jaw Worm","floor":1,"turns":4},{"damage":9,"enemies":"2 Louse","floor":3,"turns":2},{"damage":0,"enemies":"Cultist","floor":4,"turns":4},{"damage":5,"enemies":"Looter","floor":5,"turns":3},{"damage":22,"enemies":"Gremlin Nob","floor":7,"turns":4},{"damage":2,"enemies":"Exordium Thugs","floor":10,"turns":4},{"damage":30,"enemies":"Lagavulin","floor":13,"turns":7},{"damage":32,"enemies":"Slime Boss","floor":16,"turns":7},{"damage":34,"enemies":"2 Thieves","floor":18,"turns":3},{"damage":20,"enemies":"Spheric Guardian","floor":19,"turns":4},{"damage":23,"enemies":"Cultist and Chosen","floor":20,"turns":5},{"damage":34,"enemies":"Book of Stabbing","floor":23,"turns":3}],"seed_played":"-1858275865345659656","potions_obtained":[{"floor":5,"key":"Strength Potion"},{"floor":7,"key":"Explosive Potion"},{"floor":13,"key":"SkillPotion"},{"floor":14,"key":"Energy Potion"},{"floor":20,"key":"FairyPotion"}],"is_trial":false,"path_per_floor":["M","?","M","M","M","R","E","R","T","M","R","$","E","?","R","B",null,"M","M","M","?","?","E"],"character_chosen":"DEFECT","items_purchased":["OrangePellets","Gash"],"campfire_rested":2,"item_purchase_floors":[12,12],"current_hp_per_floor":[66,71,62,62,57,57,35,59,59,64,64,64,41,41,65,40,70,43,30,14,14,14,0],"gold":213,"neow_bonus":"UPGRADE_CARD","is_prod":false,"is_daily":false,"chose_seed":false,"campfire_upgraded":2,"win_rate":0,"timestamp":1541179984,"path_taken":["M","?","M","M","M","R","E","R","T","M","R","$","E","?","R","BOSS","M","M","?","?","?","E"],"build_version":"2018-11-01","purchased_purges":0,"victory":false,"max_hp_per_floor":[75,80,80,80,80,80,80,80,80,80,80,80,80,80,80,80,80,80,80,80,80,80,80],"card_choices":[{"not_picked":["Sweeping Beam","Stack"],"picked":"Redo","floor":1},{"not_picked":["Hologram","Rainbow"],"picked":"Cold Snap","floor":3},{"not_picked":["Streamline","Turbo"],"picked":"Rebound","floor":4},{"not_picked":["Steam","Leap"],"picked":"Sweeping Beam","floor":5},{"not_picked":["Glacier","Turbo"],"picked":"Self Repair","floor":7},{"not_picked":["Glacier","BootSequence"],"picked":"Darkness","floor":10},{"not_picked":["Reinforced Body","Steam","Beam Cell"],"picked":"SKIP","floor":13},{"not_picked":["Turbo","Ball Lightning"],"picked":"Echo Form","floor":15},{"not_picked":["Thunder Strike","Echo Form"],"picked":"Multi-Cast","floor":16},{"not_picked":["Force Field","Redo"],"picked":"Conserve Battery","floor":18},{"not_picked":["Turbo","Redo"],"picked":"Go for the Eyes","floor":19},{"not_picked":["Self Repair","Hologram"],"picked":"Coolheaded","floor":20}],"player_experience":153673,"relics_obtained":[{"floor":7,"key":"Ornamental Fan"},{"floor":9,"key":"Dream Catcher"},{"floor":13,"key":"Orichalcum"}],"event_choices":[{"damage_healed":0,"gold_gain":0,"player_choice":"Donut","damage_taken":0,"max_hp_gain":5,"max_hp_loss":0,"event_name":"Big Fish","floor":2,"gold_loss":0},{"damage_healed":0,"gold_gain":0,"player_choice":"Got Potions","damage_taken":0,"max_hp_gain":0,"max_hp_loss":0,"event_name":"Lab","floor":14,"gold_loss":0},{"damage_healed":0,"gold_gain":0,"player_choice":"Smashed Altar","damage_taken":0,"max_hp_gain":0,"max_hp_loss":0,"event_name":"Forgotten Altar","floor":21,"gold_loss":0,"cards_obtained":["Decay"]},{"damage_healed":0,"gold_gain":0,"player_choice":"Ignored","damage_taken":0,"max_hp_gain":0,"max_hp_loss":0,"event_name":"Cursed Tome","floor":22,"gold_loss":0}],"is_beta":false,"boss_relics":[{"not_picked":["Coffee Dripper","Ectoplasm"],"picked":"Black Star"}],"items_purged_floors":[],"is_endless":false,"potions_floor_spawned":[5,7,13,20],"killed_by":"Book of Stabbing","ascension_level":10}