{"gold_per_floor":[16,16,16,37,112,147,20,39,39,4,4,38,38,38,38,38],"floor_reached":16,"playtime":815,"items_purged":["Strike_R"],"score":142,"play_id":"84ae8a90-3be4-483e-82a5-8b0343f9ccb3","local_time":"20190302054127","is_ascension_mode":true,"campfire_choices":[{"data":"Fire Breathing","floor":11,"key":"SMITH"},{"floor":15,"key":"REST"}],"neow_cost":"NO_GOLD","seed_source_timestamp":1336407636238800,"circlet_count":0,"master_deck":["Strike_R","Strike_R","Strike_R","Strike_R","Defend_R","Defend_R","Defend_R","Defend_R","Bash","Pummel","Dropkick","Ghostly Armor","Fire Breathing+1","Corruption","Pommel Strike"],"relics":["Burning Blood","Golden Idol","Sundial","Dream Catcher","Question Card","Bag of Preparation"],"potions_floor_usage":[6,12,16,16],"damage_taken":[{"damage":12,"enemies":"Small Slimes","floor":1,"turns":4},{"damage":1,"enemies":"Cultist","floor":4,"turns":4},{"damage":42,"enemies":"Lagavulin","floor":6,"turns":8},{"damage":7,"enemies":"Jaw Worm","floor":8,"turns":2},{"damage":30,"enemies":"3 Sentries","floor":12,"turns":13},{"damage":60,"enemies":"Slime Boss","floor":16,"turns":9}],"seed_played":"9175641632273152240","potions_obtained":[{"floor":4,"key":"Block Potion"},{"floor":8,"key":"Dexterity Potion"},{"floor":12,"key":"EssenceOfSteel"}],"is_trial":false,"path_per_floor":["M","?","?","M","?","E","$","M","T","$","R","E","$","?","R","B"],"character_chosen":"IRONCLAD","items_purchased":["Dexterity Potion","Fire Breathing"],"campfire_rested":1,"item_purchase_floors":[7,10],"current_hp_per_floor":[90,90,90,95,84,48,48,47,47,47,47,23,23,23,51,0],"gold":38,"neow_bonus":"TWENTY_PERCENT_HP_BONUS","is_prod":false,"is_daily":false,"chose_seed":false,"campfire_upgraded":1,"win_rate":0,"timestamp":1551465687,"path_taken":["M","?","?","?","?","E","?","M","T","?","R","E","$","?","R","BOSS"],"build_version":"2019-01-23","purchased_purges":1,"victory":false,"max_hp_per_floor":[96,96,96,96,96,96,96,96,96,96,96,96,96,96,96,96],"card_choices":[{"not_picked":["Flex","Armaments"],"picked":"Entrench","floor":1},{"not_picked":["Blood for Blood","Havoc"],"picked":"Pummel","floor":4},{"not_picked":["Clash","Carnage"],"picked":"Dropkick","floor":6},{"not_picked":["Rage","Anger"],"picked":"Ghostly Armor","floor":8},{"not_picked":["Hemokinesis","Cleave","Clash"],"picked":"Corruption","floor":12},{"not_picked":["Disarm","Flex","Blood for Blood"],"picked":"Pommel Strike","floor":15}],"player_experience":214122,"relics_obtained":[{"floor":6,"key":"Dream Catcher"},{"floor":9,"key":"Question Card"},{"floor":12,"key":"Bag of Preparation"}],"event_choices":[{"damage_healed":0,"gold_gain":0,"player_choice":"Take Wound","damage_taken":0,"relics_obtained":["Golden Idol"],"max_hp_gain":0,"max_hp_loss":0,"event_name":"Golden Idol","floor":2,"gold_loss":0,"cards_obtained":["Injury"]},{"cards_removed":["Entrench"],"damage_healed":0,"gold_gain":0,"player_choice":"Gave Card","damage_taken":0,"relics_obtained":["Sundial"],"max_hp_gain":0,"max_hp_loss":0,"event_name":"WeMeetAgain","floor":3,"gold_loss":0},{"damage_healed":0,"gold_gain":75,"player_choice":"Gather Gold","damage_taken":11,"max_hp_gain":0,"max_hp_loss":0,"event_name":"World of Goop","floor":5,"gold_loss":0},{"cards_removed":["Injury"],"damage_healed":0,"gold_gain":0,"player_choice":"Purged","damage_taken":0,"max_hp_gain":0,"max_hp_loss":0,"event_name":"Purifier","floor":14,"gold_loss":0}],"is_beta":false,"boss_relics":[],"items_purged_floors":[7],"is_endless":false,"potions_floor_spawned":[4,8,12],"killed_by":"Slime Boss","ascension_level":2}