{"path_per_floor":["M","$","M","$","M","R","E","R","T","M","E","?","R","$","R","B",null,"M","M","?","?","$","$","?","R","T","M","M","?","M","M","R","B",null,"M","?","$","M","M"],"character_chosen":"DEFECT","items_purchased":["Beam Cell","Capacitor","Blizzard"],"gold_per_floor":[112,37,53,28,41,41,66,66,66,76,110,110,110,10,10,138,138,159,183,98,98,48,48,48,48,48,68,82,82,100,114,114,244,244,259,259,65,86,100,100],"floor_reached":40,"campfire_rested":5,"playtime":1911,"current_hp_per_floor":[69,69,59,59,56,75,63,85,85,85,56,56,81,81,81,58,85,81,63,63,63,63,63,63,85,85,73,57,57,45,42,67,31,85,62,62,62,52,13,0],"items_purged":["Zap","Injury","Coolheaded"],"gold":100,"score":396,"play_id":"cb640141-6924-4d58-bc61-1fbc9fb357df","local_time":"20180501134428","is_prod":false,"is_daily":false,"chose_seed":false,"is_ascension_mode":false,"campfire_upgraded":1,"timestamp":1525203868,"path_taken":["M","$","M","$","M","R","E","R","T","M","E","?","R","?","R","BOSS","M","M","?","?","?","$","?","R","T","?","M","?","M","?","R","BOSS","M","?","$","M","?","E"],"build_version":"2018-04-30","seed_source_timestamp":0,"purchased_purges":3,"victory":false,"master_deck":["Dualcast","Cold Snap","Capacitor","Beam Cell","Beam Cell","Coolheaded","Barrage+1","Amplify","Ball Lightning","Impulse","Barrage","Sweeping Beam","Cold Snap","Coolheaded","Storm+1","Axe Kick+1","Go for the Eyes","Capacitor","Barrage","Cold Snap","Defragment","Beam Cell","Fission","Glacier","Blizzard","Blizzard+1"],"max_hp_per_floor":[75,75,75,75,75,75,85,85,85,85,85,85,85,85,85,85,85,85,85,85,85,85,85,85,85,85,85,85,85,85,85,85,85,85,85,85,85,85,85,85],"relics":["Cracked Core","Pear","Vajra","DataDisk","Golden Idol","Pandora\u0027s Box","Bronze Scales","Centennial Puzzle","Eternal Feather"],"card_choices":[{"not_picked":["Steam Power","Darkness"],"picked":"Cold Snap","floor":1.0},{"not_picked":["Blaster","Reinforced Body"],"picked":"Capacitor","floor":3.0},{"not_picked":["Ball Lightning","Chaos"],"picked":"Beam Cell","floor":5.0},{"not_picked":["Aggregate","Prime"],"picked":"Coolheaded","floor":7.0},{"not_picked":["Rebound","Fission"],"picked":"Coolheaded","floor":10.0},{"not_picked":["Hologram","Sweeping Beam"],"picked":"Barrage","floor":11.0},{"not_picked":["Fusion","Seek"],"picked":"Amplify","floor":16.0},{"not_picked":["Chaos","Streamline"],"picked":"Axe Kick","floor":18.0},{"not_picked":["Sweeping Beam","Leap"],"picked":"Go for the Eyes","floor":19.0},{"not_picked":["Impulse","Streamline"],"picked":"Barrage","floor":27},{"not_picked":["Go for the Eyes","Leap"],"picked":"Cold Snap","floor":28},{"not_picked":["Skim","Prime"],"picked":"Defragment","floor":30},{"not_picked":["Turbo","Ball Lightning"],"picked":"Beam Cell","floor":31},{"not_picked":["Machine Learning","Rainbow"],"picked":"Fission","floor":33},{"not_picked":["Stack","Beam Cell"],"picked":"Glacier","floor":35},{"not_picked":["Sweeping Beam","Beam Cell"],"picked":"Blizzard","floor":39}],"player_experience":321745,"potions_floor_usage":[33,40,40],"damage_taken":[{"damage":6.0,"enemies":"Jaw Worm","floor":1.0,"turns":4.0},{"damage":10.0,"enemies":"2 Louse","floor":3.0,"turns":3.0},{"damage":3.0,"enemies":"Small Slimes","floor":5.0,"turns":3.0},{"damage":22.0,"enemies":"3 Sentries","floor":7.0,"turns":9.0},{"damage":0.0,"enemies":"Blue Slaver","floor":10.0,"turns":3.0},{"damage":29.0,"enemies":"Lagavulin","floor":11.0,"turns":8.0},{"damage":23.0,"enemies":"Slime Boss","floor":16.0,"turns":15.0},{"damage":4.0,"enemies":"Chosen","floor":18.0,"turns":3.0},{"damage":18.0,"enemies":"Shell Parasite","floor":19.0,"turns":4.0},{"damage":12,"enemies":"3 Cultists","floor":27,"turns":4},{"damage":16,"enemies":"Centurion and Healer","floor":28,"turns":6},{"damage":12,"enemies":"Snake Plant","floor":30,"turns":4},{"damage":3,"enemies":"Snecko","floor":31,"turns":3},{"damage":36,"enemies":"Champ","floor":33,"turns":9},{"damage":23,"enemies":"3 Shapes","floor":35,"turns":3},{"damage":10,"enemies":"Orb Walker","floor":38,"turns":4},{"damage":39,"enemies":"Flame Bruiser 2 Orb","floor":39,"turns":5},{"damage":18,"enemies":"Giant Head","floor":40,"turns":6}],"event_choices":[{"event_name":"Golden Idol","player_choice":"Take Wound","floor":12.0,"damage_taken":0.0},{"event_name":"Addict","player_choice":"Obtained Relic","floor":20.0,"damage_taken":0.0},{"event_name":"Vampires","player_choice":"Ignored","floor":21.0,"damage_taken":0.0},{"event_name":"Wheel of Change","player_choice":"Curse","floor":24.0,"damage_taken":0.0},{"event_name":"Back to Basics","player_choice":"Elegance","floor":29,"damage_taken":0},{"event_name":"Upgrade Shrine","player_choice":"Upgraded","floor":36,"damage_taken":0}],"boss_relics":[{"not_picked":["Inserter","Calling Bell"],"picked":"Eternal Feather"}],"potions_floor_spawned":[3,5,10,18,19,31,35,39],"seed_played":"6747893933954979074","killed_by":"Giant Head","ascension_level":0,"is_trial":false}