{"gold_per_floor":[113,38,52,62,62,62,13,41,90,122,122,147,157,157],"floor_reached":14,"playtime":825,"items_purged":["Doubt"],"score":124,"play_id":"8e96767d-e774-4853-ac9c-6766d38e8163","local_time":"20190307042641","is_ascension_mode":true,"campfire_choices":[{"data":"Spot Weakness","floor":6,"key":"SMITH"}],"neow_cost":"CURSE","seed_source_timestamp":1763917235008800,"circlet_count":0,"master_deck":["Strike_R","Strike_R","Strike_R","Strike_R","Strike_R","Defend_R","Defend_R","Defend_R","Defend_R","Bash+1","Spot Weakness+1","Dropkick","Headbutt","Spot Weakness","Clothesline","Perfected Strike","Bandage Up","Uppercut","Offering"],"relics":["Burning Blood","Prayer Wheel","Bronze Scales","PreservedInsect","WingedGreaves","Matryoshka"],"potions_floor_usage":[8,8,10,12],"damage_taken":[{"damage":7,"enemies":"Jaw Worm","floor":1,"turns":5},{"damage":11,"enemies":"Cultist","floor":3,"turns":4},{"damage":2,"enemies":"2 Louse","floor":4,"turns":4},{"damage":20,"enemies":"3 Sentries","floor":8,"turns":4},{"damage":8,"enemies":"Gremlin Nob","floor":10,"turns":3},{"damage":25,"enemies":"Lagavulin","floor":12,"turns":4},{"damage":46,"enemies":"Gremlin Gang","floor":13,"turns":4},{"damage":11,"enemies":"Blue Slaver","floor":14,"turns":2}],"seed_played":"6149345880981867395","potions_obtained":[{"floor":1,"key":"Strength Potion"},{"floor":4,"key":"Fire Potion"},{"floor":10,"key":"Explosive Potion"}],"is_trial":false,"path_per_floor":["M","$","M","M","?","R","$","E","T","E","?","E","M","M"],"character_chosen":"IRONCLAD","items_purchased":["PowerPotion"],"campfire_rested":0,"item_purchase_floors":[7],"current_hp_per_floor":[79,79,74,78,78,78,78,64,64,62,62,47,11,0],"gold":157,"neow_bonus":"ONE_RARE_RELIC","is_prod":false,"is_daily":false,"chose_seed":false,"campfire_upgraded":1,"win_rate":0,"timestamp":1551893201,"path_taken":["M","$","M","M","?","R","?","E","T","E","?","E","M","M"],"build_version":"2019-01-23","purchased_purges":1,"victory":false,"max_hp_per_floor":[80,80,80,80,80,80,80,80,80,80,80,80,80,80],"card_choices":[{"not_picked":["Clothesline","Armaments"],"picked":"Spot Weakness","floor":1},{"not_picked":["Seeing Red","Wild Strike","Rupture"],"picked":"SKIP","floor":1},{"not_picked":["Iron Wave","Perfected Strike"],"picked":"Dropkick","floor":3},{"not_picked":["Combust","Clash","Perfected Strike"],"picked":"SKIP","floor":3},{"not_picked":["Pommel Strike","Heavy Blade"],"picked":"Headbutt","floor":4},{"not_picked":["Clothesline","Fire Breathing","Armaments"],"picked":"SKIP","floor":4},{"not_picked":["Carnage","Flex"],"picked":"Spot Weakness","floor":8},{"not_picked":["Rupture","Burning Pact"],"picked":"Clothesline","floor":10},{"not_picked":["Fiend Fire","Clash"],"picked":"Uppercut","floor":12},{"not_picked":["Perfected Strike","Headbutt"],"picked":"Offering","floor":13},{"not_picked":["Clash","Sword Boomerang","Rage"],"picked":"SKIP","floor":13}],"player_experience":225405,"relics_obtained":[{"floor":8,"key":"Bronze Scales"},{"floor":9,"key":"PreservedInsect"},{"floor":10,"key":"WingedGreaves"},{"floor":12,"key":"Matryoshka"}],"event_choices":[{"damage_healed":0,"gold_gain":0,"player_choice":"Forge","damage_taken":0,"max_hp_gain":0,"max_hp_loss":0,"event_name":"Accursed Blacksmith","floor":5,"gold_loss":0,"cards_upgraded":["Bash"]},{"damage_healed":0,"gold_gain":0,"player_choice":"2 cards matched","damage_taken":0,"max_hp_gain":0,"max_hp_loss":0,"event_name":"Match and Keep!","floor":11,"gold_loss":0,"cards_obtained":["Perfected Strike","Bandage Up"]}],"is_beta":false,"boss_relics":[],"items_purged_floors":[2],"is_endless":false,"potions_floor_spawned":[1,4,10],"killed_by":"Blue Slaver","ascension_level":3}