{"path_per_floor":["M","M","?","?","$","R","M","R","T","R","E","R","?","M","R","B",null,"M","?","?","?","$","R","E","R","T","R","$","E","M"],"character_chosen":"DEFECT","items_purchased":["Mummified Hand","Capacitor","Beam Cell","Storm"],"gold_per_floor":[18,32,32,32,32,32,57,57,105,105,140,140,140,164,164,290,290,305,220,420,420,134,134,168,168,168,168,44,75,100,100],"floor_reached":31,"campfire_rested":4,"playtime":848,"current_hp_per_floor":[75,64,64,64,64,64,63,63,63,63,55,75,75,75,75,20,75,34,34,34,34,34,56,9,31,31,53,53,20,13,0],"items_purged":[],"gold":100,"score":267,"play_id":"91244496-922d-427f-bd74-3c0de53b5a31","local_time":"20180428091554","is_prod":false,"is_daily":false,"chose_seed":false,"is_ascension_mode":false,"campfire_upgraded":4,"timestamp":1524928554,"path_taken":["M","M","?","?","$","R","M","R","T","R","E","R","?","M","R","BOSS","M","?","?","?","?","R","E","R","T","R","$","E","M","M"],"build_version":"2018-04-27v3","seed_source_timestamp":1447399582594290,"purchased_purges":1,"victory":false,"master_deck":["Strike_B","Strike_B","Strike_B","Strike_B","Defend_B","Defend_B","Defend_B","Defend_B","Zap","Dualcast+1","Hyperbeam+1","Static Discharge+1","Capacitor","Ball Lightning","Aggregate+1","Conserve Battery","Fusion","Ball Lightning","Capacitor","Ball Lightning","Beam Cell","Storm","Impulse","Streamline+1"],"max_hp_per_floor":[75,75,75,75,75,75,75,75,75,75,75,75,75,75,75,75,75,75,75,75,75,75,75,75,75,75,75,75,75,75,75],"relics":["Cracked Core","Golden Idol","Bag of Preparation","Juzu Bracelet","Inserter","Dodecahedron","Mummified Hand","Shuriken","Blue Candle","Oddly Smooth Stone"],"card_choices":[{"not_picked":["Creative AI","Rainbow"],"picked":"Hyperbeam","floor":0},{"not_picked":["Doom and Gloom","Go for the Eyes"],"picked":"Static Discharge","floor":1},{"not_picked":["Leap","Hologram"],"picked":"Capacitor","floor":2},{"not_picked":["Barrage","Cold Snap"],"picked":"Ball Lightning","floor":7},{"not_picked":["Double Energy","Reboot"],"picked":"Streamline","floor":11},{"not_picked":["Go for the Eyes","Glacier"],"picked":"Conserve Battery","floor":14},{"not_picked":["All For One","Rainbow"],"picked":"Fusion","floor":16},{"not_picked":["Coolheaded","Cold Snap"],"picked":"Ball Lightning","floor":18},{"not_picked":["Hologram","Axe Kick"],"picked":"Ball Lightning","floor":24},{"not_picked":["Buffer","Go for the Eyes"],"picked":"Impulse","floor":29},{"not_picked":["Chaos","Coolheaded"],"picked":"Streamline","floor":30}],"player_experience":312958,"potions_floor_usage":[11,16,31],"damage_taken":[{"damage":0,"enemies":"2 Louse","floor":1,"turns":1},{"damage":11,"enemies":"Jaw Worm","floor":2,"turns":3},{"damage":1,"enemies":"Small Slimes","floor":7,"turns":2},{"damage":8,"enemies":"3 Sentries","floor":11,"turns":2},{"damage":0,"enemies":"Exordium Wildlife","floor":14,"turns":1},{"damage":55,"enemies":"The Guardian","floor":16,"turns":10},{"damage":41,"enemies":"3 Byrds","floor":18,"turns":5},{"damage":47,"enemies":"Book of Stabbing","floor":24,"turns":4},{"damage":33,"enemies":"Gremlin Leader","floor":29,"turns":5},{"damage":7,"enemies":"Chosen","floor":30,"turns":4},{"damage":14,"enemies":"Sentry and Sphere","floor":31,"turns":3}],"event_choices":[{"event_name":"The Cleric","player_choice":"Leave","floor":3,"damage_taken":0},{"event_name":"Golden Idol","player_choice":"Take Wound","floor":4,"damage_taken":0},{"event_name":"Transmorgrifier","player_choice":"Transform","floor":13,"damage_taken":0},{"event_name":"Addict","player_choice":"Obtained Relic","floor":19,"damage_taken":0},{"event_name":"Wheel of Change","player_choice":"Gold","floor":20,"damage_taken":0},{"event_name":"Fountain of Cleansing","player_choice":"Removed Curse","floor":21,"damage_taken":0}],"boss_relics":[{"not_picked":["White Beast Statue","Tiny House"],"picked":"Inserter"}],"potions_floor_spawned":[1,14,24],"seed_played":"8615392499421246626","killed_by":"Sentry and Sphere","ascension_level":0,"is_trial":false}