{"gold_per_floor":[116,41,41,60,80,110,110,122,146,157,183,183,183,203,203,280,280,291,306,325,325,325,325,325],"floor_reached":24,"playtime":923,"items_purged":[],"score":420,"play_id":"fe9da39e-a794-48ff-bd1b-6c543740eea0","local_time":"20181129152217","is_ascension_mode":true,"campfire_choices":[{"data":"Body Slam","floor":7,"key":"SMITH"},{"floor":13,"key":"REST"},{"floor":15,"key":"REST"},{"floor":23,"key":"REST"}],"neow_cost":"NONE","seed_source_timestamp":1303114061847267,"circlet_count":0,"master_deck":["AscendersBane","Strike_R","Strike_R","Strike_R","Defend_R","Defend_R","Defend_R","Defend_R","Bash+1","Body Slam","Pommel Strike","Wild Strike","Body Slam+1","Shrug It Off","Armaments","Spot Weakness","Evolve","Fiend Fire","Shrug It Off","Warcry+1","Shrug It Off"],"relics":["Burning Blood","Centennial Puzzle","Red Skull","Orichalcum","Philosopher\u0027s Stone"],"potions_floor_usage":[11,16,18,20,22],"damage_taken":[{"damage":2,"enemies":"Cultist","floor":1,"turns":4},{"damage":10,"enemies":"Small Slimes","floor":4,"turns":4},{"damage":7,"enemies":"Jaw Worm","floor":5,"turns":3},{"damage":32,"enemies":"Gremlin Nob","floor":6,"turns":4},{"damage":16,"enemies":"Exordium Wildlife","floor":8,"turns":3},{"damage":13,"enemies":"Blue Slaver","floor":10,"turns":4},{"damage":15,"enemies":"Lagavulin","floor":11,"turns":5},{"damage":4,"enemies":"3 Louse","floor":14,"turns":4},{"damage":24,"enemies":"Slime Boss","floor":16,"turns":10},{"damage":20,"enemies":"3 Byrds","floor":18,"turns":3},{"damage":3,"enemies":"Chosen","floor":19,"turns":3},{"damage":35,"enemies":"Sentry and Sphere","floor":20,"turns":5},{"damage":0,"enemies":"Snecko","floor":22,"turns":2},{"damage":74,"enemies":"Book of Stabbing","floor":24,"turns":4}],"seed_played":"7907323872330055481","potions_obtained":[{"floor":10,"key":"SteroidPotion"},{"floor":11,"key":"EssenceOfSteel"},{"floor":14,"key":"LiquidBronze"},{"floor":16,"key":"BloodPotion"},{"floor":18,"key":"SmokeBomb"}],"is_trial":false,"path_per_floor":["M","?","?","M","M","E","R","M","T","M","E","?","R","M","R","B",null,"M","M","M","?","M","R","E"],"character_chosen":"IRONCLAD","items_purchased":[],"campfire_rested":3,"item_purchase_floors":[],"current_hp_per_floor":[72,72,77,73,72,46,46,36,36,29,20,13,37,39,63,45,71,57,60,39,39,45,69,0],"gold":325,"neow_bonus":"UPGRADE_CARD","is_prod":false,"is_daily":false,"chose_seed":false,"campfire_upgraded":1,"win_rate":0,"timestamp":1543522937,"path_taken":["M","?","?","M","?","E","R","M","T","M","E","?","R","M","R","BOSS","M","M","M","?","M","R","E"],"build_version":"2018-11-15","purchased_purges":0,"victory":false,"max_hp_per_floor":[75,75,80,80,80,80,80,80,80,80,80,80,80,80,80,80,80,80,80,80,80,80,80,80],"card_choices":[{"not_picked":["Thunderclap","Clash"],"picked":"Body Slam","floor":1},{"not_picked":["Sentinel","Warcry"],"picked":"Pommel Strike","floor":4},{"not_picked":["Thunderclap","Clash"],"picked":"Wild Strike","floor":5},{"not_picked":["Clothesline","Brutality"],"picked":"Body Slam","floor":6},{"not_picked":["Flame Barrier","Pommel Strike"],"picked":"Shrug It Off","floor":8},{"not_picked":["Headbutt","Anger"],"picked":"Armaments","floor":10},{"not_picked":["Berserk","Headbutt"],"picked":"Spot Weakness","floor":11},{"not_picked":["Body Slam","Cleave"],"picked":"Evolve","floor":14},{"not_picked":["Berserk","Juggernaut"],"picked":"Fiend Fire","floor":16},{"not_picked":["Thunderclap","Pommel Strike"],"picked":"Shrug It Off","floor":18},{"not_picked":["Clothesline","Clash"],"picked":"Warcry+1","floor":19},{"not_picked":["Searing Blow","Sentinel"],"picked":"Shrug It Off","floor":20}],"player_experience":546485,"relics_obtained":[{"floor":6,"key":"Centennial Puzzle"},{"floor":9,"key":"Red Skull"},{"floor":11,"key":"Orichalcum"}],"event_choices":[{"cards_removed":["Strike_R"],"damage_healed":0,"gold_gain":0,"player_choice":"Card Removal","damage_taken":0,"max_hp_gain":0,"max_hp_loss":0,"event_name":"The Cleric","floor":2,"gold_loss":75},{"damage_healed":0,"gold_gain":0,"player_choice":"Donut","damage_taken":0,"max_hp_gain":5,"max_hp_loss":0,"event_name":"Big Fish","floor":3,"gold_loss":0},{"cards_removed":["Strike_R"],"damage_healed":0,"gold_gain":0,"player_choice":"Card Removal","damage_taken":7,"max_hp_gain":0,"max_hp_loss":0,"event_name":"Golden Wing","floor":12,"gold_loss":0},{"damage_healed":0,"gold_gain":0,"player_choice":"Ignored","damage_taken":0,"max_hp_gain":0,"max_hp_loss":0,"event_name":"Vampires","floor":21,"gold_loss":0}],"is_beta":false,"boss_relics":[{"not_picked":["Coffee Dripper","Astrolabe"],"picked":"Philosopher\u0027s Stone"}],"items_purged_floors":[],"is_endless":false,"potions_floor_spawned":[10,11,14,16,18,22],"killed_by":"Book of Stabbing","ascension_level":20}