{"gold_per_floor":[116,135,149,164,164,164,194,211,211,230,264,275,275,285,285,382,382,392,317,330,330,330,330,360,360,387,399],"floor_reached":27,"playtime":1823,"items_purged":["Strike_B"],"score":368,"play_id":"ad65bf9b-3b27-4555-b3d7-e9bd3ee7aa24","local_time":"20181102111218","is_ascension_mode":true,"campfire_choices":[{"data":"Dualcast","floor":6,"key":"SMITH"},{"data":"Double Energy","floor":13,"key":"SMITH"},{"floor":15,"key":"REST"},{"data":"Chill","floor":23,"key":"SMITH"},{"data":"Loop","floor":25,"key":"SMITH"}],"neow_cost":"TEN_PERCENT_HP_LOSS","seed_source_timestamp":329992656615038,"circlet_count":0,"master_deck":["AscendersBane","Defend_B","Defend_B","Defend_B","Zap+1","Dualcast+1","Leap","Reprogram","Glacier","Compile Driver","Gash","Auto Shields","Double Energy+1","Compile Driver","Coolheaded","Chill+1","Conserve Battery","Biased Cognition","Darkness+1","Core Surge","Loop+1","Conserve Battery+1"],"relics":["Cracked Core","Gremlin Horn","Bottled Flame","Lantern","Empty Cage","Turnip","MawBank"],"potions_floor_usage":[7,8,11,16,16,24],"damage_taken":[{"damage":0,"enemies":"Cultist","floor":1,"turns":3},{"damage":0,"enemies":"Small Slimes","floor":2,"turns":4},{"damage":5,"enemies":"2 Louse","floor":3,"turns":3},{"damage":6,"enemies":"Exordium Wildlife","floor":4,"turns":6},{"damage":15,"enemies":"Lagavulin","floor":7,"turns":11},{"damage":17,"enemies":"Exordium Thugs","floor":8,"turns":6},{"damage":3,"enemies":"Blue Slaver","floor":10,"turns":3},{"damage":5,"enemies":"3 Sentries","floor":11,"turns":11},{"damage":0,"enemies":"3 Louse","floor":12,"turns":4},{"damage":0,"enemies":"2 Fungi Beasts","floor":14,"turns":3},{"damage":16,"enemies":"Slime Boss","floor":16,"turns":15},{"damage":7,"enemies":"Spheric Guardian","floor":18,"turns":4},{"damage":2,"enemies":"Shell Parasite","floor":20,"turns":13},{"damage":37,"enemies":"Slavers","floor":24,"turns":9},{"damage":44,"enemies":"Gremlin Leader","floor":27,"turns":4}],"seed_played":"-5509793580218650060","potions_obtained":[{"floor":2,"key":"SkillPotion"},{"floor":3,"key":"EssenceOfSteel"},{"floor":7,"key":"Poison Potion"},{"floor":12,"key":"Dexterity Potion"},{"floor":14,"key":"EssenceOfSteel"},{"floor":18,"key":"Block Potion"},{"floor":20,"key":"FearPotion"}],"is_trial":false,"path_per_floor":["M","M","M","M","?","R","E","M","T","M","E","M","R","M","R","B",null,"M","$","M","?","?","R","E","R","T","E"],"character_chosen":"DEFECT","items_purchased":[],"campfire_rested":1,"item_purchase_floors":[],"current_hp_per_floor":[68,68,63,57,57,57,42,25,25,22,17,17,17,17,37,21,56,49,49,47,68,68,68,31,31,31,0],"gold":399,"neow_bonus":"TRANSFORM_TWO_CARDS","is_prod":false,"is_daily":false,"chose_seed":false,"campfire_upgraded":4,"win_rate":0,"timestamp":1541171538,"path_taken":["M","M","M","M","?","R","E","M","T","M","E","M","R","?","R","BOSS","M","$","M","?","?","R","E","R","T","E"],"build_version":"2018-11-01","purchased_purges":1,"victory":false,"max_hp_per_floor":[68,68,68,68,68,68,68,68,68,68,68,68,68,68,68,68,68,68,68,68,68,68,68,68,68,68,68],"card_choices":[{"not_picked":["Compile Driver","Gash"],"picked":"Glacier","floor":1},{"not_picked":["Hello World","Ball Lightning"],"picked":"Compile Driver","floor":2},{"not_picked":["Steam","Tempest"],"picked":"Gash","floor":3},{"not_picked":["Rebound","Compile Driver"],"picked":"Auto Shields","floor":4},{"not_picked":["Streamline","FTL"],"picked":"Double Energy","floor":7},{"not_picked":["Melter","Conserve Battery"],"picked":"Compile Driver","floor":8},{"not_picked":["Hologram","Barrage"],"picked":"Coolheaded","floor":10},{"not_picked":["Amplify","Defragment"],"picked":"Chill","floor":11},{"not_picked":["Compile Driver","Barrage","Turbo"],"picked":"SKIP","floor":12},{"not_picked":["Compile Driver","Fusion"],"picked":"Conserve Battery","floor":14},{"not_picked":["Hyperbeam","Buffer"],"picked":"Biased Cognition","floor":16},{"not_picked":["Sweeping Beam","Reprogram","Compile Driver"],"picked":"SKIP","floor":18},{"not_picked":["Stack+1","Go for the Eyes"],"picked":"Darkness+1","floor":20},{"not_picked":["Scrape","Sweeping Beam+1"],"picked":"Conserve Battery+1","floor":24}],"player_experience":145862,"relics_obtained":[{"floor":7,"key":"Gremlin Horn"},{"floor":9,"key":"Bottled Flame"},{"floor":11,"key":"Lantern"},{"floor":24,"key":"Turnip"},{"floor":26,"key":"MawBank"}],"event_choices":[{"damage_healed":0,"gold_gain":0,"player_choice":"Upgraded","damage_taken":0,"max_hp_gain":0,"max_hp_loss":0,"event_name":"Upgrade Shrine","floor":5,"gold_loss":0,"cards_upgraded":["Zap"]},{"damage_healed":22,"gold_gain":0,"player_choice":"Heal","damage_taken":0,"max_hp_gain":0,"max_hp_loss":0,"event_name":"The Library","floor":21,"gold_loss":0},{"damage_healed":0,"gold_gain":0,"player_choice":"2 cards matched","damage_taken":0,"max_hp_gain":0,"max_hp_loss":0,"event_name":"Match and Keep!","floor":22,"gold_loss":0,"cards_obtained":["Core Surge","Loop"]}],"is_beta":false,"boss_relics":[{"not_picked":["Philosopher\u0027s Stone","Orrery"],"picked":"Empty Cage"}],"items_purged_floors":[19],"is_endless":false,"potions_floor_spawned":[2,3,7,12,14,18,20],"killed_by":"Gremlin Leader","ascension_level":10}