{"path_per_floor":["M","M","M","?","$","E","R","M","T","?","M","R","E","M","R","B",null,"M","$","M","?","M","R","M","R","T","R","M","R","T","M","R","B",null,"M","?","M","?","$","R","M","$","T"],"character_chosen":"DEFECT","items_purchased":["Capacitor","Ball Lightning","Chill","Thread and Needle","Static Discharge","Coolheaded","Genetic Algorithm","Sweeping Beam","Capacitor"],"gold_per_floor":[115,132,143,143,41,66,66,84,84,184,197,197,231,241,241,343,343,361,5,16,16,32,32,50,50,73,73,93,93,93,109,109,209,209,220,220,235,235,10,10,29,11,11,11],"floor_reached":44,"campfire_rested":6,"playtime":2335,"current_hp_per_floor":[75,75,75,75,75,41,63,64,64,64,57,75,65,61,61,40,75,68,68,45,45,45,67,48,70,77,77,82,82,82,51,75,65,82,82,72,15,15,15,53,50,50,50,0],"items_purged":["Normality"],"gold":11,"score":445,"play_id":"3064ff49-239c-49c3-bcfe-7966c99e21cc","local_time":"20180428090129","is_prod":false,"is_daily":false,"chose_seed":false,"is_ascension_mode":false,"campfire_upgraded":3,"timestamp":1524927689,"path_taken":["M","M","M","?","$","E","R","?","T","?","M","R","E","M","R","BOSS","M","$","M","?","M","R","M","R","T","R","M","R","?","M","R","BOSS","M","?","M","?","$","R","M","$","T","E"],"build_version":"2018-04-27v3","seed_source_timestamp":1445045944526468,"purchased_purges":1,"victory":false,"master_deck":["Strike_B","Strike_B","Strike_B","Defend_B","Defend_B","Defend_B","Defend_B","Zap","Dualcast","Self Repair","Darkness","Cold Snap","Capacitor+1","Ball Lightning","Buffer","Flux Capacitor","Glacier","Chaos+1","Cold Snap","Fission+1","Glacier","Chill","Defragment","Panacea","Creative AI","Barrage","Chill","Force Field","Loop+1","Barrage","Amplify","Aggregate","Madness","Madness","Barrage+1","Static Discharge","Coolheaded","Genetic Algorithm","Sweeping Beam","Storm","Capacitor"],"max_hp_per_floor":[75,75,75,75,75,75,75,75,75,75,75,75,75,75,75,75,75,75,75,75,75,75,75,75,75,82,82,82,82,82,82,82,82,82,82,82,82,82,82,82,82,82,82,82],"relics":["Cracked Core","NeowsBlessing","Bronze Scales","Gremlin Horn","Bottled Lightning","Inserter","Thread and Needle","Strawberry","Letter Opener","Eternal Feather","The Courier","Bottled Tornado"],"card_choices":[{"not_picked":["Barrage","Hello World"],"picked":"Self Repair","floor":1},{"not_picked":["Leap","Impulse"],"picked":"Darkness","floor":2},{"not_picked":["Steam Power","Force Field"],"picked":"Cold Snap","floor":3},{"not_picked":["Leap","Go for the Eyes"],"picked":"Buffer","floor":6},{"not_picked":["Barrage","Stack"],"picked":"Flux Capacitor","floor":8},{"not_picked":["Go for the Eyes","Coolheaded"],"picked":"Glacier","floor":11},{"not_picked":["Beam Cell","Impulse"],"picked":"Chaos","floor":13},{"not_picked":["Leap","Axe Kick"],"picked":"Cold Snap","floor":14},{"not_picked":["Fusion","Nova"],"picked":"Fission","floor":16},{"not_picked":["Chaos","Rip and Tear"],"picked":"Glacier","floor":18},{"not_picked":["Reinforced Body","Capacitor"],"picked":"Defragment","floor":20},{"not_picked":["Recycle","Hologram"],"picked":"Chill","floor":22},{"not_picked":["Axe Kick","Genetic Algorithm"],"picked":"Force Field","floor":24},{"not_picked":["Coolheaded","Leap"],"picked":"Loop","floor":28},{"not_picked":["FTL","Axe Kick"],"picked":"Barrage","floor":31},{"not_picked":["Hyperbeam","Meteor Strike"],"picked":"Amplify","floor":33},{"not_picked":["Turbo","Auto Shields"],"picked":"Aggregate","floor":35},{"not_picked":["Go for the Eyes","Hologram"],"picked":"Barrage","floor":37},{"not_picked":["Sweeping Beam","Coolheaded"],"picked":"Storm","floor":41}],"player_experience":310623,"potions_floor_usage":[16,16,18,22,22,24,28,44],"damage_taken":[{"damage":0,"enemies":"Small Slimes","floor":1,"turns":1},{"damage":0,"enemies":"Cultist","floor":2,"turns":1},{"damage":0,"enemies":"2 Louse","floor":3,"turns":1},{"damage":41,"enemies":"Gremlin Nob","floor":6,"turns":6},{"damage":6,"enemies":"Red Slaver","floor":8,"turns":4},{"damage":7,"enemies":"Blue Slaver","floor":11,"turns":3},{"damage":17,"enemies":"3 Sentries","floor":13,"turns":8},{"damage":11,"enemies":"Gremlin Gang","floor":14,"turns":5},{"damage":28,"enemies":"Hexaghost","floor":16,"turns":11},{"damage":14,"enemies":"Chosen","floor":18,"turns":6},{"damage":30,"enemies":"2 Thieves","floor":20,"turns":5},{"damage":7,"enemies":"Centurion and Healer","floor":22,"turns":11},{"damage":26,"enemies":"Snake Plant","floor":24,"turns":5},{"damage":0,"enemies":"Chosen and Byrds","floor":28,"turns":8},{"damage":38,"enemies":"Centurion and Healer","floor":31,"turns":8},{"damage":10,"enemies":"Champ","floor":33,"turns":15},{"damage":2,"enemies":"3 Shapes","floor":35,"turns":8},{"damage":57,"enemies":"Flame Bruiser 1 Orb","floor":37,"turns":7},{"damage":17,"enemies":"3 Darklings","floor":41,"turns":7},{"damage":69,"enemies":"Nemesis","floor":44,"turns":6}],"event_choices":[{"event_name":"Purifier","player_choice":"One Purge","floor":4,"damage_taken":0},{"event_name":"Golden Shrine","player_choice":"Pray","floor":10,"damage_taken":0},{"event_name":"Match and Keep!","player_choice":"3 cards matched","floor":21,"damage_taken":0},{"event_name":"Winding Halls","player_choice":"Embrace Madness","floor":36,"damage_taken":0},{"event_name":"Accursed Blacksmith","player_choice":"Rummage","floor":38,"damage_taken":0}],"boss_relics":[{"not_picked":["Calling Bell","Astrolabe"],"picked":"Inserter"},{"not_picked":["Velvet Choker","Philosopher\u0027s Stone"],"picked":"Eternal Feather"}],"potions_floor_spawned":[3,8,11,14,16,18,20,22,33,41],"seed_played":"1583922177475567207","killed_by":"Nemesis","ascension_level":0,"is_trial":false}