{"gold_per_floor":[118,134,409,422,432,432,9,9,54,79,89,124,137,163,163,262,262,281,296,296,296,308,308,342,356,434,111,111,141,141,141,141,241,241,251,271,85,96,107,134,134,152,152,177,193,212,245,245,245,245],"floor_reached":50,"playtime":3183,"items_purged":["Regret","Injury"],"score":926,"play_id":"e3551f56-c202-4e7f-a1c2-ff1296f73360","local_time":"20190302140611","daily_mods":["SealedDeck"],"is_ascension_mode":true,"campfire_choices":[{"data":"Defragment","floor":6.0,"key":"SMITH"},{"data":"Ball Lightning","floor":8.0,"key":"SMITH"},{"data":"Blizzard","floor":15.0,"key":"SMITH"},{"data":"Double Energy","floor":23.0,"key":"SMITH"},{"data":"Hologram","floor":28.0,"key":"SMITH"},{"data":"Hologram","floor":32.0,"key":"SMITH"},{"data":"White Noise","floor":41.0,"key":"SMITH"},{"data":"Thunder Strike","floor":49.0,"key":"SMITH"}],"neow_cost":"","seed_source_timestamp":311049742826105,"circlet_count":0,"master_deck":["Coolheaded","Double Energy+1","Ball Lightning+1","Ball Lightning+1","Hologram+1","Hologram+1","Coolheaded","BootSequence","Glacier","Streamline+1","Conserve Battery","Defragment+1","Self Repair","Leap","Panacea","Glacier","Blizzard+1","Core Surge","Capacitor+1","Tempest","Capacitor","Static Discharge","White Noise+1","Thunder Strike+1","Double Energy+1","Amplify","Blizzard"],"special_seed":0,"relics":["Cracked Core","Membership Card","Bag of Preparation","Happy Flower","DataDisk","Art of War","Thread and Needle","Cursed Key","Enchiridion","Bottled Flame","Meat on the Bone","Potion Belt","Whetstone","Runic Pyramid","Calipers","Singing Bowl","Smiling Mask","Blue Candle"],"potions_floor_usage":[50,50],"damage_taken":[{"damage":6.0,"enemies":"Cultist","floor":1.0,"turns":3.0},{"damage":0.0,"enemies":"Small Slimes","floor":2.0,"turns":3.0},{"damage":2.0,"enemies":"2 Louse","floor":4.0,"turns":2.0},{"damage":3.0,"enemies":"Gremlin Gang","floor":5.0,"turns":4.0},{"damage":3.0,"enemies":"Gremlin Nob","floor":10.0,"turns":3.0},{"damage":0.0,"enemies":"Exordium Wildlife","floor":11.0,"turns":3.0},{"damage":0.0,"enemies":"Lagavulin","floor":12.0,"turns":6.0},{"damage":0.0,"enemies":"Large Slime","floor":13.0,"turns":4.0},{"damage":0.0,"enemies":"3 Sentries","floor":14.0,"turns":5.0},{"damage":14.0,"enemies":"Hexaghost","floor":16.0,"turns":8.0},{"damage":0.0,"enemies":"Shell Parasite","floor":18.0,"turns":4.0},{"damage":7.0,"enemies":"Spheric Guardian","floor":19.0,"turns":3.0},{"damage":0.0,"enemies":"3 Cultists","floor":22.0,"turns":4.0},{"damage":1.0,"enemies":"Book of Stabbing","floor":24.0,"turns":5.0},{"damage":0.0,"enemies":"Cultist and Chosen","floor":25.0,"turns":5.0},{"damage":4.0,"enemies":"Gremlin Leader","floor":29.0,"turns":6.0},{"damage":0.0,"enemies":"Snecko","floor":31.0,"turns":3.0},{"damage":0.0,"enemies":"Automaton","floor":33.0,"turns":9.0},{"damage":0.0,"enemies":"Orb Walker","floor":35.0,"turns":3.0},{"damage":13.0,"enemies":"3 Darklings","floor":36.0,"turns":6.0},{"damage":0.0,"enemies":"Transient","floor":38.0,"turns":5.0},{"damage":22.0,"enemies":"Writhing Mass","floor":39.0,"turns":4.0},{"damage":0.0,"enemies":"Nemesis","floor":40.0,"turns":3.0},{"damage":0.0,"enemies":"Spire Growth","floor":42.0,"turns":5.0},{"damage":12.0,"enemies":"Reptomancer","floor":44.0,"turns":7.0},{"damage":0.0,"enemies":"Jaw Worm Horde","floor":45.0,"turns":3.0},{"damage":0.0,"enemies":"Transient","floor":46.0,"turns":5.0},{"damage":21.0,"enemies":"Nemesis","floor":47.0,"turns":5.0},{"damage":93,"enemies":"Awakened One","floor":50,"turns":3}],"seed_played":"-6628272161448941511","potions_obtained":[{"floor":1.0,"key":"Explosive Potion"},{"floor":4.0,"key":"Explosive Potion"},{"floor":11.0,"key":"FearPotion"},{"floor":12.0,"key":"Fire Potion"},{"floor":16.0,"key":"Fire Potion"},{"floor":33.0,"key":"FocusPotion"},{"floor":35.0,"key":"LiquidBronze"},{"floor":40.0,"key":"FocusPotion"}],"is_trial":true,"path_per_floor":["M","M","?","M","M","R","$","R","T","E","M","E","M","E","R","B",null,"M","M","?","?","M","R","E","M","T","$","R","E","?","M","R","B",null,"M","M","$","M","M","E","R","M","T","E","M","M","E","?","R","B"],"character_chosen":"DEFECT","items_purchased":["Membership Card","Leap","Bag of Preparation","Panacea","Meat on the Bone","Potion Belt","Regen Potion","Static Discharge","Calipers","Amplify"],"campfire_rested":0,"item_purchase_floors":[7,7,7,7,27,27,27,27,37,37],"current_hp_per_floor":[69,69,69,67,64,64,64,64,64,68,68,75,75,75,75,68,73,75,68,52,52,52,52,58,58,58,58,58,61,61,61,61,61,72,72,66,66,73,58,67,67,69,69,73,75,84,72,72,72,0],"gold":245,"neow_bonus":"","is_prod":false,"is_daily":false,"chose_seed":false,"campfire_upgraded":8,"win_rate":0,"timestamp":1551531971,"path_taken":["M","M","?","M","?","R","$","R","T","E","M","E","M","E","R","BOSS","M","?","?","?","M","R","E","M","T","$","R","E","?","M","R","BOSS","M","M","$","M","M","E","R","M","T","E","?","M","E","?","R","BOSS"],"build_version":"2019-01-23","purchased_purges":2,"victory":false,"max_hp_per_floor":[75,75,75,75,75,75,75,75,75,75,75,75,75,75,75,75,75,75,75,75,75,75,75,75,75,75,75,75,75,75,75,75,75,75,75,75,75,75,75,77,77,79,79,81,83,85,87,87,87,87],"card_choices":[{"not_picked":["Rebound","Turbo"],"picked":"Conserve Battery","floor":1.0},{"not_picked":["Streamline","Reprogram"],"picked":"Defragment","floor":2.0},{"not_picked":["Darkness","Force Field"],"picked":"Self Repair","floor":4.0},{"not_picked":["Fusion","Compile Driver","Stack"],"picked":"SKIP","floor":5.0},{"not_picked":["Undo","Fission","Streamline"],"picked":"SKIP","floor":10.0},{"not_picked":["Gash","Turbo","Auto Shields"],"picked":"SKIP","floor":11.0},{"not_picked":["FTL","Scrape"],"picked":"Glacier","floor":12.0},{"not_picked":["Force Field","Beam Cell","Recycle"],"picked":"SKIP","floor":13.0},{"not_picked":["Static Discharge","Gash"],"picked":"Blizzard","floor":14.0},{"not_picked":["Multi-Cast","Reboot"],"picked":"Core Surge","floor":16.0},{"not_picked":["Doom and Gloom","Barrage"],"picked":"Capacitor+1","floor":18.0},{"not_picked":["Cold Snap+1","Hello World","Steam"],"picked":"SKIP","floor":19.0},{"not_picked":["Fusion+1","Redo"],"picked":"Tempest","floor":22.0},{"not_picked":["Compile Driver","Tempest"],"picked":"Capacitor","floor":24.0},{"not_picked":["Hologram","Redo+1","Go for the Eyes+1"],"picked":"SKIP","floor":25.0},{"not_picked":["Beam Cell","Darkness","Cold Snap"],"picked":"SKIP","floor":29.0},{"not_picked":["Hyperbeam","Rebound","Ball Lightning+1"],"picked":"SKIP","floor":31.0},{"not_picked":["Fission","Reboot"],"picked":"Thunder Strike","floor":33.0},{"not_picked":["Conserve Battery+1","Redo+1","Steam"],"picked":"SKIP","floor":35.0},{"not_picked":["Beam Cell","Gash"],"picked":"Double Energy+1","floor":36.0},{"not_picked":["Beam Cell+1","Streamline+1"],"picked":"Blizzard","floor":38.0},{"not_picked":["Coolheaded+1","Doom and Gloom+1","Capacitor+1"],"picked":"SKIP","floor":39.0},{"not_picked":["Steam+1","Tempest+1","Go for the Eyes+1"],"picked":"Singing Bowl","floor":40.0},{"not_picked":["Doom and Gloom+1","Amplify","Redo+1"],"picked":"Singing Bowl","floor":42.0},{"not_picked":["Scrape+1","Coolheaded+1","Stack"],"picked":"Singing Bowl","floor":44.0},{"not_picked":["Leap","Capacitor+1","Go for the Eyes"],"picked":"Singing Bowl","floor":45.0},{"not_picked":["Hologram+1","Compile Driver+1","Steam+1"],"picked":"Singing Bowl","floor":46.0},{"not_picked":["Rebound","Barrage","Chaos+1"],"picked":"Singing Bowl","floor":47.0}],"player_experience":303949,"relics_obtained":[{"floor":9.0,"key":"Happy Flower"},{"floor":10.0,"key":"DataDisk"},{"floor":12.0,"key":"Art of War"},{"floor":14.0,"key":"Thread and Needle"},{"floor":20.0,"key":"Enchiridion"},{"floor":26.0,"key":"Bottled Flame"},{"floor":29.0,"key":"Whetstone"},{"floor":40.0,"key":"Singing Bowl"},{"floor":44.0,"key":"Smiling Mask"},{"floor":47.0,"key":"Blue Candle"}],"event_choices":[{"damage_healed":0.0,"max_hp_gain":0.0,"max_hp_loss":0.0,"gold_gain":275.0,"event_name":"Golden Shrine","player_choice":"Desecrate","floor":3.0,"gold_loss":0.0,"damage_taken":0.0,"cards_obtained":["Regret"]},{"damage_healed":0.0,"max_hp_gain":0.0,"max_hp_loss":0.0,"gold_gain":0.0,"event_name":"Cursed Tome","player_choice":"Obtained Book","floor":20.0,"gold_loss":0.0,"damage_taken":16.0},{"damage_healed":0.0,"max_hp_gain":0.0,"max_hp_loss":0.0,"gold_gain":0.0,"event_name":"Beggar","player_choice":"Ignored","floor":21.0,"gold_loss":0.0,"damage_taken":0.0},{"damage_healed":0.0,"max_hp_gain":0.0,"max_hp_loss":0.0,"gold_gain":0.0,"event_name":"Match and Keep!","player_choice":"1 cards matched","floor":30.0,"gold_loss":0.0,"damage_taken":0.0,"cards_obtained":["White Noise"]},{"damage_healed":0.0,"max_hp_gain":0.0,"max_hp_loss":0.0,"gold_gain":0.0,"event_name":"Tomb of Lord Red Mask","player_choice":"Ignored","floor":48.0,"gold_loss":0.0,"damage_taken":0.0}],"is_beta":false,"boss_relics":[{"not_picked":["Black Star","Velvet Choker"],"picked":"Cursed Key"},{"not_picked":["Calling Bell","White Beast Statue"],"picked":"Runic Pyramid"}],"items_purged_floors":[7,27],"is_endless":false,"potions_floor_spawned":[1,4,11,12,13,16,22,33,35,38,40,45,47],"killed_by":"Awakened One","ascension_level":5}