{"gold_per_floor":[16,36,36,56,69,101,101,133,133,133,151,169,228,17,17,91,91,108,208,220,235,250,250,267,301,301,301,301,333,348,398,398,474,474,487,587,557,567,181,181,193,193,193,208,227,227,227,2,2,2],"floor_reached":51,"playtime":3212,"items_purged":[],"score":1347,"play_id":"e3448687-85fa-4871-be3d-32d4cad40ee6","local_time":"20181130171436","is_ascension_mode":true,"campfire_choices":[{"data":"Neutralize","floor":7.0,"key":"SMITH"},{"floor":10.0,"key":"REST"},{"floor":15.0,"key":"REST"},{"data":"Catalyst","floor":23.0,"key":"SMITH"},{"floor":28.0,"key":"REST"},{"floor":32.0,"key":"REST"},{"data":"Calculated Gamble","floor":40.0,"key":"SMITH"},{"floor":46,"key":"REST"},{"floor":49,"key":"REST"}],"neow_cost":"NO_GOLD","seed_source_timestamp":1393888303559817,"circlet_count":0,"master_deck":["AscendersBane","Survivor","Neutralize+1","Noxious Fumes","Blur","Dash","Flying Knee","Backstab","Doppelganger+1","Sucker Punch+1","Poisoned Stab+1","Corpse Explosion+1","Expertise","Quick Slash+1","Acrobatics","Backstab+1","Prepared","Concentrate","Noxious Fumes","PiercingWail+1","Prepared","Catalyst+1","Footwork","Prepared","Cloak And Dagger+1","Dodge and Roll","Calculated Gamble+1","Malaise","Dagger Throw+1","Well Laid Plans","Tactician","Catalyst","Tactician","Reflex","Catalyst+1","Prepared+1","Madness","Madness","Tactician","Dagger Throw+1","Backstab+1"],"special_seed":0,"relics":["Ring of the Snake","Mango","Pen Nib","Regal Pillow","Molten Egg 2","Singing Bowl","Chemical X","Pandora\u0027s Box","Tough Bandages","Question Card","Anchor","Ornamental Fan","Enchiridion","Shovel","Empty Cage","Pocketwatch","War Paint","Ancient Tea Set"],"potions_floor_usage":[45,45,50,50],"damage_taken":[{"damage":6.0,"enemies":"Jaw Worm","floor":1.0,"turns":8.0},{"damage":5.0,"enemies":"Small Slimes","floor":2.0,"turns":5.0},{"damage":0.0,"enemies":"Cultist","floor":4.0,"turns":4.0},{"damage":4.0,"enemies":"Looter","floor":5.0,"turns":4.0},{"damage":29.0,"enemies":"3 Sentries","floor":6.0,"turns":8.0},{"damage":12.0,"enemies":"Gremlin Nob","floor":8.0,"turns":4.0},{"damage":14.0,"enemies":"Gremlin Gang","floor":11.0,"turns":5.0},{"damage":3.0,"enemies":"Blue Slaver","floor":12.0,"turns":4.0},{"damage":10.0,"enemies":"3 Sentries","floor":13.0,"turns":5.0},{"damage":68.0,"enemies":"Slime Boss","floor":16.0,"turns":12.0},{"damage":4.0,"enemies":"Chosen","floor":18.0,"turns":4.0},{"damage":18.0,"enemies":"Colosseum Slavers","floor":19.0,"turns":3.0},{"damage":0.0,"enemies":"Colosseum Nobs","floor":19.0,"turns":2.0},{"damage":0.0,"enemies":"Spheric Guardian","floor":20.0,"turns":3.0},{"damage":0.0,"enemies":"3 Cultists","floor":21.0,"turns":2.0},{"damage":0.0,"enemies":"Centurion and Healer","floor":22.0,"turns":4.0},{"damage":7.0,"enemies":"Cultist and Chosen","floor":24.0,"turns":6.0},{"damage":16.0,"enemies":"Slavers","floor":25.0,"turns":4.0},{"damage":7.0,"enemies":"Book of Stabbing","floor":29.0,"turns":5.0},{"damage":6.0,"enemies":"Snake Plant","floor":30.0,"turns":4.0},{"damage":18.0,"enemies":"Automaton","floor":33.0,"turns":7.0},{"damage":7.0,"enemies":"3 Darklings","floor":35.0,"turns":4.0},{"damage":1.0,"enemies":"Mind Bloom Boss Battle","floor":36.0,"turns":6.0},{"damage":0.0,"enemies":"3 Shapes","floor":38.0,"turns":6.0},{"damage":54.0,"enemies":"Jaw Worm Horde","floor":41.0,"turns":4.0},{"damage":0.0,"enemies":"3 Darklings","floor":44.0,"turns":2.0},{"damage":8,"enemies":"Maw","floor":45,"turns":4},{"damage":36,"enemies":"Donu and Deca","floor":50,"turns":5}],"seed_played":"4090273540186299809","potions_obtained":[{"floor":1.0,"key":"AttackPotion"},{"floor":4.0,"key":"Ancient Potion"},{"floor":11.0,"key":"AttackPotion"},{"floor":19.0,"key":"Dexterity Potion"},{"floor":21.0,"key":"FairyPotion"},{"floor":22.0,"key":"PowerPotion"},{"floor":30.0,"key":"Poison Potion"},{"floor":37.0,"key":"Weak Potion"},{"floor":38.0,"key":"AttackPotion"},{"floor":45,"key":"GamblersBrew"}],"is_trial":false,"path_per_floor":["M","M","?","M","M","E","R","E","T","R","M","M","?","$","R","B",null,"M","?","M","M","M","R","M","E","T","?","R","E","M","?","R","B",null,"M","?","?","M","$","R","M","?","T","M","M","R","?","$","R","B",null],"character_chosen":"THE_SILENT","items_purchased":["Chemical X","Catalyst","Tactician","War Paint","PowerPotion","Tactician","PowerPotion","Dagger Throw+1","Backstab+1"],"campfire_rested":6,"item_purchase_floors":[14,39,39,39,39,48,48,48,48],"current_hp_per_floor":[67,62,67,67,63,34,34,22,22,62,48,45,37,37,78,10,68,64,48,48,48,48,48,41,25,25,4,45,38,32,32,73,55,81,74,73,73,73,73,73,19,19,19,19,11,52,36,36,77,41],"gold":2,"neow_bonus":"ONE_RARE_RELIC","is_prod":false,"is_daily":false,"chose_seed":false,"campfire_upgraded":3,"win_rate":0,"timestamp":1543616076,"path_taken":["M","M","?","M","M","E","R","E","T","R","M","M","?","$","R","BOSS","M","?","M","M","M","R","M","E","T","?","R","E","M","?","R","BOSS","M","?","?","M","$","R","?","?","T","M","?","R","?","$","R","BOSS"],"build_version":"2018-11-15","purchased_purges":0,"victory":true,"max_hp_per_floor":[80,80,85,85,85,85,85,85,85,85,85,85,87,87,87,87,87,87,89,89,89,89,89,89,89,89,89,89,89,89,89,89,89,89,89,89,89,89,89,89,89,89,89,89,89,89,89,89,89,89],"card_choices":[{"not_picked":["Predator","Dodge and Roll"],"picked":"Noxious Fumes","floor":1.0},{"not_picked":["Outmaneuver","Terror"],"picked":"Blur","floor":2.0},{"not_picked":["Choke","Sucker Punch"],"picked":"Dash","floor":4.0},{"not_picked":["Infinite Blades","Poisoned Stab"],"picked":"Flying Knee","floor":5.0},{"not_picked":["Dodge and Roll","PiercingWail"],"picked":"Backstab","floor":6.0},{"not_picked":["Prepared","Poisoned Stab"],"picked":"Doppelganger","floor":8.0},{"not_picked":["Deflect","Backflip"],"picked":"Sucker Punch+1","floor":11.0},{"not_picked":["Dodge and Roll","Caltrops"],"picked":"Poisoned Stab+1","floor":12.0},{"not_picked":["Sucker Punch+1","Distraction","Acrobatics"],"picked":"Singing Bowl","floor":13.0},{"not_picked":["Venomology","Die Die Die+1"],"picked":"Corpse Explosion","floor":16.0},{"not_picked":["Flying Knee+1","Backflip"],"picked":"PiercingWail+1","floor":18.0},{"not_picked":["Slice+1","Choke+1","Outmaneuver"],"picked":"Singing Bowl","floor":19.0},{"not_picked":["Crippling Poison","Quick Slash+1","Caltrops"],"picked":"Prepared","floor":20.0},{"not_picked":["Slice+1","Caltrops","Concentrate"],"picked":"Catalyst","floor":21.0},{"not_picked":["Quick Slash+1","Sucker Punch+1","Underhanded Strike+1"],"picked":"Footwork","floor":22.0},{"not_picked":["Bane+1","Venomology","Riddle With Holes+1"],"picked":"Prepared","floor":24.0},{"not_picked":["Slice+1","Quick Slash+1","Flying Knee+1"],"picked":"Cloak And Dagger+1","floor":25.0},{"not_picked":["All Out Attack+1","Noxious Fumes","Deadly Poison"],"picked":"Dodge and Roll","floor":29.0},{"not_picked":["Dagger Spray+1","Envenom","Blade Dance"],"picked":"Calculated Gamble","floor":30.0},{"not_picked":["Adrenaline","Night Terror","Unload+1"],"picked":"Malaise","floor":33.0},{"not_picked":["Outmaneuver","Sucker Punch+1","Masterful Stab+1"],"picked":"Dagger Throw+1","floor":35.0},{"not_picked":["Outmaneuver","Choke+1","Dodge and Roll"],"picked":"Well Laid Plans","floor":36.0},{"not_picked":["Flying Knee+1","PiercingWail+1","Deadly Poison"],"picked":"Tactician","floor":38.0},{"not_picked":["Endless Agony+1","Corpse Explosion","Infinite Blades"],"picked":"Reflex","floor":41.0},{"not_picked":["Outmaneuver","Dagger Spray+1","Poisoned Stab+1"],"picked":"Catalyst+1","floor":44.0},{"not_picked":["Setup+1","Footwork","Deflect+1"],"picked":"Prepared+1","floor":45}],"player_experience":559841,"relics_obtained":[{"floor":6.0,"key":"Pen Nib"},{"floor":8.0,"key":"Regal Pillow"},{"floor":9.0,"key":"Molten Egg 2"},{"floor":13.0,"key":"Singing Bowl"},{"floor":19.0,"key":"Tough Bandages"},{"floor":19.0,"key":"Question Card"},{"floor":25.0,"key":"Anchor"},{"floor":26.0,"key":"Ornamental Fan"},{"floor":27.0,"key":"Enchiridion"},{"floor":29.0,"key":"Shovel"},{"floor":36.0,"key":"Pocketwatch"},{"floor":43.0,"key":"Ancient Tea Set"}],"event_choices":[{"damage_healed":0.0,"max_hp_gain":5.0,"max_hp_loss":0.0,"gold_gain":0.0,"event_name":"Big Fish","player_choice":"Donut","floor":3.0,"gold_loss":0.0,"damage_taken":0.0},{"damage_healed":0.0,"max_hp_gain":0.0,"max_hp_loss":0.0,"gold_gain":0.0,"event_name":"Dead Adventurer","player_choice":"Searched \u00271\u0027 times","floor":13.0,"gold_loss":0.0,"damage_taken":0.0},{"damage_healed":0.0,"max_hp_gain":0.0,"max_hp_loss":0.0,"gold_gain":0.0,"event_name":"Colosseum","player_choice":"Fight","floor":19.0,"gold_loss":0.0,"damage_taken":0.0},{"damage_healed":0.0,"max_hp_gain":0.0,"max_hp_loss":0.0,"gold_gain":0.0,"event_name":"Colosseum","player_choice":"Fought Nobs","floor":19.0,"gold_loss":0.0,"damage_taken":0.0},{"damage_healed":0.0,"max_hp_gain":0.0,"max_hp_loss":0.0,"gold_gain":0.0,"event_name":"Cursed Tome","player_choice":"Obtained Book","floor":27.0,"gold_loss":0.0,"damage_taken":21.0},{"damage_healed":0.0,"max_hp_gain":0.0,"max_hp_loss":0.0,"gold_gain":50.0,"event_name":"Nest","player_choice":"Stole From Cult","floor":31.0,"gold_loss":0.0,"damage_taken":0.0},{"damage_healed":0.0,"max_hp_gain":0.0,"max_hp_loss":0.0,"gold_gain":0.0,"event_name":"MindBloom","player_choice":"Fight","floor":36.0,"gold_loss":0.0,"damage_taken":0.0},{"damage_healed":0.0,"max_hp_gain":0.0,"max_hp_loss":0.0,"gold_gain":0.0,"event_name":"The Woman in Blue","player_choice":"Bought 2 Potions","floor":37.0,"gold_loss":0.0,"damage_taken":0.0},{"cards_removed":["Bane"],"damage_healed":0.0,"max_hp_gain":0.0,"max_hp_loss":0.0,"gold_gain":0.0,"event_name":"Wheel of Change","player_choice":"Card Removal","floor":42.0,"gold_loss":0.0,"damage_taken":0.0},{"damage_healed":0,"gold_gain":0,"player_choice":"Embrace Madness","damage_taken":16,"max_hp_gain":0,"max_hp_loss":0,"event_name":"Winding Halls","floor":47,"gold_loss":0,"cards_obtained":["Madness","Madness"]}],"is_beta":false,"boss_relics":[{"not_picked":["WristBlade","Ring of the Serpent"],"picked":"Pandora\u0027s Box"},{"not_picked":["White Beast Statue","Fusion Hammer"],"picked":"Empty Cage"}],"items_purged_floors":[],"is_endless":false,"potions_floor_spawned":[1,4,5,11,19,21,22,24,30,38,44,45],"ascension_level":17}