{"path_per_floor":["M","?","?","?","?","R","M","R","T","M","R","$","M","T","R","B",null,"M","?","M","$","M","R","$","M","T","R","M","M","R","M","R","B",null,"M","$","M","M","?","E"],"character_chosen":"THE_SILENT","items_purchased":["Slice","Poisoned Stab","Deadly Poison","Noxious Fumes","Escape Plan","Panache"],"gold_per_floor":[115,115,115,115,115,115,133,133,133,148,148,15,31,31,31,126,126,144,144,161,89,108,108,38,56,128,128,145,156,156,167,167,266,266,279,67,86,104,0,34],"floor_reached":41,"campfire_rested":1,"playtime":4711,"current_hp_per_floor":[70,67,53,53,53,53,53,53,53,53,53,53,62,62,62,40,70,70,70,70,70,59,59,59,52,52,52,37,32,53,53,53,22,70,70,70,61,41,41,2],"items_purged":[],"gold":34,"play_id":"3b296fab-2ce7-4dc4-871f-866be50fa8f3","is_prod":false,"is_daily":false,"is_ascension_mode":false,"campfire_upgraded":6,"path_taken":["M","?","?","?","?","R","M","R","T","?","R","?","M","?","R","BOSS","M","?","M","$","?","R","$","M","T","R","M","?","R","?","R","BOSS","M","$","M","M","?","E","M"],"build_version":"2018-02-01-PROD3","purchased_purges":0,"victory":false,"master_deck":["Defend_G","Defend_G+1","Defend_G","Defend_G+1","Defend_G+1","Strike_G","Strike_G","Strike_G","Strike_G","Strike_G","Survivor+1","Neutralize+1","Flying Knee","Predator","Footwork+1","Slice","Poisoned Stab","Deadly Poison+1","Poisoned Stab","After Image","Quick Slash+1","Noxious Fumes+1","Prepared+1","Escape Plan","Dash+1","Infinite Blades","Slice","Backflip+1","Burst","Heel Hook+1","Noxious Fumes","Poisoned Stab","Deadly Poison","Dagger Throw","Quick Slash+1","Panache","Sucker Punch+1","PiercingWail+1","Deadly Poison+1"],"max_hp_per_floor":[70,70,70,70,70,70,70,70,70,70,70,70,70,70,70,70,70,70,70,70,70,70,70,70,70,70,70,70,70,70,70,70,70,70,70,70,70,70,70,70],"relics":["Ring of the Snake","Bag of Marbles","Thread and Needle","Girya","Question Card","Shuriken","Orrery","Red Mask","Dream Catcher"],"card_choices":[{"not_picked":["Dagger Spray","Acrobatics"],"picked":"Flying Knee"},{"not_picked":["Finisher","Crippling Poison"],"picked":"Predator"},{"not_picked":["Dash","Dodge and Roll"],"picked":"Footwork"},{"not_picked":["Dodge and Roll","Dagger Throw"],"picked":"Poisoned Stab"},{"not_picked":["Bullet Time","Envenom"],"picked":"After Image"},{"not_picked":["Prepared","Slice","Blur"],"picked":"Quick Slash"},{"not_picked":["Outmaneuver","Eviscerate","Poisoned Stab"],"picked":"Prepared"},{"not_picked":["Slice","Choke","Calculated Gamble"],"picked":"Dash"},{"not_picked":["All Out Attack","Prepared","Bane"],"picked":"Infinite Blades"},{"not_picked":["Prepared","Skewer","Bullet Time"],"picked":"Slice"},{"not_picked":["Acrobatics","Dash","Quick Slash"],"picked":"Backflip"},{"not_picked":["Wraith Form","Unload","Night Terror"],"picked":"Burst"},{"not_picked":["Masterful Stab","Deflect","Skewer"],"picked":"Heel Hook"},{"not_picked":["Catalyst","Sucker Punch","Quick Slash"],"picked":"Noxious Fumes"},{"not_picked":["Heel Hook","Dagger Spray","Dagger Throw"],"picked":"Poisoned Stab"},{"not_picked":["PiercingWail","Skewer","Endless Agony"],"picked":"Deadly Poison"},{"not_picked":["Predator","Dodge and Roll","Burst"],"picked":"Dagger Throw"},{"not_picked":["Dagger Throw","Acrobatics","Flying Knee"],"picked":"Quick Slash"},{"not_picked":["Well Laid Plans","Bane","Outmaneuver"],"picked":"Sucker Punch"},{"not_picked":["Well Laid Plans","Distraction","Acrobatics"],"picked":"PiercingWail"},{"not_picked":["Caltrops","Predator","Dagger Spray"],"picked":"Deadly Poison"}],"player_experience":35113,"potions_floor_usage":[40,40],"damage_taken":[{"damage":0.0,"enemies":"2 Louse","floor":1.0,"turns":3.0},{"damage":0.0,"enemies":"Small Slimes","floor":7.0,"turns":3.0},{"damage":0.0,"enemies":"Jaw Worm","floor":10.0,"turns":3.0},{"damage":0.0,"enemies":"2 Fungi Beasts","floor":13.0,"turns":4.0},{"damage":22.0,"enemies":"The Guardian","floor":16.0,"turns":8.0},{"damage":0.0,"enemies":"Spheric Guardian","floor":18.0,"turns":6.0},{"damage":0.0,"enemies":"3 Byrds","floor":20.0,"turns":6.0},{"damage":11.0,"enemies":"Centurion and Healer","floor":22.0,"turns":8.0},{"damage":7.0,"enemies":"Sentry and Sphere","floor":25.0,"turns":6.0},{"damage":15.0,"enemies":"Chosen and Byrds","floor":28.0,"turns":8.0},{"damage":5.0,"enemies":"3 Cultists","floor":29.0,"turns":5.0},{"damage":0.0,"enemies":"Sentry and Sphere","floor":31.0,"turns":6.0},{"damage":31.0,"enemies":"Champ","floor":33.0,"turns":12.0},{"damage":0,"enemies":"3 Shapes","floor":35,"turns":7},{"damage":9,"enemies":"3 Darklings","floor":37,"turns":8},{"damage":20,"enemies":"Sphere and 2 Shapes","floor":38,"turns":5},{"damage":39,"enemies":"2 Orb Walkers","floor":40,"turns":6},{"damage":2,"enemies":"4 Shapes","floor":41,"turns":2}],"event_choices":[{"event_name":"Scrap Ooze","player_choice":"success","floor":2.0,"damage_taken":3.0},{"event_name":"Shining Light","player_choice":"Entered Light","floor":3.0,"damage_taken":0.0},{"event_name":"Living Wall","player_choice":"Grow","floor":4.0,"damage_taken":0.0},{"event_name":"Golden Wing","player_choice":"Ignored","floor":5.0,"damage_taken":0.0},{"event_name":"Beggar","player_choice":"Ignored","floor":19.0,"damage_taken":0.0},{"event_name":"Tomb of Lord Red Mask","player_choice":"Paid","floor":39,"damage_taken":0}],"boss_relics":[{"not_picked":["White Beast Statue","The Specimen"],"picked":"Orrery"}],"potions_floor_spawned":[10,13,16,18,20,22,35,37],"seed_played":"4862470027626186076","killed_by":"4 Shapes","ascension_level":0,"is_trial":false}