{"path_per_floor":["M","M","$","M","$","E","T","R","T","R","M","M","M","M","R"],"character_chosen":"THE_SILENT","items_purchased":["Well Laid Plans","Quick Slash"],"gold_per_floor":[109,123,53,68,14,42,42,42,42,42,54,69,79,98,98,98],"floor_reached":16,"campfire_rested":3,"playtime":715,"current_hp_per_floor":[64,60,60,56,56,22,22,43,43,64,55,15,8,8,29,0],"items_purged":[],"gold":98,"score":114,"play_id":"50c18f68-ceaf-45b0-bdf0-868ecc3dffe4","local_time":"20180408015645","is_prod":false,"is_daily":false,"is_ascension_mode":true,"campfire_upgraded":0,"timestamp":1523174205,"path_taken":["M","M","$","M","?","E","?","R","T","R","M","M","?","?","R","BOSS"],"build_version":"2018-04-05v2","purchased_purges":0,"victory":false,"master_deck":["Defend_G","Defend_G","Defend_G","Defend_G","Defend_G","Strike_G","Strike_G","Strike_G","Strike_G","Strike_G","Survivor","Neutralize","Slice","Deflect","Well Laid Plans","Expertise","Quick Slash","Concentrate","Endless Agony","Deflect","Concentrate","Choke"],"max_hp_per_floor":[70,70,70,70,70,70,70,70,70,70,70,70,70,70,70,70],"relics":["Ring of the Snake","Ancient Tea Set","Blue Candle","Du-Vu Doll"],"card_choices":[{"not_picked":["Outmaneuver","Underhanded Strike"],"picked":"Slice","floor":1},{"not_picked":["Storm of Steel","Flying Knee"],"picked":"Deflect","floor":2},{"not_picked":["Predator","Well Laid Plans"],"picked":"Expertise","floor":4},{"not_picked":["Dagger Throw","Flechettes"],"picked":"Concentrate","floor":6},{"not_picked":["Deadly Poison","Quick Slash"],"picked":"Endless Agony","floor":11},{"not_picked":["PiercingWail","Deadly Poison"],"picked":"Deflect","floor":12},{"not_picked":["Dodge and Roll","Riddle With Holes"],"picked":"Concentrate","floor":13},{"not_picked":["Outmaneuver","Deflect"],"picked":"Choke","floor":14}],"player_experience":238862,"potions_floor_usage":[14,14,16],"damage_taken":[{"damage":6,"enemies":"Cultist","floor":1,"turns":4},{"damage":4,"enemies":"Jaw Worm","floor":2,"turns":3},{"damage":4,"enemies":"Small Slimes","floor":4,"turns":4},{"damage":34,"enemies":"Gremlin Nob","floor":6,"turns":5},{"damage":9,"enemies":"Exordium Wildlife","floor":11,"turns":4},{"damage":40,"enemies":"Gremlin Gang","floor":12,"turns":7},{"damage":7,"enemies":"2 Fungi Beasts","floor":13,"turns":4},{"damage":0,"enemies":"Looter","floor":14,"turns":3},{"damage":31,"enemies":"Hexaghost","floor":16,"turns":9}],"event_choices":[],"boss_relics":[],"potions_floor_spawned":[4,6,11],"seed_played":"3850608439611959781","killed_by":"Hexaghost","ascension_level":2,"is_trial":false}