{"gold_per_floor":[117,132,132,132,152,183,183,196,196,196,196,223,236,263,263,366,366,379,379,379,379,389,389,421,441,464,464,50,50,66,83,83,188,188],"floor_reached":34,"playtime":1537,"items_purged":["Writhe"],"score":488,"play_id":"db951f15-fd11-49c9-9603-b55a8c074854","local_time":"20190301160238","is_ascension_mode":true,"campfire_choices":[{"data":"Body Slam","floor":7.0,"key":"SMITH"},{"data":"Inflame","floor":11.0,"key":"SMITH"},{"data":"Armaments","floor":15.0,"key":"SMITH"},{"floor":23,"key":"REST"},{"data":"Clothesline","floor":29,"key":"SMITH"},{"data":"Double Tap","floor":32,"key":"SMITH"}],"neow_cost":"NONE","seed_source_timestamp":234449419780230,"circlet_count":0,"master_deck":["Defend_R+1","Bash+1","Clothesline+1","Body Slam+1","Cleave","Armaments+1","Inflame+1","Battle Trance","Pummel","Reaper","Double Tap+1","Spot Weakness+1","Shrug It Off","Blood for Blood+1","Fiend Fire+1","Bloodletting+1"],"special_seed":0,"relics":["Burning Blood","Bag of Marbles","Whetstone","The Courier","PreservedInsect","Empty Cage","War Paint","Anchor","Pantograph","Lantern","Astrolabe"],"potions_floor_usage":[19,24,30,33],"damage_taken":[{"damage":4.0,"enemies":"Jaw Worm","floor":1.0,"turns":4.0},{"damage":0.0,"enemies":"Cultist","floor":2.0,"turns":4.0},{"damage":0.0,"enemies":"Small Slimes","floor":5.0,"turns":3.0},{"damage":45.0,"enemies":"3 Sentries","floor":6.0,"turns":7.0},{"damage":21.0,"enemies":"Exordium Thugs","floor":8.0,"turns":5.0},{"damage":15.0,"enemies":"Lagavulin","floor":12.0,"turns":5.0},{"damage":0.0,"enemies":"3 Louse","floor":13.0,"turns":1.0},{"damage":12.0,"enemies":"Gremlin Nob","floor":14.0,"turns":3.0},{"damage":19.0,"enemies":"Hexaghost","floor":16.0,"turns":8.0},{"damage":27.0,"enemies":"Shell Parasite","floor":18.0,"turns":7.0},{"damage":28,"enemies":"Colosseum Slavers","floor":19,"turns":5},{"damage":19,"enemies":"Chosen","floor":22,"turns":5},{"damage":52,"enemies":"Book of Stabbing","floor":24,"turns":6},{"damage":3,"enemies":"Centurion and Healer","floor":25,"turns":5},{"damage":21,"enemies":"Sentry and Sphere","floor":30,"turns":5},{"damage":0,"enemies":"Cultist and Chosen","floor":31,"turns":3},{"damage":70,"enemies":"Automaton","floor":33,"turns":12}],"seed_played":"-1788703064051420156","potions_obtained":[{"floor":2.0,"key":"GamblersBrew"},{"floor":4.0,"key":"Swift Potion"},{"floor":4.0,"key":"FearPotion"},{"floor":4.0,"key":"Regen Potion"},{"floor":5.0,"key":"Explosive Potion"},{"floor":12.0,"key":"Fire Potion"},{"floor":13.0,"key":"GamblersBrew"},{"floor":14.0,"key":"PowerPotion"},{"floor":18.0,"key":"GamblersBrew"},{"floor":25,"key":"Explosive Potion"},{"floor":30,"key":"Dexterity Potion"}],"is_trial":false,"path_per_floor":["M","M","?","?","M","E","R","M","T","?","R","E","M","E","R","B",null,"M","?","?","?","M","R","E","M","T","?","$","R","M","M","R","B",null],"character_chosen":"IRONCLAD","items_purchased":["Pantograph","Lantern","Strength Potion"],"campfire_rested":1,"item_purchase_floors":[28,28,28],"current_hp_per_floor":[80,80,85,85,85,60,60,45,45,45,45,36,42,36,36,23,70,55,39,39,39,34,59,28,59,59,59,59,59,58,64,64,53,53],"gold":188,"neow_bonus":"THREE_CARDS","is_prod":false,"is_daily":false,"chose_seed":false,"campfire_upgraded":5,"win_rate":0,"timestamp":1551452558,"path_taken":["M","M","?","?","?","E","R","M","T","?","R","E","M","E","R","BOSS","M","?","?","?","?","R","E","M","T","?","?","R","M","M","R","BOSS"],"build_version":"2019-01-23","purchased_purges":1,"victory":false,"max_hp_per_floor":[80,80,85,85,85,85,85,85,85,85,85,85,85,85,85,85,85,85,85,85,85,85,85,85,85,85,85,85,85,85,85,85,85,85],"card_choices":[{"not_picked":["Perfected Strike","Feel No Pain"],"picked":"Clothesline","floor":0.0},{"not_picked":["Pommel Strike","Clothesline"],"picked":"Body Slam","floor":1.0},{"not_picked":["Pommel Strike","Perfected Strike","Corruption"],"picked":"SKIP","floor":2.0},{"not_picked":["Sword Boomerang","Feel No Pain"],"picked":"Cleave","floor":5.0},{"not_picked":["Dropkick","Intimidate","Clash"],"picked":"SKIP","floor":6.0},{"not_picked":["Thunderclap","Uppercut"],"picked":"Armaments","floor":8.0},{"not_picked":["Hemokinesis","Second Wind"],"picked":"Battle Trance","floor":12.0},{"not_picked":["Perfected Strike","Corruption","Thunderclap"],"picked":"SKIP","floor":13.0},{"not_picked":["Reaper","Second Wind"],"picked":"Pummel","floor":14.0},{"not_picked":["Brutality","Berserk"],"picked":"Reaper","floor":16.0},{"not_picked":["Perfected Strike+1","Dual Wield","Clothesline"],"picked":"SKIP","floor":18.0},{"not_picked":["Dropkick","Armaments","Burning Pact"],"picked":"SKIP","floor":22},{"not_picked":["Clothesline","Thunderclap+1"],"picked":"Warcry","floor":24},{"not_picked":["Clothesline","Cleave","Feed"],"picked":"SKIP","floor":25},{"not_picked":["Seeing Red","Warcry"],"picked":"Shrug It Off","floor":30},{"not_picked":["Uppercut","Body Slam","Rupture+1"],"picked":"SKIP","floor":31}],"player_experience":289072,"relics_obtained":[{"floor":6.0,"key":"Bag of Marbles"},{"floor":9.0,"key":"Whetstone"},{"floor":12.0,"key":"The Courier"},{"floor":14.0,"key":"PreservedInsect"},{"floor":24,"key":"War Paint"}],"event_choices":[{"damage_healed":0.0,"max_hp_gain":5.0,"max_hp_loss":0.0,"gold_gain":0.0,"event_name":"Big Fish","player_choice":"Donut","floor":3.0,"gold_loss":0.0,"damage_taken":0.0},{"damage_healed":0.0,"max_hp_gain":0.0,"max_hp_loss":0.0,"gold_gain":0.0,"event_name":"Lab","player_choice":"Got Potions","floor":4.0,"gold_loss":0.0,"damage_taken":0.0},{"damage_healed":0.0,"max_hp_gain":0.0,"max_hp_loss":0.0,"gold_gain":0.0,"cards_transformed":["Strike_R"],"event_name":"Transmorgrifier","player_choice":"Transformed","floor":10.0,"gold_loss":0.0,"damage_taken":0.0,"cards_obtained":["Inflame"]},{"damage_healed":0,"gold_gain":0,"player_choice":"Fight","damage_taken":0,"max_hp_gain":0,"max_hp_loss":0,"event_name":"Colosseum","floor":19,"gold_loss":0},{"damage_healed":0,"gold_gain":0,"player_choice":"Fled From Nobs","damage_taken":0,"max_hp_gain":0,"max_hp_loss":0,"event_name":"Colosseum","floor":19,"gold_loss":0},{"cards_removed":["Strike_R"],"damage_healed":0,"gold_gain":0,"player_choice":"Elegance","damage_taken":0,"max_hp_gain":0,"max_hp_loss":0,"event_name":"Back to Basics","floor":20,"gold_loss":0},{"damage_healed":0,"gold_gain":0,"cards_transformed":["Defend_R","Strike_R"],"player_choice":"Became Test Subject","damage_taken":0,"max_hp_gain":0,"max_hp_loss":0,"event_name":"Drug Dealer","floor":21,"gold_loss":0,"cards_obtained":["Double Tap","Spot Weakness"]},{"damage_healed":0,"gold_gain":0,"player_choice":"Opened","damage_taken":0,"relics_obtained":["Anchor"],"max_hp_gain":0,"max_hp_loss":0,"event_name":"The Mausoleum","floor":27,"gold_loss":0,"cards_obtained":["Writhe"]}],"is_beta":false,"boss_relics":[{"not_picked":["Lizard Tail","White Beast Statue"],"picked":"Empty Cage"},{"not_picked":["Tiny House","Snecko Eye"],"picked":"Astrolabe"}],"items_purged_floors":[28],"is_endless":false,"potions_floor_spawned":[2,5,12,13,14,18,25,30,31],"ascension_level":5}