{"gold_per_floor":[110,129,148,323,343,343,362,362,362,375,375,389,389,400,400,497,497,517,530,530,530],"floor_reached":21,"playtime":1810,"items_purged":[],"score":210,"play_id":"04fbe942-8b75-4775-acd2-c76bfcd35c2d","local_time":"20190304063842","is_ascension_mode":true,"campfire_choices":[{"data":"Cloak And Dagger","floor":6,"key":"SMITH"},{"data":"Cloak And Dagger","floor":8,"key":"SMITH"},{"data":"Doubt","floor":11,"key":"PURGE"},{"data":"Defend_G","floor":13,"key":"PURGE"},{"floor":15,"key":"REST"}],"neow_cost":"NONE","seed_source_timestamp":107892239160127,"circlet_count":0,"master_deck":["Defend_G","Defend_G","Defend_G","Defend_G","Strike_G","Strike_G","Strike_G","Strike_G","Strike_G","Survivor","Neutralize","Cloak And Dagger+1","Cloak And Dagger+1","Backflip","Adrenaline","Doubt","Parasite","Pain","Infinite Blades","Dash"],"relics":["Ring of the Snake","Peace Pipe","Calling Bell","Pen Nib","Question Card","FossilizedHelix"],"potions_floor_usage":[16],"damage_taken":[{"damage":0,"enemies":"Cultist","floor":1,"turns":5},{"damage":2,"enemies":"2 Louse","floor":2,"turns":4},{"damage":10,"enemies":"Jaw Worm","floor":3,"turns":6},{"damage":7,"enemies":"Blue Slaver","floor":5,"turns":7},{"damage":3,"enemies":"Large Slime","floor":7,"turns":6},{"damage":7,"enemies":"Red Slaver","floor":10,"turns":4},{"damage":9,"enemies":"Exordium Thugs","floor":12,"turns":7},{"damage":0,"enemies":"Looter","floor":14,"turns":4},{"damage":37,"enemies":"The Guardian","floor":16,"turns":21},{"damage":13,"enemies":"3 Byrds","floor":18,"turns":8},{"damage":30,"enemies":"Shell Parasite","floor":19,"turns":9},{"damage":0,"enemies":"Centurion and Healer","floor":21,"turns":1}],"seed_played":"-8203320996433605732","potions_obtained":[{"floor":3,"key":"EssenceOfSteel"},{"floor":14,"key":"Swift Potion"},{"floor":16,"key":"Ancient Potion"},{"floor":18,"key":"SneckoOil"}],"is_trial":false,"path_per_floor":["M","M","M","?","M","R","M","R","T","M","R","M","R","M","R","B",null,"M","M","?","M"],"character_chosen":"THE_SILENT","items_purchased":[],"campfire_rested":1,"item_purchase_floors":[],"current_hp_per_floor":[77,75,65,65,58,58,55,55,55,48,48,39,39,39,62,25,77,64,34,34,34],"gold":530,"neow_bonus":"TEN_PERCENT_HP_BONUS","is_prod":false,"is_daily":false,"chose_seed":false,"campfire_upgraded":2,"win_rate":0,"timestamp":1551703122,"path_taken":["M","?","M","?","M","R","M","R","T","M","R","M","R","M","R","BOSS","M","M","?","M"],"build_version":"2019-01-23","purchased_purges":0,"victory":false,"max_hp_per_floor":[77,77,77,77,77,77,77,77,77,77,77,77,77,77,77,77,77,77,77,77,77],"card_choices":[{"not_picked":["Dagger Spray","Predator","Reflex"],"picked":"SKIP","floor":1},{"not_picked":["Eviscerate","Sucker Punch","Deadly Poison"],"picked":"SKIP","floor":2},{"not_picked":["Slice","Deadly Poison"],"picked":"Cloak And Dagger","floor":3},{"not_picked":["Finisher","Dagger Spray"],"picked":"Cloak And Dagger","floor":5},{"not_picked":["Flying Knee","Glass Knife"],"picked":"Backflip","floor":7},{"not_picked":["Dagger Throw","Dodge and Roll","Setup"],"picked":"SKIP","floor":10},{"not_picked":["Underhanded Strike","Backflip","Sucker Punch"],"picked":"SKIP","floor":12},{"not_picked":["Outmaneuver","Masterful Stab","Bane"],"picked":"SKIP","floor":14},{"not_picked":["Unload","Doppelganger"],"picked":"Adrenaline","floor":16},{"not_picked":["Blur+1","Quick Slash","Expertise"],"picked":"Infinite Blades","floor":18},{"not_picked":["Poisoned Stab","Prepared","Sucker Punch+1"],"picked":"Dash","floor":19}],"player_experience":131985,"relics_obtained":[{"floor":9,"key":"Peace Pipe"},{"floor":17,"key":"Pen Nib"},{"floor":17,"key":"Question Card"},{"floor":17,"key":"FossilizedHelix"}],"event_choices":[{"damage_healed":0,"gold_gain":175,"player_choice":"AGREE","damage_taken":0,"max_hp_gain":0,"max_hp_loss":0,"event_name":"Liars Game","floor":4,"gold_loss":0,"cards_obtained":["Doubt"]},{"damage_healed":0,"gold_gain":0,"player_choice":"Ignored","damage_taken":0,"max_hp_gain":0,"max_hp_loss":0,"event_name":"Ghosts","floor":20,"gold_loss":0}],"is_beta":false,"boss_relics":[{"not_picked":["Runic Pyramid","Busted Crown"],"picked":"Calling Bell"}],"items_purged_floors":[],"is_endless":false,"potions_floor_spawned":[3,14,16,18],"killed_by":"Centurion and Healer","ascension_level":4}