{"gold_per_floor":[117,42,53,64,64,64,76,76,123,155,167,180,180,180,180,180],"floor_reached":16,"playtime":548,"items_purged":["Strike_R"],"score":199,"play_id":"c848d74d-53fb-4e07-bc17-0f27632d15c9","local_time":"20181128224217","is_ascension_mode":true,"campfire_choices":[{"data":"Bash","floor":6,"key":"SMITH"},{"floor":8,"key":"REST"},{"floor":13,"key":"REST"},{"floor":15,"key":"REST"}],"neow_cost":"NONE","seed_source_timestamp":1243490243113375,"circlet_count":0,"master_deck":["AscendersBane","Strike_R","Strike_R","Strike_R","Defend_R","Defend_R","Defend_R","Defend_R","Bash+1","Disarm","Armaments","Spot Weakness","Impervious","Shrug It Off","Uppercut","Shockwave"],"relics":["Burning Blood","NeowsBlessing","Juzu Bracelet","Potion Belt","Mercury Hourglass"],"potions_floor_usage":[10,10,11],"damage_taken":[{"damage":0,"enemies":"Jaw Worm","floor":1,"turns":1},{"damage":0,"enemies":"Small Slimes","floor":3,"turns":1},{"damage":0,"enemies":"Cultist","floor":4,"turns":1},{"damage":34,"enemies":"Exordium Wildlife","floor":7,"turns":6},{"damage":37,"enemies":"3 Sentries","floor":10,"turns":12},{"damage":28,"enemies":"Exordium Thugs","floor":11,"turns":8},{"damage":4,"enemies":"2 Fungi Beasts","floor":12,"turns":4},{"damage":45,"enemies":"Slime Boss","floor":16,"turns":8}],"seed_played":"8906362102182236787","potions_obtained":[{"floor":1,"key":"Strength Potion"},{"floor":7,"key":"Energy Potion"},{"floor":10,"key":"GamblersBrew"}],"is_trial":false,"path_per_floor":["M","$","M","M","?","R","M","R","T","E","M","M","R","?","R","B"],"character_chosen":"IRONCLAD","items_purchased":[],"campfire_rested":3,"item_purchase_floors":[],"current_hp_per_floor":[74,74,75,75,68,68,40,62,62,31,9,11,33,15,37,0],"gold":180,"neow_bonus":"THREE_ENEMY_KILL","is_prod":false,"is_daily":false,"chose_seed":false,"campfire_upgraded":1,"win_rate":0,"timestamp":1543462937,"path_taken":["M","$","M","M","?","R","M","R","T","E","M","M","R","?","R","BOSS"],"build_version":"2018-11-15","purchased_purges":1,"victory":false,"max_hp_per_floor":[75,75,75,75,75,75,75,75,75,75,75,75,75,75,75,75],"card_choices":[{"not_picked":["Clash","Thunderclap"],"picked":"Disarm","floor":1},{"not_picked":["Wild Strike","Twin Strike"],"picked":"Armaments","floor":3},{"not_picked":["Second Wind","Clothesline"],"picked":"Spot Weakness","floor":4},{"not_picked":["Iron Wave","Headbutt"],"picked":"Impervious","floor":7},{"not_picked":["Seeing Red","Clash"],"picked":"Shrug It Off","floor":10},{"not_picked":["Bloodletting","Perfected Strike"],"picked":"Uppercut","floor":11},{"not_picked":["Sword Boomerang","Thunderclap"],"picked":"Shockwave","floor":12}],"player_experience":536290,"relics_obtained":[{"floor":9,"key":"Juzu Bracelet"},{"floor":10,"key":"Potion Belt"}],"event_choices":[{"cards_removed":["Strike_R"],"damage_healed":0,"gold_gain":0,"player_choice":"Card Removal","damage_taken":7,"max_hp_gain":0,"max_hp_loss":0,"event_name":"Golden Wing","floor":5,"gold_loss":0},{"damage_healed":0,"gold_gain":0,"player_choice":"Success","damage_taken":18,"relics_obtained":["Mercury Hourglass"],"max_hp_gain":0,"max_hp_loss":0,"event_name":"Scrap Ooze","floor":14,"gold_loss":0}],"is_beta":false,"boss_relics":[],"items_purged_floors":[2],"is_endless":false,"potions_floor_spawned":[1,7,10],"killed_by":"Slime Boss","ascension_level":19}