{"path_per_floor":["M","?","M","?","$","R","M","E","T","E","R","M","?","M","R","B",null,"M","?","?","M","?","R","E","R","T","M","M","M","M","?","R"],"character_chosen":"IRONCLAD","items_purchased":["Rampage"],"gold_per_floor":[114,114,129,129,59,59,74,104,154,184,184,199,199,214,214,314,314,329,329,429,444,444,444,474,474,474,489,504,519,534,734,734,734],"floor_reached":33,"campfire_rested":3,"playtime":1117,"current_hp_per_floor":[80,64,70,70,70,70,76,56,56,30,54,60,60,70,70,26,80,80,80,80,78,78,78,18,42,42,31,14,11,17,17,41,0],"items_purged":[],"gold":734,"score":303,"play_id":"5d43b5f0-8335-458d-b2e5-7490886d397c","local_time":"20180412010929","daily_mods":["Allstar","Lethality","Binary"],"is_prod":false,"is_daily":true,"is_ascension_mode":false,"campfire_upgraded":3,"timestamp":1523516969,"path_taken":["M","?","M","?","$","R","M","E","T","E","R","M","?","M","R","BOSS","M","?","?","M","?","R","E","R","T","M","M","M","?","?","R","BOSS"],"build_version":"2018-04-05v2","purchased_purges":0,"victory":false,"master_deck":["Strike_R","Strike_R","Strike_R","Strike_R","Strike_R","Defend_R","Defend_R","Defend_R+1","Defend_R","Bash+1","Jack Of All Trades+1","Madness","Secret Weapon","Secret Technique","Apotheosis+1","Flame Barrier","Clash","Rampage","Cleave","Rampage+1","Flex","Metallicize","Pommel Strike+1","Demon Form","Rampage","Wild Strike+1","Thunderclap","Rampage+1","Perfected Strike+1","Twin Strike+1","Armaments+1"],"max_hp_per_floor":[80,80,80,80,80,80,80,80,80,80,80,80,80,80,80,80,80,80,80,80,80,80,80,80,80,80,80,80,80,80,80,80,80],"relics":["Burning Blood","Ginger","Blood Vial","Du-Vu Doll","Velvet Choker","Bottled Flame","Mummified Hand"],"card_choices":[{"not_picked":["Body Slam"],"picked":"Flame Barrier","floor":1},{"not_picked":["Infernal Blade"],"picked":"Clash","floor":3},{"not_picked":["Inflame"],"picked":"Cleave","floor":7},{"not_picked":["Sever Soul"],"picked":"Rampage","floor":8},{"not_picked":["Wild Strike"],"picked":"Flex","floor":10},{"not_picked":["Whirlwind"],"picked":"Metallicize","floor":12},{"not_picked":["Body Slam"],"picked":"Pommel Strike","floor":14},{"not_picked":["Bludgeon"],"picked":"Demon Form","floor":16},{"not_picked":["Clothesline"],"picked":"Rampage","floor":18},{"not_picked":["Entrench"],"picked":"Wild Strike","floor":21},{"not_picked":["Exhume"],"picked":"Thunderclap","floor":24},{"not_picked":["Warcry"],"picked":"Rampage","floor":27},{"not_picked":["Headbutt"],"picked":"Perfected Strike","floor":28},{"not_picked":["Reckless Charge"],"picked":"Twin Strike","floor":29},{"not_picked":["Perfected Strike"],"picked":"Armaments","floor":30}],"player_experience":252954,"potions_floor_usage":[16,24,28,28,29,30],"damage_taken":[{"damage":1,"enemies":"Cultist","floor":1,"turns":3},{"damage":0,"enemies":"Small Slimes","floor":3,"turns":2},{"damage":0,"enemies":"Jaw Worm","floor":7,"turns":2},{"damage":26,"enemies":"Lagavulin","floor":8,"turns":4},{"damage":34,"enemies":"Gremlin Nob","floor":10,"turns":4},{"damage":2,"enemies":"Blue Slaver","floor":12,"turns":2},{"damage":2,"enemies":"3 Louse","floor":14,"turns":3},{"damage":52,"enemies":"The Guardian","floor":16,"turns":9},{"damage":6,"enemies":"Shell Parasite","floor":18,"turns":4},{"damage":8,"enemies":"Spheric Guardian","floor":21,"turns":3},{"damage":68,"enemies":"Book of Stabbing","floor":24,"turns":5},{"damage":19,"enemies":"3 Cultists","floor":27,"turns":4},{"damage":25,"enemies":"Snecko","floor":28,"turns":5},{"damage":11,"enemies":"Centurion and Healer","floor":29,"turns":4},{"damage":2,"enemies":"Cultist and Chosen","floor":30,"turns":3},{"damage":54,"enemies":"Collector","floor":33,"turns":6}],"event_choices":[{"event_name":"Shining Light","player_choice":"Entered Light","floor":2,"damage_taken":0},{"event_name":"Living Wall","player_choice":"Grow","floor":4,"damage_taken":0},{"event_name":"The Lab","player_choice":"Got Potions","floor":13,"damage_taken":0},{"event_name":"Upgrade Shrine","player_choice":"Upgraded","floor":19,"damage_taken":0},{"event_name":"Golden Shrine","player_choice":"Pray","floor":20,"damage_taken":0},{"event_name":"Accursed Blacksmith","player_choice":"Ignore","floor":22,"damage_taken":0},{"event_name":"Wheel of Change","player_choice":"Gold","floor":31,"damage_taken":0}],"boss_relics":[{"not_picked":["Astrolabe","Mark of Pain"],"picked":"Velvet Choker"}],"potions_floor_spawned":[3,12,14,18,24,27,29],"seed_played":"8507077734950112790","killed_by":"Collector","ascension_level":0,"is_trial":false}