{"gold_per_floor":[113,188,23,38,58,58,89,100,127,149,161,173,185,213,225,237],"floor_reached":16,"playtime":819,"items_purged":[],"score":189,"play_id":"a06750a6-9ec2-40c3-906b-1f340d04da8f","local_time":"20181125121208","is_ascension_mode":true,"campfire_choices":[{"data":"Neutralize","floor":6,"key":"SMITH"},{"floor":12,"key":"REST"},{"floor":15,"key":"REST"}],"neow_cost":"NONE","seed_source_timestamp":946210528877946,"circlet_count":0,"master_deck":["AscendersBane","Defend_G","Defend_G","Defend_G","Defend_G","Defend_G","Strike_G","Strike_G","Strike_G","Survivor","Neutralize+1","Poisoned Stab","Footwork","Escape Plan","Dodge and Roll","Flying Knee","Crippling Poison","Crippling Poison","Neutralize","Doppelganger"],"relics":["Empty Cage","Ancient Tea Set","MawBank"],"potions_floor_usage":[7,10,16,16],"damage_taken":[{"damage":7,"enemies":"Small Slimes","floor":1,"turns":9},{"damage":6,"enemies":"Cultist","floor":4,"turns":5},{"damage":0,"enemies":"Jaw Worm","floor":5,"turns":9},{"damage":24,"enemies":"Gremlin Nob","floor":7,"turns":6},{"damage":0,"enemies":"2 Fungi Beasts","floor":8,"turns":4},{"damage":2,"enemies":"3 Louse","floor":10,"turns":2},{"damage":1,"enemies":"Gremlin Gang","floor":14,"turns":4},{"damage":46,"enemies":"Slime Boss","floor":16,"turns":14}],"seed_played":"2845998343356005132","potions_obtained":[{"floor":5,"key":"Explosive Potion"},{"floor":7,"key":"SpeedPotion"},{"floor":8,"key":"GhostInAJar"},{"floor":14,"key":"SteroidPotion"}],"is_trial":false,"path_per_floor":["M","?","$","M","M","R","E","M","T","M","?","R","$","M","R","B"],"character_chosen":"THE_SILENT","items_purchased":["Footwork","Escape Plan","AttackPotion"],"campfire_rested":2,"item_purchase_floors":[3,3,3],"current_hp_per_floor":[52,41,41,35,35,35,11,11,11,9,9,28,28,27,46,0],"gold":237,"neow_bonus":"BOSS_RELIC","is_prod":false,"is_daily":false,"chose_seed":false,"campfire_upgraded":1,"win_rate":0,"timestamp":1543165928,"path_taken":["M","?","$","M","M","R","E","M","T","M","?","R","$","M","R","BOSS"],"build_version":"2018-11-15","purchased_purges":0,"victory":false,"max_hp_per_floor":[66,66,66,66,66,66,66,66,66,66,66,66,66,66,66,66],"card_choices":[{"not_picked":["Quick Slash","Endless Agony"],"picked":"Poisoned Stab","floor":1},{"not_picked":["Accuracy","Well Laid Plans"],"picked":"Dodge and Roll","floor":4},{"not_picked":["PiercingWail","Eviscerate"],"picked":"Flying Knee","floor":5},{"not_picked":["Dagger Throw","Distraction"],"picked":"Crippling Poison","floor":7},{"not_picked":["Underhanded Strike","Poisoned Stab"],"picked":"Crippling Poison","floor":8},{"not_picked":["Acrobatics","Sucker Punch","Blade Dance"],"picked":"SKIP","floor":10},{"not_picked":["Slice","Terror","Night Terror"],"picked":"SKIP","floor":14}],"player_experience":506535,"relics_obtained":[{"floor":7,"key":"Ancient Tea Set"},{"floor":9,"key":"MawBank"}],"event_choices":[{"damage_healed":0,"gold_gain":75,"player_choice":"Gather Gold","damage_taken":11,"max_hp_gain":0,"max_hp_loss":0,"event_name":"World of Goop","floor":2,"gold_loss":0},{"damage_healed":0,"gold_gain":0,"player_choice":"2 cards matched","damage_taken":0,"max_hp_gain":0,"max_hp_loss":0,"event_name":"Match and Keep!","floor":11,"gold_loss":0,"cards_obtained":["Neutralize","Doppelganger"]}],"is_beta":false,"boss_relics":[],"items_purged_floors":[],"is_endless":false,"potions_floor_spawned":[5,7,8,14],"killed_by":"Slime Boss","ascension_level":17}