{"gold_per_floor":[114,35,35,35,47,47,66,66,145,245,259,25,41,41,41,146,146,161,177,29,29,48,48,62,62,62,62,79,79,98,108,108,208,208,228,243,21,33,33,33,33,60,84,114,114,114,114,131,131,131],"floor_reached":50,"playtime":4655,"items_purged":["Strike_R","Doubt","Strike_R"],"score":462,"play_id":"06c22b6b-e5a8-45dc-86a9-a77bd8950707","local_time":"20190201062746","is_ascension_mode":false,"campfire_choices":[{"data":"Headbutt","floor":6.0,"key":"SMITH"},{"data":"Offering","floor":8.0,"key":"SMITH"},{"data":"Whirlwind","floor":15.0,"key":"SMITH"},{"data":"Disarm","floor":23.0,"key":"SMITH"},{"floor":27.0,"key":"REST"},{"floor":29.0,"key":"REST"},{"floor":32.0,"key":"REST"},{"data":"Exhume","floor":40.0,"key":"SMITH"},{"data":"Exhume","floor":46.0,"key":"SMITH"},{"floor":49.0,"key":"REST"}],"neow_cost":"CURSE","seed_source_timestamp":0,"circlet_count":0,"master_deck":["Strike_R","Strike_R","Defend_R","Defend_R","Defend_R","Bash+1","Anger","Headbutt","Cleave","Strike_B","Headbutt+1","Offering+1","Shrug It Off","Whirlwind+1","Disarm+1","Impervious","Exhume+1","Armaments+1","Spot Weakness+1","Feed","Rage+1","Dark Shackles","Exhume+1","Dramatic Entrance","Clothesline+1"],"special_seed":0,"relics":["Burning Blood","Torii","Sundial","Snecko Eye","Self Forming Clay","Velvet Choker","Vajra","Strawberry","Prayer Wheel"],"potions_floor_usage":[50],"damage_taken":[{"damage":4.0,"enemies":"Small Slimes","floor":1.0,"turns":6.0},{"damage":1.0,"enemies":"Cultist","floor":5.0,"turns":3.0},{"damage":7.0,"enemies":"Jaw Worm","floor":7.0,"turns":4.0},{"damage":4.0,"enemies":"Gremlin Gang","floor":11.0,"turns":4.0},{"damage":2.0,"enemies":"Looter","floor":13.0,"turns":3.0},{"damage":30.0,"enemies":"Hexaghost","floor":16.0,"turns":13.0},{"damage":6.0,"enemies":"Shell Parasite","floor":18.0,"turns":3.0},{"damage":2.0,"enemies":"Chosen","floor":19.0,"turns":4.0},{"damage":6.0,"enemies":"Centurion and Healer","floor":22.0,"turns":4.0},{"damage":62.0,"enemies":"3 Cultists","floor":24.0,"turns":6.0},{"damage":21.0,"enemies":"Snake Plant","floor":28.0,"turns":4.0},{"damage":3.0,"enemies":"Shelled Parasite and Fungi","floor":30.0,"turns":4.0},{"damage":14.0,"enemies":"3 Cultists","floor":31.0,"turns":5.0},{"damage":76.0,"enemies":"Champ","floor":33.0,"turns":11.0},{"damage":0.0,"enemies":"3 Darklings","floor":35.0,"turns":3.0},{"damage":2.0,"enemies":"Orb Walker","floor":36.0,"turns":3.0},{"damage":24.0,"enemies":"Sphere and 2 Shapes","floor":38.0,"turns":6.0},{"damage":7.0,"enemies":"Reptomancer","floor":44.0,"turns":5.0},{"damage":0.0,"enemies":"Transient","floor":48.0,"turns":5.0},{"damage":114,"enemies":"Donu and Deca","floor":50,"turns":8}],"seed_played":"5026316311730553530","potions_obtained":[{"floor":11.0,"key":"Ancient Potion"},{"floor":22.0,"key":"LiquidBronze"},{"floor":24.0,"key":"Poison Potion"},{"floor":30.0,"key":"Regen Potion"},{"floor":44.0,"key":"SneckoOil"}],"is_trial":false,"path_per_floor":["M","$","?","?","M","R","M","R","T","?","M","$","M","?","R","B",null,"M","M","$","?","M","R","M","$","T","R","M","R","M","M","R","B",null,"M","M","$","M","?","R","?","T","T","E","?","R","?","M","R","B"],"character_chosen":"IRONCLAD","items_purchased":["Headbutt","Cleave","Whirlwind","Disarm","AttackPotion","Dark Shackles"],"campfire_rested":4,"item_purchase_floors":[2,2,12,12,20,37],"current_hp_per_floor":[80,80,80,80,80,80,79,79,79,79,80,80,80,80,80,56,80,80,80,80,80,80,80,24,24,24,48,33,57,60,52,76,11,80,80,80,80,65,65,65,65,65,72,71,71,71,71,77,90,0],"gold":131,"neow_bonus":"ONE_RARE_RELIC","is_prod":false,"is_daily":false,"chose_seed":false,"campfire_upgraded":6,"win_rate":0.0,"timestamp":1548962866,"path_taken":["M","$","?","?","?","R","M","R","T","?","?","$","M","?","R","BOSS","M","M","$","?","M","R","M","$","T","R","?","R","M","M","R","BOSS","M","M","$","M","?","R","?","?","T","E","?","R","?","M","R","BOSS"],"build_version":"2019-01-23","purchased_purges":3,"victory":false,"max_hp_per_floor":[80,80,80,80,80,80,80,80,80,80,80,80,80,80,80,80,80,80,80,80,80,80,80,80,80,80,80,80,80,80,80,80,80,80,80,80,80,83,83,83,83,83,90,90,90,90,90,90,90,93],"card_choices":[{"not_picked":["Havoc","Heavy Blade"],"picked":"Anger","floor":1.0},{"not_picked":["Dropkick","Flame Barrier"],"picked":"Headbutt","floor":5.0},{"not_picked":["Warcry","True Grit"],"picked":"Offering","floor":7.0},{"not_picked":["Body Slam","Thunderclap"],"picked":"Shrug It Off","floor":11.0},{"not_picked":["Feel No Pain","Hemokinesis","Clothesline"],"picked":"SKIP","floor":13.0},{"not_picked":["Bludgeon","Barricade"],"picked":"Impervious","floor":16.0},{"not_picked":["Power Through","Carnage","Havoc"],"picked":"SKIP","floor":18.0},{"not_picked":["Body Slam+1","Power Through"],"picked":"Rampage","floor":19.0},{"not_picked":["Headbutt","Sword Boomerang","Havoc+1"],"picked":"SKIP","floor":22.0},{"not_picked":["Second Wind","Seeing Red","Heavy Blade+1"],"picked":"SKIP","floor":24.0},{"not_picked":["Anger","Entrench"],"picked":"Armaments+1","floor":28.0},{"not_picked":["Heavy Blade","Iron Wave","Perfected Strike"],"picked":"SKIP","floor":30.0},{"not_picked":["Rage+1","True Grit"],"picked":"Spot Weakness+1","floor":31.0},{"not_picked":["Bludgeon","Juggernaut"],"picked":"Feed","floor":33.0},{"not_picked":["Twin Strike","Thunderclap"],"picked":"Rage+1","floor":35.0},{"not_picked":["Headbutt","Warcry","Iron Wave+1"],"picked":"SKIP","floor":36.0},{"not_picked":["Power Through+1","Sword Boomerang+1"],"picked":"Exhume","floor":38.0},{"not_picked":["Perfected Strike","Disarm","Burning Pact"],"picked":"SKIP","floor":44.0},{"not_picked":["Mayhem","Flash of Steel"],"picked":"Dramatic Entrance","floor":45.0},{"not_picked":["Ghostly Armor","Havoc+1"],"picked":"Clothesline+1","floor":48.0},{"not_picked":["Shrug It Off+1","Combust","Iron Wave"],"picked":"SKIP","floor":48.0}],"player_experience":59960,"relics_obtained":[{"floor":9.0,"key":"Sundial"},{"floor":26.0,"key":"Self Forming Clay"},{"floor":42.0,"key":"Vajra"},{"floor":43.0,"key":"Strawberry"},{"floor":44.0,"key":"Prayer Wheel"}],"event_choices":[{"damage_healed":0.0,"max_hp_gain":0.0,"max_hp_loss":0.0,"gold_gain":0.0,"event_name":"Living Wall","player_choice":"Grow","floor":3.0,"gold_loss":0.0,"damage_taken":0.0,"cards_upgraded":["Bash"]},{"cards_removed":["Strike_R"],"damage_healed":0.0,"max_hp_gain":0.0,"max_hp_loss":0.0,"gold_gain":0.0,"event_name":"NoteForYourself","player_choice":"Took Card","floor":4.0,"gold_loss":0.0,"damage_taken":0.0,"cards_obtained":["Strike_B"]},{"damage_healed":0.0,"max_hp_gain":0.0,"max_hp_loss":0.0,"gold_gain":100.0,"event_name":"Golden Shrine","player_choice":"Pray","floor":10.0,"gold_loss":0.0,"damage_taken":0.0},{"damage_healed":0.0,"max_hp_gain":0.0,"max_hp_loss":0.0,"gold_gain":0.0,"event_name":"Liars Game","player_choice":"Ignored","floor":14.0,"gold_loss":0.0,"damage_taken":0.0},{"damage_healed":0.0,"max_hp_gain":0.0,"max_hp_loss":0.0,"gold_gain":0.0,"cards_transformed":["Defend_R"],"event_name":"Transmorgrifier","player_choice":"Transformed","floor":21.0,"gold_loss":0.0,"damage_taken":0.0,"cards_obtained":["Exhume"]},{"cards_removed":["Rampage"],"damage_healed":0.0,"max_hp_gain":0.0,"max_hp_loss":0.0,"gold_gain":0.0,"event_name":"Falling","player_choice":"Removed Attack","floor":39.0,"gold_loss":0.0,"damage_taken":0.0},{"damage_healed":0.0,"max_hp_gain":0.0,"max_hp_loss":0.0,"gold_gain":0.0,"event_name":"Mysterious Sphere","player_choice":"Ignored","floor":41.0,"gold_loss":0.0,"damage_taken":0.0},{"damage_healed":0.0,"max_hp_gain":0.0,"max_hp_loss":0.0,"gold_gain":0.0,"event_name":"SensoryStone","player_choice":"Memory 1","floor":45.0,"gold_loss":0.0,"damage_taken":0.0},{"damage_healed":0.0,"max_hp_gain":0.0,"max_hp_loss":0.0,"gold_gain":0.0,"event_name":"Tomb of Lord Red Mask","player_choice":"Ignored","floor":47.0,"gold_loss":0.0,"damage_taken":0.0}],"is_beta":false,"boss_relics":[{"not_picked":["Empty Cage","Astrolabe"],"picked":"Snecko Eye"},{"not_picked":["Runic Dome","Sozu"],"picked":"Velvet Choker"}],"items_purged_floors":[12,20,37],"is_endless":false,"potions_floor_spawned":[11,22,24,30,31,33,44],"killed_by":"Donu and Deca","ascension_level":0}