{"path_per_floor":["M","M","$","?","M","E","?","R","T","R","$","M","R","E","R","B",null,"M","M","$","M","?"],"character_chosen":"THE_SILENT","items_purchased":["Poisoned Stab","Footwork","Heel Hook","Well Laid Plans","Whetstone"],"gold_per_floor":[111,127,13,13,13,41,41,41,96,96,27,41,41,72,72,173,173,190,202,10,22,22],"floor_reached":23,"campfire_rested":3,"playtime":2092,"current_hp_per_floor":[35,19,19,70,65,33,33,54,54,70,70,64,70,80,80,45,84,57,54,54,38,84],"items_purged":[],"gold":22,"play_id":"19d587ad-6c34-4acc-a5c2-3341c4e8d20d","is_prod":false,"is_daily":false,"campfire_rituals":0,"campfire_upgraded":1,"is_hardmode":false,"path_taken":["M","M","$","?","M","E","?","R","T","R","$","M","R","E","R","BOSS","M","M","$","M","?","E"],"build_version":"2017-12-14-PROD1","purchased_purges":0,"victory":false,"master_deck":["Defend_G","Defend_G","Defend_G","Strike_G","Strike_G","Strike_G","Strike_G","Strike_G","Survivor","Neutralize","A Thousand Cuts","Backflip","Poisoned Stab","Heel Hook","Sucker Punch","Heel Hook","Dodge and Roll","A Thousand Cuts","Envenom","Dodge and Roll","Leg Sweep","Well Laid Plans","Finisher"],"max_hp_per_floor":[70,70,70,70,70,70,70,70,70,70,70,70,70,84,84,84,84,84,84,84,84,84],"relics":["Ring of the Snake","Dodecahedron","Orichalcum","Pen Nib","Mango","The Specimen","Whetstone"],"campfire_meditates":0,"card_choices":[{"not_picked":["PiercingWail","Distraction"],"picked":"A Thousand Cuts"},{"not_picked":["PiercingWail","Quick Slash"],"picked":"Backflip"},{"not_picked":["Quick Slash","Prepared"],"picked":"Heel Hook"},{"not_picked":["Acrobatics","Doppelganger"],"picked":"Sucker Punch"},{"not_picked":["Poisoned Stab","Flying Knee"],"picked":"Dodge and Roll"},{"not_picked":["Prepared","Calculated Gamble"],"picked":"A Thousand Cuts"},{"not_picked":["Die Die Die","Unload"],"picked":"Envenom"},{"not_picked":["PiercingWail","Deflect"],"picked":"Dodge and Roll"},{"not_picked":["Doppelganger","Deflect"],"picked":"Leg Sweep"},{"not_picked":["Quick Slash","Acrobatics"],"picked":"Finisher"}],"player_experience":3944,"potions_floor_usage":[],"damage_taken":[{"damage":0,"enemies":"Cultist","floor":1,"turns":4},{"damage":16,"enemies":"Blue Slaver","floor":2,"turns":5},{"damage":5,"enemies":"Jaw Worm","floor":5,"turns":4},{"damage":32,"enemies":"Lagavulin","floor":6,"turns":8},{"damage":6,"enemies":"Gremlin Gang","floor":12,"turns":3},{"damage":4,"enemies":"Gremlin Nob","floor":14,"turns":4},{"damage":35,"enemies":"Slime Boss","floor":16,"turns":8},{"damage":27,"enemies":"3 Byrds","floor":18,"turns":5},{"damage":3,"enemies":"Chosen","floor":19,"turns":6},{"damage":16,"enemies":"Centurion and Healer","floor":21,"turns":8},{"damage":85,"enemies":"Gremlin Leader","floor":23,"turns":6}],"event_choices":[{"event_name":"Bonfire Elementals","player_choice":"POWER","floor":4,"damage_taken":0},{"event_name":"Wheel of Change","player_choice":"Relic","floor":7,"damage_taken":0},{"event_name":"Wheel of Change","player_choice":"Full Heal","floor":22,"damage_taken":0}],"boss_relics":[{"not_picked":["Snecko Eye","Runic Dome"],"picked":"The Specimen"}],"potions_floor_spawned":[2,5,14],"seed_played":"3989821319813774104","killed_by":"Gremlin Leader","is_trial":false}