{"path_per_floor":["M","$","M","?","$","E","R","M","T","M","?","M","?","?","R","B",null,"M","$","?","M","M"],"character_chosen":"IRONCLAD","items_purchased":["Twin Strike","Twin Strike","Inflame","Shrug It Off","Inflame","Master of Strategy"],"gold_per_floor":[115,66,78,154,29,55,55,72,125,137,137,156,156,219,219,347,347,368,16,16,32,57],"floor_reached":23,"campfire_rested":2,"playtime":1163,"current_hp_per_floor":[72,72,67,67,67,42,63,59,59,56,42,35,35,26,47,38,82,74,74,74,64,29],"items_purged":["Parasite"],"gold":57,"play_id":"83a3dae4-1cb1-467f-9d35-03bb3592a9cf","is_prod":false,"is_daily":false,"campfire_rituals":0,"campfire_upgraded":0,"is_hardmode":false,"path_taken":["M","$","M","?","$","E","R","M","T","M","?","M","?","?","R","BOSS","M","$","?","M","M","E"],"build_version":"2017-12-21-PROD1","purchased_purges":1,"victory":false,"master_deck":["Strike_R","Strike_R","Strike_R","Strike_R","Defend_R","Defend_R","Bash","Wild Strike","Twin Strike","Dual Wield","Twin Strike","Inflame","Flex","Bludgeon","Dual Wield","Evolve","Injury","Twin Strike","Immolate","Injury","Pain","Flex","Shrug It Off","Inflame","Master of Strategy","Cleave","Bloodletting","True Grit"],"max_hp_per_floor":[72,72,72,72,72,72,72,72,72,72,72,72,72,72,72,72,82,82,79,79,79,79],"relics":["Burning Blood","Juzu Bracelet","Happy Flower","Golden Idol","Gremlin Horn","Calling Bell","Pear","Ginger","Dream Catcher"],"campfire_meditates":0,"card_choices":[{"not_picked":["Warcry","Sword Boomerang"],"picked":"Wild Strike"},{"not_picked":["Infernal Blade","Reckless Charge"],"picked":"Dual Wield"},{"not_picked":["Sentinel","Body Slam"],"picked":"Flex"},{"not_picked":["Burning Pact","Armaments"],"picked":"Bludgeon"},{"not_picked":["Sword Boomerang","Anger"],"picked":"Dual Wield"},{"not_picked":["Flex","Sword Boomerang"],"picked":"Evolve"},{"not_picked":["Intimidate","Heavy Blade"],"picked":"Twin Strike"},{"not_picked":["Juggernaut","Berserk"],"picked":"Immolate"},{"not_picked":["Anger","Body Slam"],"picked":"Flex"},{"not_picked":["Armaments","Intimidate"],"picked":"Bloodletting"},{"not_picked":["Armaments","Corruption"],"picked":"True Grit"}],"player_experience":55182,"potions_floor_usage":[10,14,18],"damage_taken":[{"damage":6,"enemies":"Cultist","floor":1,"turns":3},{"damage":11,"enemies":"Jaw Worm","floor":3,"turns":2},{"damage":31,"enemies":"Lagavulin","floor":6,"turns":5},{"damage":10,"enemies":"Looter","floor":8,"turns":2},{"damage":9,"enemies":"2 Fungi Beasts","floor":10,"turns":2},{"damage":13,"enemies":"Red Slaver","floor":12,"turns":2},{"damage":30,"enemies":"3 Sentries","floor":14,"turns":6},{"damage":15,"enemies":"Slime Boss","floor":16,"turns":8},{"damage":14,"enemies":"Chosen","floor":18,"turns":3},{"damage":16,"enemies":"3 Byrds","floor":21,"turns":4},{"damage":41,"enemies":"Snake Plant","floor":22,"turns":4},{"damage":30,"enemies":"Gremlin Leader","floor":23,"turns":3}],"event_choices":[{"event_name":"Golden Wing","player_choice":"Gained Gold","floor":4,"damage_taken":0},{"event_name":"Shining Light","player_choice":"Entered Light","floor":11,"damage_taken":0},{"event_name":"Golden Idol","player_choice":"Take Wound","floor":13,"damage_taken":0},{"event_name":"Dead Adventurer","player_choice":"Searched \u00273\u0027 times","floor":14,"damage_taken":0},{"event_name":"Transmorgrifier","player_choice":"Transform","floor":20,"damage_taken":0}],"boss_relics":[{"not_picked":["Runic Cube","Astrolabe"],"picked":"Calling Bell"}],"potions_floor_spawned":[6,10,12,16,22],"seed_played":"-1490511796437432313","killed_by":"Gremlin Leader","is_trial":false}