{"path_per_floor":["M","M","M","$","M","E","R","M","T","M","M","?","M","?","R"],"character_chosen":"IRONCLAD","items_purchased":["Metallicize","Burning Pact"],"gold_per_floor":[114,130,148,44,60,92,92,102,154,174,185,185,198,198,198],"floor_reached":16,"campfire_rested":2,"playtime":1497,"current_hp_per_floor":[78,80,80,80,78,59,80,66,73,70,63,63,49,49,73],"items_purged":[],"gold":198,"play_id":"4b976c9f-9141-4c21-8faa-8e3ef7bf4d95","is_prod":false,"is_daily":false,"campfire_rituals":0,"campfire_upgraded":0,"is_hardmode":false,"path_taken":["M","M","M","$","?","E","R","M","T","M","M","?","M","?","R","BOSS"],"build_version":"2017-12-21-PROD1","purchased_purges":0,"victory":false,"master_deck":["Strike_R","Strike_R","Strike_R","Strike_R","Defend_R","Defend_R","Defend_R","Defend_R","Uppercut","Fiend Fire","Perfected Strike","Perfected Strike","Metallicize","Burning Pact","Twin Strike","Fiend Fire","Perfected Strike","Seeing Red","Warcry","Bloodletting","Rage"],"max_hp_per_floor":[80,80,80,80,80,80,80,80,87,87,87,87,87,83,83],"relics":["Burning Blood","Bag of Preparation","Strawberry","Golden Idol"],"campfire_meditates":0,"card_choices":[{"not_picked":["Warcry","Reckless Charge"],"picked":"Fiend Fire"},{"not_picked":["Heavy Blade","True Grit"],"picked":"Perfected Strike"},{"not_picked":["Sword Boomerang","Dual Wield"],"picked":"Perfected Strike"},{"not_picked":["Flex","Pummel"],"picked":"Twin Strike"},{"not_picked":["Flame Barrier","Anger"],"picked":"Fiend Fire"},{"not_picked":["Inflame","Fire Breathing"],"picked":"Perfected Strike"},{"not_picked":["Dropkick","Sword Boomerang"],"picked":"Seeing Red"},{"not_picked":["True Grit","Clash"],"picked":"Warcry"},{"not_picked":["Anger","Warcry"],"picked":"Rage"}],"player_experience":17109,"potions_floor_usage":[16,16,16],"damage_taken":[{"damage":8,"enemies":"Blue Slaver","floor":1,"turns":5},{"damage":1,"enemies":"Jaw Worm","floor":2,"turns":3},{"damage":0,"enemies":"Cultist","floor":3,"turns":2},{"damage":8,"enemies":"3 Louse","floor":5,"turns":4},{"damage":25,"enemies":"Lagavulin","floor":6,"turns":5},{"damage":20,"enemies":"Lots of Slimes","floor":8,"turns":5},{"damage":9,"enemies":"2 Fungi Beasts","floor":10,"turns":2},{"damage":13,"enemies":"Exordium Wildlife","floor":11,"turns":3},{"damage":20,"enemies":"Exordium Thugs","floor":13,"turns":4},{"damage":80,"enemies":"Hexaghost","floor":16,"turns":9}],"event_choices":[{"event_name":"Transmorgrifier","player_choice":"Transform","floor":12,"damage_taken":0},{"event_name":"Golden Idol","player_choice":"Lose Max HP","floor":14,"damage_taken":0}],"boss_relics":[],"potions_floor_spawned":[2,3,6,10],"seed_played":"8648941974622589661","killed_by":"Hexaghost","is_trial":false}