{"gold_per_floor":[113,113,133,105,105,136,136,163,190,200,235,235,235,263,263,336,336,350,350,450,74,74,74,74,74,97,123,123,150,161,179,179,179],"floor_reached":33,"playtime":1595,"items_purged":[],"score":694,"play_id":"3cf3c66d-bdd5-44f5-85d0-b588bd539d85","local_time":"20190221194952","is_ascension_mode":true,"campfire_choices":[{"data":"Streamline","floor":7.0,"key":"SMITH"},{"floor":12.0,"key":"REST"},{"data":"Hologram","floor":15.0,"key":"SMITH"},{"floor":23.0,"key":"REST"},{"data":"Coolheaded","floor":24.0,"key":"SMITH"},{"floor":28.0,"key":"REST"},{"data":"Hologram","floor":32,"key":"SMITH"}],"neow_cost":"NONE","seed_source_timestamp":392542306098614,"circlet_count":0,"master_deck":["AscendersBane","Strike_B+1","Strike_B+1","Strike_B+1","Defend_B+1","Defend_B+1","Defend_B+1","Defend_B+1","Zap+1","Dualcast","Chill","Gash","Streamline+1","Self Repair","Ball Lightning","Hologram+1","Hologram+1","All For One","Go for the Eyes+1","BootSequence","Coolheaded+1","Conserve Battery","Genetic Algorithm+1","Coolheaded+1","Genetic Algorithm+1"],"special_seed":0,"relics":["Cracked Core","NeowsBlessing","Bronze Scales","Odd Mushroom","Regal Pillow","WingedGreaves","Pocketwatch","Boot","Black Star","Bird Faced Urn","Symbiotic Virus","Dead Branch","PreservedInsect","FossilizedHelix","Turnip","Toxic Egg 2","Question Card"],"potions_floor_usage":[33],"damage_taken":[{"damage":0.0,"enemies":"Small Slimes","floor":1.0,"turns":1.0},{"damage":0.0,"enemies":"2 Louse","floor":3.0,"turns":1.0},{"damage":0.0,"enemies":"3 Sentries","floor":6.0,"turns":1.0},{"damage":27.0,"enemies":"The Mushroom Lair","floor":8.0,"turns":4.0},{"damage":0.0,"enemies":"Cultist","floor":10.0,"turns":2.0},{"damage":21.0,"enemies":"Lagavulin","floor":11.0,"turns":7.0},{"damage":20.0,"enemies":"3 Sentries","floor":14.0,"turns":6.0},{"damage":20.0,"enemies":"The Guardian","floor":16.0,"turns":9.0},{"damage":29.0,"enemies":"2 Thieves","floor":18.0,"turns":4.0},{"damage":8.0,"enemies":"Colosseum Slavers","floor":20.0,"turns":3.0},{"damage":18.0,"enemies":"Colosseum Nobs","floor":20.0,"turns":4.0},{"damage":22.0,"enemies":"Slavers","floor":27.0,"turns":3.0},{"damage":0.0,"enemies":"Gremlin Leader","floor":29.0,"turns":5.0},{"damage":0,"enemies":"Spheric Guardian","floor":30,"turns":4},{"damage":0,"enemies":"Centurion and Healer","floor":31,"turns":6},{"damage":79,"enemies":"Automaton","floor":33,"turns":12}],"seed_played":"187829939505175595","potions_obtained":[{"floor":1.0,"key":"Energy Potion"},{"floor":8.0,"key":"SpeedPotion"},{"floor":20.0,"key":"Ancient Potion"}],"is_trial":false,"path_per_floor":["M","?","M","$","?","E","R","?","T","M","E","R","T","E","R","B",null,"M","?","?","$","?","R","R","?","T","E","R","E","M","M","R","B"],"character_chosen":"DEFECT","items_purchased":["Streamline","Dead Branch","Coolheaded"],"campfire_rested":3,"item_purchase_floors":[4,21,21],"current_hp_per_floor":[64,57,57,57,57,57,57,37,37,37,23,59,59,46,46,33,62,40,40,21,21,21,57,57,57,57,35,71,71,71,71,71,0],"gold":179,"neow_bonus":"THREE_ENEMY_KILL","is_prod":false,"is_daily":false,"chose_seed":false,"campfire_upgraded":4,"win_rate":0,"timestamp":1550796592,"path_taken":["M","?","M","$","?","E","R","?","T","M","E","R","?","E","R","BOSS","M","?","?","?","?","R","R","?","T","E","R","E","M","M","R","BOSS"],"build_version":"2019-01-23","purchased_purges":0,"victory":false,"max_hp_per_floor":[71,71,71,71,71,71,71,71,71,71,71,71,71,71,71,71,71,71,71,71,71,71,71,71,71,71,71,71,71,71,71,71,71],"card_choices":[{"not_picked":["Rebound","White Noise"],"picked":"Chill","floor":1.0},{"not_picked":["Beam Cell","Rebound"],"picked":"Gash","floor":3.0},{"not_picked":["Rebound","Redo"],"picked":"Self Repair","floor":6.0},{"not_picked":["Skim","Coolheaded"],"picked":"Ball Lightning","floor":8.0},{"not_picked":["Reinforced Body","Streamline"],"picked":"Hologram","floor":10.0},{"not_picked":["Reprogram","Thunder Strike","Redo"],"picked":"SKIP","floor":11.0},{"not_picked":["Go for the Eyes","Core Surge"],"picked":"Hologram","floor":14.0},{"not_picked":["Core Surge","Rainbow"],"picked":"All For One","floor":16.0},{"not_picked":["Conserve Battery+1","Steam"],"picked":"Go for the Eyes+1","floor":18.0},{"not_picked":["Gash","Heatsinks"],"picked":"BootSequence","floor":20.0},{"not_picked":["Beam Cell","Streamline+1"],"picked":"Conserve Battery","floor":27.0},{"not_picked":["Conserve Battery","Double Energy"],"picked":"Genetic Algorithm","floor":29},{"not_picked":["Self Repair","Compile Driver","Chaos+1"],"picked":"Coolheaded+1","floor":30},{"not_picked":["Streamline","Cold Snap","Conserve Battery+1"],"picked":"Genetic Algorithm+1","floor":31}],"player_experience":689854,"relics_obtained":[{"floor":6.0,"key":"Bronze Scales"},{"floor":8.0,"key":"Odd Mushroom"},{"floor":9.0,"key":"Regal Pillow"},{"floor":11.0,"key":"WingedGreaves"},{"floor":13.0,"key":"Pocketwatch"},{"floor":14.0,"key":"Boot"},{"floor":20.0,"key":"Bird Faced Urn"},{"floor":20.0,"key":"Symbiotic Virus"},{"floor":26.0,"key":"PreservedInsect"},{"floor":27.0,"key":"FossilizedHelix"},{"floor":27.0,"key":"Turnip"},{"floor":29,"key":"Toxic Egg 2"},{"floor":29,"key":"Question Card"}],"event_choices":[{"cards_removed":["Strike_B"],"damage_healed":0.0,"max_hp_gain":0.0,"max_hp_loss":0.0,"gold_gain":0.0,"event_name":"Golden Wing","player_choice":"Card Removal","floor":2.0,"gold_loss":0.0,"damage_taken":7.0},{"damage_healed":0.0,"max_hp_gain":0.0,"max_hp_loss":0.0,"gold_gain":0.0,"event_name":"Living Wall","player_choice":"Grow","floor":5.0,"gold_loss":0.0,"damage_taken":0.0,"cards_upgraded":["Zap"]},{"damage_healed":0.0,"max_hp_gain":0.0,"max_hp_loss":0.0,"gold_gain":0.0,"event_name":"Mushrooms","player_choice":"Fought Mushrooms","floor":8.0,"gold_loss":0.0,"damage_taken":0.0},{"damage_healed":0.0,"max_hp_gain":0.0,"max_hp_loss":0.0,"gold_gain":0.0,"event_name":"Back to Basics","player_choice":"Simplicity","floor":19.0,"gold_loss":0.0,"damage_taken":0.0,"cards_upgraded":["Strike_B","Strike_B","Strike_B","Defend_B","Defend_B","Defend_B","Defend_B"]},{"damage_healed":0.0,"max_hp_gain":0.0,"max_hp_loss":0.0,"gold_gain":0.0,"event_name":"Colosseum","player_choice":"Fight","floor":20.0,"gold_loss":0.0,"damage_taken":0.0},{"damage_healed":0.0,"max_hp_gain":0.0,"max_hp_loss":0.0,"gold_gain":0.0,"event_name":"Colosseum","player_choice":"Fought Nobs","floor":20.0,"gold_loss":0.0,"damage_taken":0.0},{"damage_healed":0.0,"max_hp_gain":0.0,"max_hp_loss":0.0,"gold_gain":0.0,"event_name":"Beggar","player_choice":"Ignored","floor":22.0,"gold_loss":0.0,"damage_taken":0.0}],"is_beta":false,"boss_relics":[{"not_picked":["Coffee Dripper","Tiny House"],"picked":"Black Star"}],"items_purged_floors":[],"is_endless":false,"potions_floor_spawned":[1,8,11,18,20,30,31],"killed_by":"Automaton","ascension_level":20}