{"gold_per_floor":[110,121,121,121,145,145,145,163,187,187,205,121,121,146,146,146],"floor_reached":16,"playtime":1530,"items_purged":[],"score":92,"play_id":"2c4862e7-1a8a-4f13-9ed4-1746081d7405","local_time":"20190301183347","is_ascension_mode":false,"campfire_choices":[{"data":"Twin Strike","floor":6,"key":"SMITH"},{"floor":15,"key":"REST"}],"neow_cost":"","seed_source_timestamp":5576417390340,"circlet_count":0,"master_deck":["Strike_R","Strike_R","Strike_R","Strike_R","Strike_R","Defend_R","Defend_R","Defend_R","Defend_R","Bash","Cleave+1","Regret","Twin Strike+1","Rupture","Armaments+1","Bloodletting+1","Power Through+1"],"relics":["Burning Blood","Golden Idol","Strawberry","Bronze Scales","Toxic Egg 2"],"potions_floor_usage":[],"damage_taken":[{"damage":5,"enemies":"Jaw Worm","floor":1,"turns":5},{"damage":5,"enemies":"2 Louse","floor":2,"turns":2},{"damage":7,"enemies":"Cultist","floor":5,"turns":4},{"damage":3,"enemies":"Exordium Wildlife","floor":8,"turns":2},{"damage":6,"enemies":"Blue Slaver","floor":11,"turns":4},{"damage":16,"enemies":"Gremlin Gang","floor":14,"turns":3},{"damage":87,"enemies":"The Guardian","floor":16,"turns":13}],"seed_played":"-2591211625227302430","potions_obtained":[{"floor":8,"key":"Strength Potion"},{"floor":14,"key":"EssenceOfSteel"}],"is_trial":false,"path_per_floor":["M","M","?","?","M","R","?","M","T","?","M","$","$","M","R","B"],"character_chosen":"IRONCLAD","items_purchased":["Armaments+1","Bloodletting+1"],"campfire_rested":1,"item_purchase_floors":[12,12],"current_hp_per_floor":[80,80,60,67,66,66,66,69,69,69,69,69,69,59,85,0],"gold":146,"neow_bonus":"","is_prod":false,"is_daily":false,"chose_seed":false,"campfire_upgraded":1,"win_rate":0.0,"timestamp":1551486827,"path_taken":["M","M","?","?","M","R","?","?","T","?","M","?","$","M","R","BOSS"],"build_version":"2019-01-23","purchased_purges":0,"victory":false,"max_hp_per_floor":[80,80,80,87,87,87,87,87,87,87,87,87,87,87,87,87],"card_choices":[{"not_picked":["Clothesline","Power Through"],"picked":"Cleave","floor":1},{"not_picked":["Second Wind","True Grit","Dual Wield"],"picked":"SKIP","floor":2},{"not_picked":["Clothesline","Sword Boomerang"],"picked":"Twin Strike","floor":5},{"not_picked":["Feel No Pain","Battle Trance"],"picked":"Rupture","floor":8},{"not_picked":["Anger","Reckless Charge","Cleave"],"picked":"SKIP","floor":11},{"not_picked":["Sever Soul","Twin Strike"],"picked":"Power Through+1","floor":14}],"player_experience":0,"relics_obtained":[{"floor":9,"key":"Bronze Scales"}],"event_choices":[{"damage_healed":0,"gold_gain":0,"player_choice":"Take Damage","damage_taken":20,"relics_obtained":["Golden Idol"],"max_hp_gain":0,"max_hp_loss":0,"event_name":"Golden Idol","floor":3,"gold_loss":0},{"damage_healed":0,"gold_gain":0,"player_choice":"Box","damage_taken":0,"relics_obtained":["Strawberry"],"max_hp_gain":0,"max_hp_loss":0,"event_name":"Big Fish","floor":4,"gold_loss":0,"cards_obtained":["Regret"]},{"damage_healed":0,"gold_gain":0,"player_choice":"Upgraded","damage_taken":0,"max_hp_gain":0,"max_hp_loss":0,"event_name":"Upgrade Shrine","floor":7,"gold_loss":0,"cards_upgraded":["Cleave"]},{"damage_healed":0,"gold_gain":0,"player_choice":"Searched \u00271\u0027 times","damage_taken":0,"relics_obtained":["Toxic Egg 2"],"max_hp_gain":0,"max_hp_loss":0,"event_name":"Dead Adventurer","floor":10,"gold_loss":0}],"is_beta":false,"boss_relics":[],"items_purged_floors":[],"is_endless":false,"potions_floor_spawned":[8,14],"killed_by":"The Guardian","ascension_level":0}