{"path_per_floor":["M","M","M","M","?","R","M","M","T","M","R","M","M","?","R","B",null,"M","?","M","M","M","E","M","R","T","E","M","M","$","M","R","B",null,"M","M","M","M","M","R","E","R","T","M","M","?","$","M","R","B"],"character_chosen":"IRONCLAD","items_purchased":["Torii","Bird Faced Urn","Evolve","Rupture"],"gold_per_floor":[114,129,144,159,109,109,124,139,139,154,154,169,184,184,184,284,284,299,299,314,329,344,374,389,389,389,419,434,449,74,89,89,189,189,204,219,234,249,264,264,294,294,294,309,324,324,0,15,15,15],"floor_reached":51,"campfire_rested":3,"playtime":2565,"current_hp_per_floor":[79,79,79,77,77,77,70,65,71,70,70,69,61,61,61,52,92,92,92,93,84,67,56,53,53,59,46,45,47,47,53,85,65,114,103,92,70,39,41,75,62,96,102,102,102,102,102,97,97,74],"items_purged":["Rage"],"gold":15,"score":950,"play_id":"ec58bde0-e957-48d4-94f7-2144a1830200","local_time":"20180314023340","daily_mods":["Diverse","Cursed Run","Vintage"],"is_prod":false,"is_daily":true,"is_ascension_mode":false,"campfire_upgraded":1,"timestamp":1521016420,"path_taken":["M","M","M","M","?","R","M","M","T","M","R","M","M","?","R","BOSS","M","?","M","M","M","E","M","R","T","E","M","M","$","M","R","BOSS","M","M","M","M","M","R","E","R","T","M","M","?","$","M","R","BOSS"],"build_version":"2018-03-09","purchased_purges":2,"victory":true,"master_deck":["Strike_R","Strike_R+1","Defend_R+1","Defend_R","Defend_R","Defend_R+1","Bash","Doubt","Clumsy","Limit Break+1","Immolate+1","Evolve+1","Rupture+1","Combust","Searing Blow+2","Decay","Rampage","Regret","Double Tap+1","Sword Boomerang+1","Dual Wield+1","Juggernaut","Whirlwind","Anger+1","Parasite","Havoc+1","Evolve+1","Rupture+1","Decay"],"max_hp_per_floor":[80,80,80,80,80,80,80,80,86,86,86,86,86,86,86,92,92,92,92,102,102,102,102,102,102,108,108,108,108,108,108,108,114,114,114,114,114,114,114,114,114,114,120,120,120,120,120,120,120,126],"relics":["Cursed Key","Darkstone Periapt","Du-Vu Doll","Toxic Egg 2","Oddly Smooth Stone","Champion Belt","Shovel","Blue Candle","Anchor","Toolbox","Prayer Wheel","Kunai","Mercury Hourglass","Girya","Pen Nib","Astrolabe","Meat on the Bone","Pear","War Paint","Charon\u0027s Ashes","Thread and Needle","Vajra","Bottled Tornado","Matryoshka","Sundial","Shuriken","Torii","Whetstone","Ice Cream","Orrery","Mummified Hand","The Courier","Gambling Chip","Bottled Flame","Frozen Egg 2","Juzu Bracelet","Pantograph","Dead Branch","Self Forming Clay","Centennial Puzzle","Bird Faced Urn","Letter Opener"],"card_choices":[{"not_picked":["Barricade","Brutality"],"picked":"Limit Break"},{"not_picked":["Pommel Strike","Evolve"],"picked":"Searing Blow"},{"not_picked":["Body Slam","Flex"],"picked":"Rage"},{"not_picked":["Body Slam","Intimidate"],"picked":"Rampage"},{"not_picked":["Dark Embrace","Exhume"],"picked":"Double Tap"},{"not_picked":["Ghostly Armor","Warcry"],"picked":"Sword Boomerang"},{"not_picked":["Cleave","Blood for Blood"],"picked":"Dual Wield"},{"not_picked":["Twin Strike","Wild Strike"],"picked":"Juggernaut"},{"not_picked":["Clash","Sword Boomerang"],"picked":"Whirlwind"},{"not_picked":["Cleave","Spot Weakness"],"picked":"Armaments"},{"not_picked":["Flex","Body Slam"],"picked":"Anger"},{"not_picked":["Clothesline","Anger"],"picked":"Havoc"}],"player_experience":147789,"potions_floor_usage":[23,23,24,28,29,33,38,50,50,50],"damage_taken":[{"damage":1,"enemies":"2 Louse","floor":1,"turns":3},{"damage":0,"enemies":"Small Slimes","floor":2,"turns":3},{"damage":0,"enemies":"Jaw Worm","floor":3,"turns":3},{"damage":2,"enemies":"Looter","floor":4,"turns":3},{"damage":7,"enemies":"Large Slime","floor":7,"turns":6},{"damage":5,"enemies":"Blue Slaver","floor":8,"turns":3},{"damage":1,"enemies":"Exordium Wildlife","floor":10,"turns":4},{"damage":1,"enemies":"2 Fungi Beasts","floor":12,"turns":3},{"damage":8,"enemies":"Exordium Thugs","floor":13,"turns":4},{"damage":15,"enemies":"Slime Boss","floor":16,"turns":10},{"damage":0,"enemies":"3 Byrds","floor":18,"turns":3},{"damage":9,"enemies":"Spheric Guardian","floor":20,"turns":4},{"damage":9,"enemies":"Centurion and Healer","floor":21,"turns":5},{"damage":17,"enemies":"Sentry and Sphere","floor":22,"turns":4},{"damage":15,"enemies":"Slavers","floor":23,"turns":4},{"damage":3,"enemies":"Snecko","floor":24,"turns":3},{"damage":25,"enemies":"Gremlin Leader","floor":27,"turns":5},{"damage":13,"enemies":"Snake Plant","floor":28,"turns":3},{"damage":10,"enemies":"Slaver and Parasite","floor":29,"turns":3},{"damage":6,"enemies":"Cultist and Chosen","floor":31,"turns":4},{"damage":38,"enemies":"Automaton","floor":33,"turns":5},{"damage":11,"enemies":"Orb Walker","floor":35,"turns":3},{"damage":11,"enemies":"3 Shapes","floor":36,"turns":2},{"damage":22,"enemies":"3 Darklings","floor":37,"turns":3},{"damage":43,"enemies":"Maw","floor":38,"turns":5},{"damage":10,"enemies":"4 Shapes","floor":39,"turns":3},{"damage":25,"enemies":"Giant Head","floor":41,"turns":6},{"damage":0,"enemies":"3 Darklings","floor":44,"turns":1},{"damage":0,"enemies":"Sphere and 2 Shapes","floor":45,"turns":1},{"damage":19,"enemies":"4 Shapes","floor":48,"turns":3},{"damage":61,"enemies":"Awakened One","floor":50,"turns":6}],"event_choices":[{"event_name":"The Cleric","player_choice":"Card Removal","floor":5,"damage_taken":0},{"event_name":"Living Wall","player_choice":"Forget","floor":14,"damage_taken":0},{"event_name":"The Library","player_choice":"Read","floor":19,"damage_taken":0}],"boss_relics":[{"not_picked":["Runic Dome","Sozu"],"picked":"Astrolabe"},{"not_picked":["Tiny House","Black Star"],"picked":"Orrery"}],"potions_floor_spawned":[1,4,7,12,20,23,27,29,36,41,44,45,48],"seed_played":"2308081983426786839","ascension_level":0,"is_trial":false}