{"gold_per_floor":[162,162,162,181,200,200,231,245,245,245,259,259],"floor_reached":12,"playtime":1120,"items_purged":[],"score":80,"play_id":"1bc4d4e9-e898-4973-b7a8-d24f782202d0","local_time":"20190128210635","is_ascension_mode":false,"campfire_choices":[{"data":"Dual Wield","floor":6,"key":"SMITH"},{"data":"Juggernaut","floor":10,"key":"SMITH"}],"neow_cost":"NONE","seed_source_timestamp":30374929727952,"circlet_count":0,"master_deck":["Strike_R","Strike_R","Strike_R","Strike_R","Strike_R","Defend_R","Defend_R","Defend_R","Defend_R+1","Bash","Perfected Strike+1","Pommel Strike","Dual Wield+1","Combust","Juggernaut+1","Iron Wave","Battle Trance"],"relics":["Tiny House","Nunchaku","Bottled Lightning"],"potions_floor_usage":[],"damage_taken":[{"damage":0,"enemies":"Small Slimes","floor":1,"turns":3},{"damage":6,"enemies":"Jaw Worm","floor":4,"turns":2},{"damage":0,"enemies":"Cultist","floor":5,"turns":2},{"damage":22,"enemies":"3 Sentries","floor":7,"turns":8},{"damage":9,"enemies":"2 Fungi Beasts","floor":8,"turns":3},{"damage":30,"enemies":"Gremlin Gang","floor":11,"turns":5}],"seed_played":"7045653257147615071","potions_obtained":[{"floor":0,"key":"AttackPotion"},{"floor":1,"key":"AttackPotion"},{"floor":5,"key":"EssenceOfSteel"}],"is_trial":false,"path_per_floor":["M","?","?","M","M","R","E","M","T","R","M","?"],"character_chosen":"IRONCLAD","items_purchased":[],"campfire_rested":0,"item_purchase_floors":[],"current_hp_per_floor":[85,85,90,84,84,84,62,53,53,53,23,0],"gold":259,"neow_bonus":"BOSS_RELIC","is_prod":false,"is_daily":false,"chose_seed":false,"campfire_upgraded":2,"win_rate":0.0,"timestamp":1548705995,"path_taken":["M","?","?","M","M","R","E","M","T","R","M","?"],"build_version":"2019-01-23","purchased_purges":0,"victory":false,"max_hp_per_floor":[85,85,90,90,90,90,90,90,90,90,90,90],"card_choices":[{"not_picked":["Sever Soul","Entrench"],"picked":"Perfected Strike","floor":0},{"not_picked":["Clothesline","Warcry"],"picked":"Pommel Strike","floor":1},{"not_picked":["Twin Strike","Armaments"],"picked":"Dual Wield","floor":4},{"not_picked":["True Grit","Intimidate"],"picked":"Combust","floor":5},{"not_picked":["Clash","Inflame"],"picked":"Juggernaut","floor":7},{"not_picked":["Clothesline","Thunderclap"],"picked":"Iron Wave","floor":8},{"not_picked":["Armaments","Inflame"],"picked":"Battle Trance","floor":11}],"player_experience":13042,"relics_obtained":[{"floor":7,"key":"Nunchaku"},{"floor":9,"key":"Bottled Lightning"}],"event_choices":[{"damage_healed":0,"gold_gain":0,"player_choice":"Grow","damage_taken":0,"max_hp_gain":0,"max_hp_loss":0,"event_name":"Living Wall","floor":2,"gold_loss":0,"cards_upgraded":["Perfected Strike"]},{"damage_healed":0,"gold_gain":0,"player_choice":"Donut","damage_taken":0,"max_hp_gain":5,"max_hp_loss":0,"event_name":"Big Fish","floor":3,"gold_loss":0}],"is_beta":false,"boss_relics":[],"items_purged_floors":[],"is_endless":false,"potions_floor_spawned":[1,5],"ascension_level":0}