{"path_per_floor":["M","?","$","M","$","E","R","?","T","M","M","R","M","M","R","B",null,"M","$","?","M","?","E","M","M","T","R","E","R","T","$","R","B",null,"M","M","$","?","?","E","M","?","T","R","M","M","R","M","R"],"character_chosen":"THE_SILENT","items_purchased":["Catalyst","Outmaneuver","Toolbox","Molten Egg 2","Dagger Throw","Gambling Chip","Bottled Tornado","Pen Nib","Deadly Poison"],"gold_per_floor":[144,144,0,45,0,90,90,90,145,190,235,235,280,325,325,625,625,670,21,21,66,66,156,201,246,246,246,336,336,336,36,36,336,336,381,426,3,132,132,222,267,0,0,0,45,90,90,135,135],"floor_reached":50,"campfire_rested":9,"playtime":3151,"current_hp_per_floor":[68,26,26,26,26,36,57,57,57,55,55,70,60,60,70,66,70,65,65,41,34,34,28,28,31,31,52,52,70,70,70,70,37,70,60,60,60,38,38,28,40,40,40,61,61,43,64,64,70],"items_purged":["A Thousand Cuts","Corpse Explosion"],"gold":135,"score":665,"play_id":"d8968681-0fc9-472d-be3e-fa18916c3f06","local_time":"20180316180320","daily_mods":["Heirloom","Midas","Insanity"],"is_prod":false,"is_daily":true,"is_ascension_mode":false,"campfire_upgraded":0,"timestamp":1521245000,"path_taken":["M","?","$","M","?","E","R","?","T","M","M","R","M","M","R","BOSS","M","$","?","M","?","E","M","M","T","R","E","R","?","$","R","BOSS","M","?","$","?","?","E","M","?","T","R","?","M","R","M","R","BOSS"],"build_version":"2018-03-15v2","purchased_purges":2,"victory":false,"master_deck":["Slice","Finisher","Caltrops","Flying Knee","Escape Plan","Concentrate","Malaise","Blur","Phantasmal Killer","Endless Agony","Noxious Fumes","Escape Plan","Choke","Burst","Blade Dance","Footwork","Distraction","Cloak And Dagger","Tactician","Wraith Form","Calculated Gamble","Concentrate","Outmaneuver","Quick Slash","Doppelganger","Dagger Throw","Neutralize","Expertise","Distraction","Venomology","Heel Hook","Die Die Die","Unload","PiercingWail","Concentrate","PiercingWail","Storm of Steel","Burst","Distraction","Malaise","Acrobatics","Underhanded Strike","Calculated Gamble","Burst","Dagger Spray","Prepared","Prepared","Catalyst","Backflip","Outmaneuver","Accuracy","Reflex","Backflip","Quick Slash","Deflect","Doppelganger","Bane","Distraction","Dagger Throw+1","Mind Blast+1","Flash of Steel+1","Skewer+1","Mind Blast+1","Setup","Reflex+1","Prepared","Backstab+1","After Image","Cloak And Dagger+1","Quick Slash+1","Deadly Poison","Prepared+1","Setup+1","Quick Slash+1","Flechettes+1","Outmaneuver+1","Reflex"],"max_hp_per_floor":[70,70,70,70,70,70,70,70,70,70,70,70,70,70,70,70,70,70,70,70,70,70,70,70,70,70,70,70,70,70,70,70,70,70,70,70,70,70,70,70,70,70,70,70,70,70,70,70,70],"relics":["Ring of the Snake","Thread and Needle","Centennial Puzzle","Lantern","Tiny Chest","Pandora\u0027s Box","Toolbox","Molten Egg 2","Blue Candle","Frozen Eye","Du-Vu Doll","Oddly Smooth Stone","Gambling Chip","The Specimen","Bottled Tornado","Pen Nib","Peace Pipe","Meat on the Bone","Red Mask","Tingsha"],"card_choices":[{"not_picked":["All Out Attack","Blade Dance"],"picked":"Prepared"},{"not_picked":["Sucker Punch","Phantasmal Killer"],"picked":"Backflip"},{"not_picked":["Cloak And Dagger","Acrobatics"],"picked":"Accuracy"},{"not_picked":["Footwork","Skewer"],"picked":"Reflex"},{"not_picked":["Choke","Sucker Punch"],"picked":"Backflip"},{"not_picked":["Acrobatics","PiercingWail"],"picked":"Quick Slash"},{"not_picked":["Choke","Backflip"],"picked":"Deflect"},{"not_picked":["Corpse Explosion","Venomology"],"picked":"Doppelganger"},{"not_picked":["Malaise","Deflect"],"picked":"Distraction"},{"not_picked":["Heel Hook","Finisher"],"picked":"Skewer"},{"not_picked":["Bane","Dagger Spray"],"picked":"Setup"},{"not_picked":["Slice","Finisher"],"picked":"Reflex"},{"not_picked":["Heel Hook","Outmaneuver"],"picked":"Prepared"},{"not_picked":["Distraction","Prepared"],"picked":"Backstab"},{"not_picked":["Tactician","Burst"],"picked":"After Image"},{"not_picked":["Blur","Skewer"],"picked":"Cloak And Dagger"},{"not_picked":["Bane","Riddle With Holes"],"picked":"Quick Slash"},{"not_picked":["Distraction","Deadly Poison"],"picked":"Prepared"},{"not_picked":["Slice","Quick Slash"],"picked":"Setup"},{"not_picked":["Sucker Punch","Catalyst"],"picked":"Quick Slash"},{"not_picked":["Envenom","Deflect"],"picked":"Flechettes"},{"not_picked":["Riddle With Holes","Slice"],"picked":"Outmaneuver"},{"not_picked":["Noxious Fumes","Outmaneuver"],"picked":"Reflex"}],"player_experience":152369,"potions_floor_usage":[6,6,11,13,14,16,16,16,18,25,33,40,40,50,50,50],"damage_taken":[{"damage":2,"enemies":"Jaw Worm","floor":1,"turns":4},{"damage":0,"enemies":"Cultist","floor":4,"turns":3},{"damage":2,"enemies":"Lagavulin","floor":6,"turns":5},{"damage":2,"enemies":"2 Louse","floor":10,"turns":3},{"damage":0,"enemies":"Lots of Slimes","floor":11,"turns":2},{"damage":10,"enemies":"Exordium Wildlife","floor":13,"turns":5},{"damage":0,"enemies":"Red Slaver","floor":14,"turns":3},{"damage":4,"enemies":"The Guardian","floor":16,"turns":14},{"damage":5,"enemies":"Chosen","floor":18,"turns":4},{"damage":7,"enemies":"Shell Parasite","floor":21,"turns":2},{"damage":6,"enemies":"Slavers","floor":23,"turns":2},{"damage":0,"enemies":"Centurion and Healer","floor":24,"turns":1},{"damage":0,"enemies":"Chosen and Byrds","floor":25,"turns":2},{"damage":0,"enemies":"Book of Stabbing","floor":28,"turns":3},{"damage":33,"enemies":"Automaton","floor":33,"turns":7},{"damage":10,"enemies":"3 Darklings","floor":35,"turns":6},{"damage":0,"enemies":"3 Shapes","floor":36,"turns":1},{"damage":22,"enemies":"Mysterious Sphere","floor":38,"turns":3},{"damage":10,"enemies":"2 Orb Walkers","floor":40,"turns":4},{"damage":0,"enemies":"3 Darklings","floor":41,"turns":2},{"damage":0,"enemies":"Sphere and 2 Shapes","floor":45,"turns":1},{"damage":18,"enemies":"Maw","floor":46,"turns":5},{"damage":0,"enemies":"3 Darklings","floor":48,"turns":1},{"damage":86,"enemies":"Time Eater","floor":50,"turns":8}],"event_choices":[{"event_name":"Scrap Ooze","player_choice":"success","floor":2,"damage_taken":42},{"event_name":"The Woman in Blue","player_choice":"Bought 0 Potions","floor":8,"damage_taken":0},{"event_name":"Knowing Skull","player_choice":"CARD CARD ","floor":20,"damage_taken":0},{"event_name":"Duplicator","player_choice":"One dupe","floor":22,"damage_taken":0},{"event_name":"Mysterious Sphere","player_choice":"Fight","floor":38,"damage_taken":0},{"event_name":"Tomb of Lord Red Mask","player_choice":"Paid","floor":42,"damage_taken":0}],"boss_relics":[{"not_picked":["Philosopher\u0027s Stone","White Beast Statue"],"picked":"Pandora\u0027s Box"},{"not_picked":["Question Card","Snecko Eye"],"picked":"The Specimen"}],"potions_floor_spawned":[1,4,10,16,23,25,38,41,45,46,48],"seed_played":"5375251351321028032","killed_by":"Time Eater","ascension_level":0,"is_trial":false}