{"gold_per_floor":[112,124,49,60,73,73,93,93,93,93,93,93,108,8,8,132,132,148,148,148,273,298,298,332,332,359,359],"floor_reached":27,"playtime":2130,"items_purged":["Strike_R","Defend_R"],"score":243,"play_id":"7dd6f820-77a0-4bcd-bc0a-3a3d84ae714b","local_time":"20190228164819","is_ascension_mode":true,"campfire_choices":[{"data":"Dropkick","floor":6,"key":"SMITH"},{"data":"Shrug It Off","floor":8,"key":"SMITH"},{"data":"Bash","floor":11,"key":"SMITH"},{"data":"Body Slam","floor":15,"key":"SMITH"},{"floor":23,"key":"REST"},{"floor":25,"key":"REST"}],"neow_cost":"NONE","seed_source_timestamp":0,"circlet_count":0,"master_deck":["Strike_R","Strike_R","Strike_R","Defend_R","Defend_R","Defend_R","Bash+1","Body Slam+1","Dropkick+1","Shrug It Off+1","Clash","Reaper","Dropkick","Pommel Strike","Rage","RitualDagger","Flame Barrier","Shrug It Off+1"],"special_seed":0,"relics":["Burning Blood","Gremlin Horn","Golden Idol","Orrery","Unceasing Top","Sundial","Bird Faced Urn","Bag of Preparation"],"potions_floor_usage":[5,16,21,22],"damage_taken":[{"damage":6.0,"enemies":"Cultist","floor":1.0,"turns":3.0},{"damage":8.0,"enemies":"Jaw Worm","floor":2.0,"turns":5.0},{"damage":6.0,"enemies":"2 Louse","floor":4.0,"turns":3.0},{"damage":21,"enemies":"Exordium Wildlife","floor":5,"turns":5},{"damage":6,"enemies":"Blue Slaver","floor":7,"turns":3},{"damage":6,"enemies":"Looter","floor":13,"turns":2},{"damage":47,"enemies":"Hexaghost","floor":16,"turns":9},{"damage":2,"enemies":"Chosen","floor":18,"turns":3},{"damage":17,"enemies":"Colosseum Slavers","floor":21,"turns":7},{"damage":68,"enemies":"Colosseum Nobs","floor":21,"turns":6},{"damage":9,"enemies":"3 Byrds","floor":22,"turns":3},{"damage":26,"enemies":"Slavers","floor":24,"turns":6},{"damage":77,"enemies":"Gremlin Leader","floor":27,"turns":6}],"seed_played":"4263394708528231733","potions_obtained":[{"floor":2.0,"key":"Poison Potion"},{"floor":4.0,"key":"GamblersBrew"},{"floor":7,"key":"Strength Potion"},{"floor":21,"key":"LiquidBronze"}],"is_trial":false,"path_per_floor":["M","M","$","M","M","R","M","R","T","?","R","?","M","$","R","B",null,"M","?","?","?","M","R","E","R","T","E"],"character_chosen":"IRONCLAD","items_purchased":[],"campfire_rested":2,"item_purchase_floors":[],"current_hp_per_floor":[88,86,86,86,71,71,71,71,71,71,71,71,71,71,71,30,88,88,82,82,17,20,46,32,58,58,0],"gold":359,"neow_bonus":"TEN_PERCENT_HP_BONUS","is_prod":false,"is_daily":false,"chose_seed":false,"campfire_upgraded":4,"win_rate":0,"timestamp":1551332899,"path_taken":["M","M","$","M","M","R","?","R","T","?","R","?","M","$","R","BOSS","M","?","?","?","M","R","E","R","T","E"],"build_version":"2019-01-23","purchased_purges":2,"victory":false,"max_hp_per_floor":[88,88,88,88,88,88,88,88,88,88,88,88,88,88,88,88,88,88,88,88,88,88,88,88,88,88,88],"card_choices":[{"not_picked":["Clothesline","Headbutt"],"picked":"Body Slam","floor":1.0},{"not_picked":["Intimidate","Clash"],"picked":"Dropkick","floor":2.0},{"not_picked":["Sentinel","Flex","Inflame"],"picked":"SKIP","floor":4.0},{"not_picked":["Battle Trance","Brutality","Headbutt"],"picked":"SKIP","floor":5},{"not_picked":["True Grit","Shockwave"],"picked":"Shrug It Off","floor":7},{"not_picked":["Disarm","Combust"],"picked":"Clash","floor":13},{"not_picked":["Bludgeon","Limit Break"],"picked":"Reaper","floor":16},{"not_picked":["Armaments","Body Slam"],"picked":"Dropkick","floor":17},{"not_picked":["Battle Trance","Evolve"],"picked":"Pommel Strike","floor":17},{"not_picked":["True Grit","Havoc"],"picked":"Rage","floor":17},{"not_picked":["Headbutt+1","Hemokinesis","Disarm"],"picked":"SKIP","floor":18},{"not_picked":["Armaments","Warcry"],"picked":"Flame Barrier","floor":21},{"not_picked":["Bludgeon","Headbutt","Wild Strike"],"picked":"SKIP","floor":22},{"not_picked":["Perfected Strike+1","Entrench"],"picked":"Shrug It Off+1","floor":24}],"player_experience":198566,"relics_obtained":[{"floor":9,"key":"Gremlin Horn"},{"floor":21,"key":"Unceasing Top"},{"floor":21,"key":"Sundial"},{"floor":24,"key":"Bird Faced Urn"},{"floor":26,"key":"Bag of Preparation"}],"event_choices":[{"damage_healed":0,"gold_gain":0,"player_choice":"Take Wound","damage_taken":0,"relics_obtained":["Golden Idol"],"max_hp_gain":0,"max_hp_loss":0,"event_name":"Golden Idol","floor":10,"gold_loss":0,"cards_obtained":["Injury"]},{"cards_removed":["Injury"],"damage_healed":0,"gold_gain":0,"player_choice":"Forget","damage_taken":0,"max_hp_gain":0,"max_hp_loss":0,"event_name":"Living Wall","floor":12,"gold_loss":0},{"damage_healed":0,"gold_gain":0,"player_choice":"Joined the Cult","damage_taken":6,"max_hp_gain":0,"max_hp_loss":0,"event_name":"Nest","floor":19,"gold_loss":0,"cards_obtained":["RitualDagger"]},{"cards_removed":["Strike_R"],"damage_healed":0,"gold_gain":0,"player_choice":"Elegance","damage_taken":0,"max_hp_gain":0,"max_hp_loss":0,"event_name":"Back to Basics","floor":20,"gold_loss":0},{"damage_healed":0,"gold_gain":0,"player_choice":"Fight","damage_taken":0,"max_hp_gain":0,"max_hp_loss":0,"event_name":"Colosseum","floor":21,"gold_loss":0},{"damage_healed":0,"gold_gain":0,"player_choice":"Fought Nobs","damage_taken":0,"max_hp_gain":0,"max_hp_loss":0,"event_name":"Colosseum","floor":21,"gold_loss":0}],"is_beta":false,"boss_relics":[{"not_picked":["Eternal Feather","Ectoplasm"],"picked":"Orrery"}],"items_purged_floors":[3,14],"is_endless":false,"potions_floor_spawned":[2,4,7,21,21],"killed_by":"Gremlin Leader","ascension_level":2}