{"path_per_floor":["M","M","$","?","M","E","R","$","T","R","?","?","E","M","R","B",null,"M","M","$","M","$"],"character_chosen":"DEFECT","items_purchased":["Go for the Eyes","Capacitor","Biased Cognition"],"gold_per_floor":[110,127,2,177,196,229,229,105,105,105,105,105,135,155,155,258,258,268,285,6,16,16,16],"floor_reached":23,"campfire_rested":3,"playtime":958,"current_hp_per_floor":[66,53,53,53,52,18,38,38,38,58,58,51,30,34,54,44,68,66,61,61,35,35,0],"items_purged":["Strike_B","Doubt","Strike_B"],"gold":16,"score":199,"play_id":"ee5e86a0-4ea7-4b2b-8eee-f880fa35d3fa","local_time":"20180428063231","is_prod":false,"is_daily":false,"chose_seed":false,"is_ascension_mode":false,"campfire_upgraded":0,"timestamp":1524918751,"path_taken":["M","M","$","?","M","E","R","$","T","R","?","?","E","M","R","BOSS","M","M","$","M","$","E"],"build_version":"2018-04-27v3","seed_source_timestamp":1437486456538682,"purchased_purges":3,"victory":false,"master_deck":["Strike_B","Strike_B","Defend_B","Defend_B","Defend_B","Zap","Gash","Beam Cell","Go for the Eyes","Steam Power","Go for the Eyes","Capacitor","Echo Form","All For One","Go for the Eyes","Tempest","Biased Cognition","FTL"],"max_hp_per_floor":[68,68,68,68,68,68,68,68,68,68,68,68,68,68,68,68,68,68,68,68,68,68,68],"relics":["Cracked Core","Unceasing Top","Meat on the Bone","Toolbox","Mummified Hand","Cursed Key"],"card_choices":[{"not_picked":["Axe Kick","Beam Cell"],"picked":"Gash","floor":1},{"not_picked":["Impulse","Sweeping Beam"],"picked":"Beam Cell","floor":2},{"not_picked":["Scrape","Skim"],"picked":"Steam Power","floor":5},{"not_picked":["Self Repair","Turbo"],"picked":"Go for the Eyes","floor":6},{"not_picked":["Sunder","Cold Snap"],"picked":"Echo Form","floor":14},{"not_picked":["Creative AI","Nova"],"picked":"All For One","floor":16},{"not_picked":["Hologram","Skim"],"picked":"Go for the Eyes","floor":18},{"not_picked":["Self Repair","Stack"],"picked":"Tempest","floor":19},{"not_picked":["Doom and Gloom","Force Field"],"picked":"FTL","floor":21}],"player_experience":303189,"potions_floor_usage":[5,19,23,23],"damage_taken":[{"damage":2,"enemies":"2 Louse","floor":1,"turns":3},{"damage":13,"enemies":"Jaw Worm","floor":2,"turns":3},{"damage":7,"enemies":"Small Slimes","floor":5,"turns":3},{"damage":34,"enemies":"Gremlin Nob","floor":6,"turns":5},{"damage":33,"enemies":"3 Sentries","floor":13,"turns":7},{"damage":8,"enemies":"3 Louse","floor":14,"turns":3},{"damage":22,"enemies":"Slime Boss","floor":16,"turns":8},{"damage":2,"enemies":"Shell Parasite","floor":18,"turns":2},{"damage":5,"enemies":"3 Byrds","floor":19,"turns":4},{"damage":26,"enemies":"Centurion and Healer","floor":21,"turns":3},{"damage":38,"enemies":"Slavers","floor":23,"turns":2}],"event_choices":[{"event_name":"Liars Game","player_choice":"agreed","floor":4,"damage_taken":0},{"event_name":"Living Wall","player_choice":"Forget","floor":11,"damage_taken":0},{"event_name":"Golden Wing","player_choice":"Card Removal","floor":12,"damage_taken":0}],"boss_relics":[{"not_picked":["Philosopher\u0027s Stone","Runic Dome"],"picked":"Cursed Key"}],"potions_floor_spawned":[1,14,18,19],"seed_played":"-8416515653079685720","killed_by":"Slavers","ascension_level":0,"is_trial":false}