{"gold_per_floor":[363,438,454,466,484,496,496,515,541,541,541,34,54,73,73,176,226,241,241,28,45,55,55,55,55,79,79],"floor_reached":27,"playtime":2238,"items_purged":["Strike_R","Strike_R"],"score":207,"play_id":"6e8e914c-a800-4f53-9457-483c042dc91b","local_time":"20190128234626","is_ascension_mode":false,"campfire_choices":[{"floor":7,"key":"REST"},{"floor":11,"key":"REST"},{"data":"Magnetism","floor":15,"key":"SMITH"},{"floor":23,"key":"REST"}],"neow_cost":"PERCENT_DAMAGE","seed_source_timestamp":395796328450600,"circlet_count":0,"master_deck":["Strike_R","Strike_R","Strike_R","Defend_R","Defend_R","Defend_R","Defend_R+1","Bash","Thunderclap","Fire Breathing+1","Flex","Anger","Rupture","Evolve","Shrug It Off","Immolate","Magnetism+1","Combust","Second Wind","Wild Strike+1","Reaper","Metallicize","Flex","Iron Wave","Inflame","Second Wind","Armaments","Spot Weakness","Writhe"],"relics":["Burning Blood","Lantern","Tiny House","Ancient Tea Set","Regal Pillow"],"potions_floor_usage":[6,6,16,16,22],"damage_taken":[{"damage":6,"enemies":"Jaw Worm","floor":1,"turns":5},{"damage":7,"enemies":"2 Louse","floor":3,"turns":3},{"damage":10,"enemies":"Small Slimes","floor":4,"turns":4},{"damage":9,"enemies":"2 Fungi Beasts","floor":5,"turns":3},{"damage":0,"enemies":"Large Slime","floor":6,"turns":4},{"damage":20,"enemies":"Exordium Wildlife","floor":8,"turns":5},{"damage":0,"enemies":"3 Louse","floor":13,"turns":2},{"damage":3,"enemies":"Large Slime","floor":14,"turns":5},{"damage":65,"enemies":"Hexaghost","floor":16,"turns":12},{"damage":27,"enemies":"3 Byrds","floor":18,"turns":5},{"damage":49,"enemies":"Spheric Guardian","floor":21,"turns":8},{"damage":26,"enemies":"Snake Plant","floor":22,"turns":6},{"damage":45,"enemies":"Gremlin Leader","floor":27,"turns":6}],"seed_played":"6711343855143698808","potions_obtained":[{"floor":3,"key":"Weak Potion"},{"floor":5,"key":"Energy Potion"},{"floor":13,"key":"GamblersBrew"},{"floor":14,"key":"Explosive Potion"},{"floor":17,"key":"SteroidPotion"},{"floor":21,"key":"PowerPotion"},{"floor":22,"key":"BloodPotion"}],"is_trial":false,"path_per_floor":["M","?","M","M","M","M","R","M","T","?","R","$","M","M","R","B",null,"M","?","$","M","M","R","?","?","T","E"],"character_chosen":"IRONCLAD","items_purchased":["Shrug It Off","Immolate","Magnetism","Combust","Inflame","Second Wind"],"campfire_rested":3,"item_purchase_floors":[12,12,12,12,20,20],"current_hp_per_floor":[56,45,44,40,37,43,67,53,53,37,61,61,67,70,70,11,85,64,64,64,21,8,33,33,33,33,0],"gold":79,"neow_bonus":"TWO_FIFTY_GOLD","is_prod":false,"is_daily":false,"chose_seed":false,"campfire_upgraded":1,"win_rate":0.0,"timestamp":1548679586,"path_taken":["M","?","M","M","M","M","R","M","T","?","R","$","M","M","R","BOSS","M","?","$","M","M","R","?","?","T","E"],"build_version":"2019-01-23","purchased_purges":2,"victory":false,"max_hp_per_floor":[80,80,80,80,80,80,80,80,80,80,80,80,80,80,80,80,85,85,85,85,85,85,85,85,85,85,85],"card_choices":[{"not_picked":["True Grit","Perfected Strike"],"picked":"Thunderclap","floor":1},{"not_picked":["Havoc","Armaments"],"picked":"Fire Breathing","floor":3},{"not_picked":["Heavy Blade","Hemokinesis"],"picked":"Flex","floor":4},{"not_picked":["Rage","Evolve"],"picked":"Anger","floor":5},{"not_picked":["Anger","Disarm"],"picked":"Rupture","floor":6},{"not_picked":["Berserk","Shrug It Off"],"picked":"Evolve","floor":8},{"not_picked":["Twin Strike","Havoc"],"picked":"Second Wind","floor":13},{"not_picked":["Second Wind","Pummel"],"picked":"Wild Strike","floor":14},{"not_picked":["Berserk","Juggernaut"],"picked":"Reaper","floor":16},{"not_picked":["Pommel Strike","Body Slam"],"picked":"Metallicize","floor":17},{"not_picked":["True Grit","Havoc"],"picked":"Flex","floor":18},{"not_picked":["Pommel Strike","Searing Blow"],"picked":"Armaments","floor":21},{"not_picked":["Iron Wave","Havoc"],"picked":"Spot Weakness","floor":22}],"player_experience":36123,"relics_obtained":[{"floor":9,"key":"Lantern"},{"floor":26,"key":"Regal Pillow"}],"event_choices":[{"damage_healed":0,"gold_gain":75,"player_choice":"Gather Gold","damage_taken":11,"max_hp_gain":0,"max_hp_loss":0,"event_name":"World of Goop","floor":2,"gold_loss":0},{"damage_healed":0,"gold_gain":0,"player_choice":"Entered Light","damage_taken":16,"max_hp_gain":0,"max_hp_loss":0,"event_name":"Shining Light","floor":10,"gold_loss":0,"cards_upgraded":["Fire Breathing","Defend_R"]},{"damage_healed":0,"gold_gain":0,"player_choice":"Read","damage_taken":0,"max_hp_gain":0,"max_hp_loss":0,"event_name":"The Library","floor":19,"gold_loss":0,"cards_obtained":["Iron Wave"]},{"damage_healed":0,"gold_gain":0,"player_choice":"Opened","damage_taken":0,"relics_obtained":["Ancient Tea Set"],"max_hp_gain":0,"max_hp_loss":0,"event_name":"The Mausoleum","floor":24,"gold_loss":0,"cards_obtained":["Writhe"]},{"damage_healed":0,"gold_gain":0,"player_choice":"Ignored","damage_taken":0,"max_hp_gain":0,"max_hp_loss":0,"event_name":"Beggar","floor":25,"gold_loss":0}],"is_beta":false,"boss_relics":[{"not_picked":["Sozu","Lizard Tail"],"picked":"Tiny House"}],"items_purged_floors":[12,20],"is_endless":false,"potions_floor_spawned":[3,5,13,14,21,22],"killed_by":"Gremlin Leader","ascension_level":0}