{"gold_per_floor":[113,133,43,55,68,68,85,110,136,156,156,189,189,189,189,285,285,301,301,155,155,174,203,218,218,218,218,229,229,239,254,254,254],"floor_reached":33,"playtime":2344,"items_purged":["Strike_G"],"score":293,"play_id":"23588b8b-8706-4e86-ab83-94df45345127","local_time":"20190222213410","is_ascension_mode":true,"campfire_choices":[{"data":"Leg Sweep","floor":6.0,"key":"SMITH"},{"floor":11,"key":"REST"},{"floor":13,"key":"REST"},{"data":"Deadly Poison","floor":15,"key":"SMITH"},{"floor":25,"key":"REST"},{"data":"Catalyst","floor":27,"key":"SMITH"},{"floor":32,"key":"REST"}],"neow_cost":"NONE","seed_source_timestamp":0,"circlet_count":0,"master_deck":["Defend_G","Defend_G","Defend_G","Defend_G","Strike_G","Strike_G","Strike_G","Survivor","Neutralize","Leg Sweep+1","PiercingWail","Deadly Poison+1","Poisoned Stab","Deadly Poison","Adrenaline","Tools of the Trade","Corpse Explosion","Caltrops","Catalyst+1","Catalyst","Noxious Fumes+1","Well Laid Plans+1"],"special_seed":0,"relics":["Ring of the Snake","Mummified Hand","Bag of Preparation","Strawberry","Centennial Puzzle","Question Card","Black Star","Calipers","Matryoshka","Frozen Egg 2"],"potions_floor_usage":[12,16,31,33],"damage_taken":[{"damage":0.0,"enemies":"Cultist","floor":1.0,"turns":3.0},{"damage":0.0,"enemies":"Small Slimes","floor":2.0,"turns":4.0},{"damage":0.0,"enemies":"Jaw Worm","floor":4.0,"turns":5.0},{"damage":3.0,"enemies":"Exordium Wildlife","floor":5.0,"turns":4.0},{"damage":2.0,"enemies":"Looter","floor":7.0,"turns":3.0},{"damage":45.0,"enemies":"3 Sentries","floor":8.0,"turns":21.0},{"damage":7,"enemies":"Exordium Thugs","floor":10,"turns":5},{"damage":25,"enemies":"Gremlin Nob","floor":12,"turns":5},{"damage":35,"enemies":"Slime Boss","floor":16,"turns":11},{"damage":3,"enemies":"Shell Parasite","floor":18,"turns":5},{"damage":5,"enemies":"3 Byrds","floor":22,"turns":2},{"damage":11,"enemies":"Book of Stabbing","floor":23,"turns":6},{"damage":42,"enemies":"3 Cultists","floor":24,"turns":8},{"damage":27,"enemies":"Centurion and Healer","floor":28,"turns":7},{"damage":5,"enemies":"Snecko","floor":30,"turns":3},{"damage":0,"enemies":"Snake Plant","floor":31,"turns":3},{"damage":41,"enemies":"Automaton","floor":33,"turns":6}],"seed_played":"524875185096246995","potions_obtained":[{"floor":5.0,"key":"Fire Potion"},{"floor":7.0,"key":"Ancient Potion"},{"floor":8.0,"key":"GamblersBrew"},{"floor":12,"key":"PowerPotion"},{"floor":22,"key":"Strength Potion"},{"floor":28,"key":"Poison Potion"}],"is_trial":false,"path_per_floor":["M","M","?","M","M","R","M","E","T","M","R","E","R","T","R","B",null,"M","?","$","?","M","E","M","R","T","R","M","?","M","M","R","B"],"character_chosen":"THE_SILENT","items_purchased":["Caltrops"],"campfire_rested":4,"item_purchase_floors":[20],"current_hp_per_floor":[77,77,77,77,74,74,72,27,34,27,52,27,52,52,52,17,84,81,81,81,81,76,65,23,48,48,48,21,21,16,16,41,0],"gold":254,"neow_bonus":"TEN_PERCENT_HP_BONUS","is_prod":false,"is_daily":false,"chose_seed":false,"campfire_upgraded":3,"win_rate":0,"timestamp":1550831650,"path_taken":["M","?","?","?","M","R","M","E","T","M","R","E","R","?","R","BOSS","M","?","$","?","M","E","M","R","T","R","?","?","M","M","R","BOSS"],"build_version":"2019-01-23","purchased_purges":1,"victory":false,"max_hp_per_floor":[77,77,77,77,77,77,77,77,84,84,84,84,84,84,84,84,84,84,84,84,84,84,84,84,84,84,84,84,84,84,84,84,84],"card_choices":[{"not_picked":["Dagger Throw","Acrobatics","Bane"],"picked":"SKIP","floor":1.0},{"not_picked":["Slice","Skewer","Backflip"],"picked":"SKIP","floor":2.0},{"not_picked":["Quick Slash","Prepared","All Out Attack"],"picked":"SKIP","floor":4.0},{"not_picked":["Outmaneuver","Quick Slash"],"picked":"Leg Sweep","floor":5.0},{"not_picked":["Eviscerate","Bane"],"picked":"PiercingWail","floor":7.0},{"not_picked":["Backflip","Dodge and Roll"],"picked":"Deadly Poison","floor":8.0},{"not_picked":["Terror","Backflip"],"picked":"Poisoned Stab","floor":10},{"not_picked":["Escape Plan","Outmaneuver"],"picked":"Deadly Poison","floor":12},{"not_picked":["Bullet Time","Storm of Steel","Glass Knife"],"picked":"Adrenaline","floor":16},{"not_picked":["PiercingWail","Deflect","Finisher+1","Acrobatics+1"],"picked":"SKIP","floor":18},{"not_picked":["Dagger Throw","Riddle With Holes","Deadly Poison","Backflip"],"picked":"SKIP","floor":22},{"not_picked":["Dagger Throw+1","Backflip","Underhanded Strike"],"picked":"Catalyst","floor":23},{"not_picked":["Slice","Acrobatics","Concentrate","Underhanded Strike+1"],"picked":"SKIP","floor":24},{"not_picked":["Deadly Poison","Riddle With Holes+1","Sucker Punch+1"],"picked":"Noxious Fumes+1","floor":28},{"not_picked":["Finisher","Calculated Gamble","Accuracy+1","Heel Hook+1"],"picked":"SKIP","floor":30},{"not_picked":["Quick Slash","Sucker Punch+1","Bullet Time"],"picked":"Well Laid Plans+1","floor":31}],"player_experience":162070,"relics_obtained":[{"floor":8.0,"key":"Bag of Preparation"},{"floor":9.0,"key":"Strawberry"},{"floor":12,"key":"Centennial Puzzle"},{"floor":14,"key":"Question Card"},{"floor":23,"key":"Calipers"},{"floor":23,"key":"Matryoshka"},{"floor":26,"key":"Frozen Egg 2"}],"event_choices":[{"damage_healed":0.0,"max_hp_gain":0.0,"max_hp_loss":0.0,"gold_gain":0.0,"event_name":"WeMeetAgain","player_choice":"Paid Gold","floor":3.0,"gold_loss":90.0,"damage_taken":0.0,"relics_obtained":["Mummified Hand"]},{"damage_healed":0,"gold_gain":0,"cards_transformed":["Defend_G","Strike_G"],"player_choice":"Became Test Subject","damage_taken":0,"max_hp_gain":0,"max_hp_loss":0,"event_name":"Drug Dealer","floor":19,"gold_loss":0,"cards_obtained":["Tools of the Trade","Corpse Explosion"]},{"damage_healed":0,"gold_gain":0,"player_choice":"Read","damage_taken":0,"max_hp_gain":0,"max_hp_loss":0,"event_name":"The Library","floor":21,"gold_loss":0,"cards_obtained":["Catalyst"]},{"damage_healed":0,"gold_gain":0,"player_choice":"Ignored","damage_taken":0,"max_hp_gain":0,"max_hp_loss":0,"event_name":"Vampires","floor":29,"gold_loss":0}],"is_beta":false,"boss_relics":[{"not_picked":["Pandora\u0027s Box","Empty Cage"],"picked":"Black Star"}],"items_purged_floors":[20],"is_endless":false,"potions_floor_spawned":[5,7,8,12,22,28,30],"killed_by":"Automaton","ascension_level":1}