{"gold_per_floor":[110,129,129,129,17,17,36,69,69,69,79,79,254,254,254,354,354,369,387,151,151,151,151],"floor_reached":23,"playtime":3048,"items_purged":["Regret"],"score":224,"play_id":"16724594-73f8-4751-8237-26f12ec63043","local_time":"20190130230502","is_ascension_mode":true,"campfire_choices":[{"data":"Fusion","floor":6.0,"key":"SMITH"},{"floor":10.0,"key":"REST"},{"data":"Zap","floor":12.0,"key":"SMITH"},{"data":"Stack","floor":15.0,"key":"SMITH"}],"neow_cost":"TEN_PERCENT_HP_LOSS","seed_source_timestamp":0,"circlet_count":0,"master_deck":["Zap+1","Dualcast+1","Skim","Stack","Go for the Eyes","Cold Snap+1","Fusion+1","Stack+1","Coolheaded","Cold Snap","Barrage","Creative AI","Glacier","Coolheaded","Conserve Battery","Leap","Barrage","Go for the Eyes+1","Master of Strategy","White Noise","J.A.X."],"special_seed":0,"relics":["Cracked Core","Sundial","Omamori","Question Card","Pandora\u0027s Box"],"potions_floor_usage":[23,23],"damage_taken":[{"damage":3.0,"enemies":"Jaw Worm","floor":1.0,"turns":4.0},{"damage":6.0,"enemies":"2 Louse","floor":2.0,"turns":2.0},{"damage":1.0,"enemies":"Small Slimes","floor":7.0,"turns":3.0},{"damage":21.0,"enemies":"Gremlin Nob","floor":8.0,"turns":4.0},{"damage":3.0,"enemies":"3 Louse","floor":11.0,"turns":2.0},{"damage":13.0,"enemies":"The Guardian","floor":16.0,"turns":13.0},{"damage":0,"enemies":"Shell Parasite","floor":18,"turns":9},{"damage":7,"enemies":"3 Byrds","floor":19,"turns":6},{"damage":65,"enemies":"Gremlin Leader","floor":23,"turns":9}],"seed_played":"-420578924666637179","potions_obtained":[{"floor":2.0,"key":"FocusPotion"},{"floor":11.0,"key":"Poison Potion"}],"is_trial":false,"path_per_floor":["M","M","?","?","$","R","M","E","T","R","M","R","?","?","R","B",null,"M","M","$","?","?","E"],"character_chosen":"DEFECT","items_purchased":["Fusion","Master of Strategy","White Noise"],"campfire_rested":1,"item_purchase_floors":[5,20,20],"current_hp_per_floor":[65,59,59,45,45,45,44,23,23,43,40,40,40,40,40,27,68,68,61,61,61,61,0],"gold":151,"neow_bonus":"TRANSFORM_TWO_CARDS","is_prod":false,"is_daily":false,"chose_seed":false,"campfire_upgraded":3,"win_rate":0,"timestamp":1548907502,"path_taken":["M","M","?","?","$","R","M","E","T","R","M","R","?","?","R","BOSS","M","M","$","?","?","E"],"build_version":"2019-01-23","purchased_purges":1,"victory":false,"max_hp_per_floor":[68,68,68,68,68,68,68,68,68,68,68,68,68,68,68,68,68,68,68,68,68,68,68],"card_choices":[{"not_picked":["Barrage","Hologram"],"picked":"Go for the Eyes","floor":1.0},{"not_picked":["Storm","Barrage"],"picked":"Cold Snap","floor":2.0},{"not_picked":["Beam Cell","Barrage"],"picked":"Stack","floor":7.0},{"not_picked":["Compile Driver","Barrage"],"picked":"Coolheaded","floor":8.0},{"not_picked":["Static Discharge","Turbo","Reinforced Body"],"picked":"Cold Snap","floor":11.0},{"not_picked":["Biased Cognition","Rainbow","Machine Learning"],"picked":"Creative AI","floor":16.0},{"not_picked":["Skim","Heatsinks","Auto Shields"],"picked":"Barrage","floor":18},{"not_picked":["Aggregate","Lockon","Steam Power"],"picked":"Go for the Eyes+1","floor":19}],"player_experience":171552,"relics_obtained":[{"floor":8.0,"key":"Omamori"},{"floor":9.0,"key":"Question Card"}],"event_choices":[{"damage_healed":0.0,"max_hp_gain":0.0,"max_hp_loss":0.0,"gold_gain":0.0,"event_name":"Big Fish","player_choice":"Box","floor":3.0,"gold_loss":0.0,"damage_taken":0.0,"relics_obtained":["Sundial"],"cards_obtained":["Regret"]},{"damage_healed":0.0,"max_hp_gain":0.0,"max_hp_loss":0.0,"gold_gain":0.0,"event_name":"Shining Light","player_choice":"Entered Light","floor":4.0,"gold_loss":0.0,"damage_taken":14.0,"cards_upgraded":["Cold Snap","Dualcast"]},{"damage_healed":0.0,"max_hp_gain":0.0,"max_hp_loss":0.0,"gold_gain":175.0,"event_name":"Liars Game","player_choice":"AGREE","floor":13.0,"gold_loss":0.0,"damage_taken":0.0,"cards_obtained":["Doubt"]},{"damage_healed":0.0,"max_hp_gain":0.0,"max_hp_loss":0.0,"gold_gain":0.0,"cards_transformed":["Defend_B"],"event_name":"Living Wall","player_choice":"Change","floor":14.0,"gold_loss":0.0,"damage_taken":0.0,"cards_obtained":["Barrage"]},{"cards_removed":["Steam Power"],"damage_healed":0,"gold_gain":0,"player_choice":"Elegance","damage_taken":0,"max_hp_gain":0,"max_hp_loss":0,"event_name":"Back to Basics","floor":21,"gold_loss":0},{"damage_healed":0,"gold_gain":0,"player_choice":"Obtain J.A.X.","damage_taken":0,"max_hp_gain":0,"max_hp_loss":0,"event_name":"Drug Dealer","floor":22,"gold_loss":0,"cards_obtained":["J.A.X."]}],"is_beta":false,"boss_relics":[{"not_picked":["Coffee Dripper","Tiny House"],"picked":"Pandora\u0027s Box"}],"items_purged_floors":[5],"is_endless":false,"potions_floor_spawned":[2,11],"killed_by":"Gremlin Leader","ascension_level":4}