{"gold_per_floor":[109,37,37,37,58,58,89,89,89,122,143,179,195,12,12,141,141,166,210,228,253,268,268,268,289,289,289,305,330,167,167,167,292,292,307,529,544,282,282,282,4,43,69,1,44,44,59,75,75,75],"floor_reached":51,"playtime":1820,"items_purged":["Pain","Strike_B","Strike_B"],"score":925,"play_id":"21303b01-2edd-4ffd-b162-8224f9f0651b","local_time":"20181027033028","is_ascension_mode":false,"campfire_choices":[{"data":"Buffer","floor":6,"key":"SMITH"},{"data":"Loop","floor":8,"key":"SMITH"},{"floor":15,"key":"REST"},{"floor":23,"key":"REST"},{"floor":27,"key":"REST"},{"floor":32,"key":"REST"},{"data":"Thunder Strike","floor":40,"key":"SMITH"},{"floor":46,"key":"REST"},{"data":"Zap","floor":49,"key":"SMITH"}],"neow_cost":"NONE","seed_source_timestamp":875115831923041,"circlet_count":0,"master_deck":["Strike_B","Defend_B","Defend_B","Defend_B","Defend_B","Zap+1","Dualcast","Loop+1","Buffer+1","Lockon","Barrage","Gash","Storm+1","Loop+1","Static Discharge+1","Lockon","Ball Lightning","Thunder Strike+1","Scrape","Storm+1","Lockon","Capacitor+1","Defragment+1","Buffer+1","Gash+1","Skim+1","Creative AI+1","Storm+1","Storm+1","Loop+1","Defragment+1","Go for the Eyes","Echo Form+1","Lockon+1","Static Discharge+1","Flash of Steel","Buffer+1","Redo+1","Self Repair+1","Echo Form+1","Consume+1"],"relics":["Cracked Core","Golden Idol","Bag of Marbles","Happy Flower","Orichalcum","Frozen Egg 2","Orrery","Red Mask","WarpedTongs","Toxic Egg 2","Nuclear Battery","Cables","Centennial Puzzle","Mango"],"potions_floor_usage":[7,7,19,21,33,50,50],"damage_taken":[{"damage":1,"enemies":"Cultist","floor":1,"turns":3},{"damage":0,"enemies":"Small Slimes","floor":5,"turns":3},{"damage":9,"enemies":"3 Sentries","floor":7,"turns":6},{"damage":21,"enemies":"Lagavulin","floor":10,"turns":6},{"damage":5,"enemies":"Jaw Worm","floor":11,"turns":3},{"damage":26,"enemies":"3 Sentries","floor":12,"turns":6},{"damage":5,"enemies":"3 Louse","floor":13,"turns":4},{"damage":0,"enemies":"Slime Boss","floor":16,"turns":5},{"damage":4,"enemies":"Chosen","floor":18,"turns":3},{"damage":40,"enemies":"Masked Bandits","floor":19,"turns":4},{"damage":0,"enemies":"Spheric Guardian","floor":20,"turns":3},{"damage":0,"enemies":"Cultist and Chosen","floor":21,"turns":4},{"damage":15,"enemies":"Shelled Parasite and Fungi","floor":22,"turns":3},{"damage":10,"enemies":"Chosen and Byrds","floor":25,"turns":4},{"damage":0,"enemies":"Snecko","floor":28,"turns":2},{"damage":9,"enemies":"Snake Plant","floor":29,"turns":2},{"damage":16,"enemies":"Automaton","floor":33,"turns":7},{"damage":1,"enemies":"Orb Walker","floor":35,"turns":2},{"damage":10,"enemies":"3 Shapes","floor":37,"turns":2},{"damage":16,"enemies":"Nemesis","floor":42,"turns":5},{"damage":0,"enemies":"Giant Head","floor":45,"turns":4},{"damage":1,"enemies":"Writhing Mass","floor":47,"turns":2},{"damage":0,"enemies":"Maw","floor":48,"turns":3},{"damage":42,"enemies":"Awakened One","floor":50,"turns":8}],"seed_played":"-5854059566721622922","potions_obtained":[{"floor":3,"key":"Energy Potion"},{"floor":3,"key":"FairyPotion"},{"floor":3,"key":"Energy Potion"},{"floor":5,"key":"Poison Potion"},{"floor":10,"key":"FearPotion"},{"floor":11,"key":"PowerPotion"},{"floor":16,"key":"Regen Potion"},{"floor":19,"key":"Ancient Potion"},{"floor":21,"key":"Explosive Potion"},{"floor":29,"key":"Regen Potion"},{"floor":33,"key":"FearPotion"},{"floor":48,"key":"EssenceOfSteel"}],"is_trial":false,"path_per_floor":["M","$","?","?","M","R","E","R","T","E","M","E","M","$","R","B",null,"M","?","M","M","M","R","?","M","T","R","M","M","$","?","R","B",null,"M","?","M","$","?","R","$","E","T","$","E","R","M","M","R","B"],"character_chosen":"DEFECT","items_purchased":["Buffer","Static Discharge+1","Lockon","Ball Lightning","Defragment+1","Go for the Eyes","Static Discharge+1","Flash of Steel","Buffer+1","Self Repair+1"],"campfire_rested":5,"item_purchase_floors":[2,14,14,14,30,30,38,38,41,44],"current_hp_per_floor":[81,81,81,76,76,76,67,67,67,46,41,15,10,10,32,32,76,72,43,43,43,28,50,50,40,40,62,62,53,53,53,75,73,76,75,75,65,65,65,65,65,49,49,49,63,90,89,89,89,47],"gold":75,"neow_bonus":"TEN_PERCENT_HP_BONUS","is_prod":false,"is_daily":false,"chose_seed":false,"campfire_upgraded":4,"win_rate":0.0,"timestamp":1540632628,"path_taken":["M","$","?","?","M","R","E","R","T","E","M","E","M","$","R","BOSS","M","?","?","M","M","R","?","M","T","R","M","M","$","?","R","BOSS","M","?","M","$","?","R","$","E","T","$","E","R","M","M","R","BOSS"],"build_version":"2018-10-25v2","purchased_purges":3,"victory":true,"max_hp_per_floor":[82,82,82,76,76,76,76,76,76,76,76,76,76,76,76,76,76,76,76,76,76,76,76,76,76,76,76,76,76,76,76,76,76,76,76,76,76,76,76,76,76,76,76,76,90,90,90,90,90,90],"card_choices":[{"not_picked":["Conserve Battery","Sweeping Beam"],"picked":"Loop","floor":1},{"not_picked":["Consume","Ball Lightning"],"picked":"Lockon","floor":5},{"not_picked":["BootSequence","Sweeping Beam"],"picked":"Barrage","floor":7},{"not_picked":["Heatsinks","Blizzard","Turbo"],"picked":"SKIP","floor":10},{"not_picked":["Hello World","Barrage"],"picked":"Gash","floor":11},{"not_picked":["Barrage","Stack"],"picked":"Storm","floor":12},{"not_picked":["Go for the Eyes","BootSequence"],"picked":"Loop+1","floor":13},{"not_picked":["Meteor Strike","Seek"],"picked":"Thunder Strike","floor":16},{"not_picked":["Cold Snap","Compile Driver"],"picked":"Scrape","floor":17},{"not_picked":["Streamline","Beam Cell"],"picked":"Storm+1","floor":17},{"not_picked":["Beam Cell","Sweeping Beam"],"picked":"Lockon","floor":17},{"not_picked":["Loop+1","Hello World+1"],"picked":"Capacitor+1","floor":17},{"not_picked":["Reinforced Body","Reprogram"],"picked":"Defragment+1","floor":17},{"not_picked":["Gash","Genetic Algorithm"],"picked":"Buffer+1","floor":18},{"not_picked":["Heatsinks+1","Redo"],"picked":"Gash+1","floor":19},{"not_picked":["Darkness","Coolheaded"],"picked":"Skim+1","floor":20},{"not_picked":["Rip and Tear","Sunder+1"],"picked":"Creative AI+1","floor":21},{"not_picked":["Hologram","Self Repair+1"],"picked":"Storm+1","floor":22},{"not_picked":["Stack","Barrage","Coolheaded"],"picked":"SKIP","floor":25},{"not_picked":["Aggregate+1","Cold Snap+1"],"picked":"Storm+1","floor":28},{"not_picked":["Compile Driver+1","Turbo+1"],"picked":"Loop+1","floor":29},{"not_picked":["Fission+1","Thunder Strike"],"picked":"Echo Form+1","floor":33},{"not_picked":["Fusion+1","Coolheaded+1","Streamline+1"],"picked":"SKIP","floor":35},{"not_picked":["Barrage","Beam Cell"],"picked":"Lockon+1","floor":37},{"not_picked":["FTL","Gash"],"picked":"Redo+1","floor":42},{"not_picked":["Force Field+1","Compile Driver+1"],"picked":"Echo Form+1","floor":45},{"not_picked":["Scrape+1","Cold Snap+1","Rip and Tear"],"picked":"SKIP","floor":47},{"not_picked":["Blizzard+1","Leap+1"],"picked":"Consume+1","floor":48}],"player_experience":377638,"relics_obtained":[{"floor":7,"key":"Bag of Marbles"},{"floor":9,"key":"Happy Flower"},{"floor":10,"key":"Orichalcum"},{"floor":12,"key":"Frozen Egg 2"},{"floor":19,"key":"Red Mask"},{"floor":26,"key":"Toxic Egg 2"},{"floor":42,"key":"Cables"},{"floor":43,"key":"Centennial Puzzle"},{"floor":45,"key":"Mango"}],"event_choices":[{"damage_healed":0,"gold_gain":0,"player_choice":"Got Potions","damage_taken":0,"max_hp_gain":0,"max_hp_loss":0,"event_name":"The Lab","floor":3,"gold_loss":0},{"damage_healed":0,"gold_gain":0,"player_choice":"Lose Max HP","damage_taken":0,"relics_obtained":["Golden Idol"],"max_hp_gain":0,"max_hp_loss":6,"event_name":"Golden Idol","floor":4,"gold_loss":0},{"damage_healed":0,"gold_gain":0,"player_choice":"Fought Bandits","damage_taken":0,"max_hp_gain":0,"max_hp_loss":0,"event_name":"Masked Bandits","floor":19,"gold_loss":0},{"damage_healed":0,"gold_gain":0,"player_choice":"Rummage","damage_taken":0,"relics_obtained":["WarpedTongs"],"max_hp_gain":0,"max_hp_loss":0,"event_name":"Accursed Blacksmith","floor":24,"gold_loss":0,"cards_obtained":["Pain"]},{"damage_healed":0,"gold_gain":0,"player_choice":"Ignored","damage_taken":0,"max_hp_gain":0,"max_hp_loss":0,"event_name":"Transmorgrifier","floor":31,"gold_loss":0},{"damage_healed":0,"gold_gain":222,"player_choice":"Wore Mask","damage_taken":0,"max_hp_gain":0,"max_hp_loss":0,"event_name":"Tomb of Lord Red Mask","floor":36,"gold_loss":0},{"cards_removed":["Strike_B"],"damage_healed":0,"gold_gain":0,"player_choice":"Removed Attack","damage_taken":0,"max_hp_gain":0,"max_hp_loss":0,"event_name":"Falling","floor":39,"gold_loss":0}],"is_beta":true,"boss_relics":[{"not_picked":["Calling Bell","Lizard Tail"],"picked":"Orrery"},{"not_picked":["Snecko Eye","Busted Crown"],"picked":"Nuclear Battery"}],"items_purged_floors":[30,38,41],"is_endless":false,"potions_floor_spawned":[5,10,11,16,19,21,29,33,47,48],"ascension_level":0}