{"gold_per_floor":[363,381,35,47,12,12,46,46,46,46,61,87,100,100,100,177,177,177,177,177,177,177,177,20,20,20,20,20,20,20,20,20,20],"floor_reached":33,"playtime":1497,"items_purged":[],"score":554,"play_id":"c8d0d614-c23b-4961-b8da-e73685767f38","local_time":"20190212105303","is_ascension_mode":true,"campfire_choices":[{"data":"Poisoned Stab","floor":6.0,"key":"SMITH"},{"data":"All Out Attack","floor":8.0,"key":"SMITH"},{"data":"Dash","floor":10.0,"key":"SMITH"},{"data":"Deadly Poison","floor":15.0,"key":"SMITH"},{"data":"Blade Dance","floor":23.0,"key":"SMITH"},{"floor":25.0,"key":"REST"},{"data":"Burst","floor":27.0,"key":"SMITH"},{"data":"Neutralize","floor":30.0,"key":"SMITH"},{"data":"Blade Dance","floor":32.0,"key":"SMITH"}],"neow_cost":"TEN_PERCENT_HP_LOSS","seed_source_timestamp":600763982658639,"circlet_count":0,"master_deck":["AscendersBane","Defend_G","Defend_G","Defend_G","Defend_G","Defend_G","Strike_G","Strike_G","Strike_G","Strike_G","Survivor","Neutralize+1","Deadly Poison+1","Crippling Poison","Dash+1","Poisoned Stab+1","All Out Attack+1","Dodge and Roll","Wraith Form v2","Backflip","Wraith Form v2+1","Blade Dance+1","Burst+1","Blade Dance+1"],"special_seed":0,"relics":["Ring of the Snake","Shuriken","Dodecahedron","Meat on the Bone","Ancient Tea Set","Frozen Egg 2","Ectoplasm","Tiny Chest","Question Card","Potion Belt"],"potions_floor_usage":[33,33],"damage_taken":[{"damage":5.0,"enemies":"2 Louse","floor":1.0,"turns":5.0},{"damage":0.0,"enemies":"Jaw Worm","floor":2.0,"turns":4.0},{"damage":0.0,"enemies":"Cultist","floor":4.0,"turns":4.0},{"damage":25.0,"enemies":"3 Sentries","floor":7.0,"turns":6.0},{"damage":1.0,"enemies":"Gremlin Gang","floor":11.0,"turns":4.0},{"damage":21.0,"enemies":"Gremlin Nob","floor":12.0,"turns":4.0},{"damage":4.0,"enemies":"Looter","floor":13.0,"turns":4.0},{"damage":21.0,"enemies":"Hexaghost","floor":16.0,"turns":9.0},{"damage":2.0,"enemies":"3 Byrds","floor":18.0,"turns":4.0},{"damage":19.0,"enemies":"Shell Parasite","floor":19.0,"turns":7.0},{"damage":6.0,"enemies":"Snake Plant","floor":20.0,"turns":6.0},{"damage":24.0,"enemies":"Shelled Parasite and Fungi","floor":22.0,"turns":8.0},{"damage":5.0,"enemies":"Centurion and Healer","floor":28.0,"turns":7.0},{"damage":11.0,"enemies":"3 Cultists","floor":29.0,"turns":6.0},{"damage":21.0,"enemies":"Book of Stabbing","floor":31.0,"turns":5.0},{"damage":38,"enemies":"Collector","floor":33,"turns":6}],"seed_played":"-632877394712356127","potions_obtained":[{"floor":2.0,"key":"Fire Potion"},{"floor":4.0,"key":"LiquidBronze"},{"floor":11.0,"key":"Energy Potion"},{"floor":12.0,"key":"Energy Potion"},{"floor":19.0,"key":"Strength Potion"},{"floor":22.0,"key":"Explosive Potion"},{"floor":28.0,"key":"LiquidBronze"},{"floor":31.0,"key":"SkillPotion"}],"is_trial":false,"path_per_floor":["M","M","$","M","?","R","E","R","T","R","M","E","M","T","R","B",null,"M","M","M","?","M","R","$","R","T","R","M","M","R","E","R","B"],"character_chosen":"THE_SILENT","items_purchased":["Shuriken","Dash","Tiny Chest"],"campfire_rested":1,"item_purchase_floors":[3,3,24],"current_hp_per_floor":[54,54,54,54,60,60,35,35,35,35,34,25,33,33,33,24,51,49,42,36,36,24,24,24,42,42,42,37,38,38,29,29,0],"gold":20,"neow_bonus":"TWO_FIFTY_GOLD","is_prod":false,"is_daily":false,"chose_seed":false,"campfire_upgraded":8,"win_rate":0,"timestamp":1549986783,"path_taken":["M","M","$","M","?","R","E","R","T","R","M","E","M","?","R","BOSS","M","M","M","?","M","R","?","R","T","R","M","M","R","E","R","BOSS"],"build_version":"2019-01-23","purchased_purges":0,"victory":false,"max_hp_per_floor":[60,60,60,60,60,60,60,60,60,60,60,60,60,60,60,60,60,60,60,60,60,60,60,60,60,60,60,60,60,60,60,60,60],"card_choices":[{"not_picked":["Acrobatics","Bane"],"picked":"Deadly Poison","floor":1.0},{"not_picked":["Cloak And Dagger","Backflip"],"picked":"Crippling Poison","floor":2.0},{"not_picked":["Riddle With Holes","Endless Agony"],"picked":"Poisoned Stab","floor":4.0},{"not_picked":["Doppelganger","Skewer"],"picked":"All Out Attack","floor":7.0},{"not_picked":["Eviscerate","Deadly Poison"],"picked":"Dodge and Roll","floor":11.0},{"not_picked":["Deadly Poison","Dagger Spray"],"picked":"Wraith Form v2","floor":12.0},{"not_picked":["Outmaneuver","Reflex"],"picked":"Backflip","floor":13.0},{"not_picked":["Burst","Venomology"],"picked":"Wraith Form v2+1","floor":16.0},{"not_picked":["Reflex","Quick Slash+1"],"picked":"Blade Dance","floor":18.0},{"not_picked":["Sucker Punch","Setup","Blade Dance"],"picked":"SKIP","floor":19.0},{"not_picked":["Prepared","Poisoned Stab","Dodge and Roll"],"picked":"SKIP","floor":20.0},{"not_picked":["Sucker Punch","Cloak And Dagger"],"picked":"Burst","floor":22.0},{"not_picked":["Underhanded Strike","Acrobatics","Dodge and Roll","Bane"],"picked":"SKIP","floor":28.0},{"not_picked":["Heel Hook","Riddle With Holes","Setup","Slice"],"picked":"SKIP","floor":29.0},{"not_picked":["Poisoned Stab","Riddle With Holes","Deflect"],"picked":"Blade Dance","floor":31.0}],"player_experience":637494,"relics_obtained":[{"floor":7.0,"key":"Dodecahedron"},{"floor":9.0,"key":"Meat on the Bone"},{"floor":12.0,"key":"Ancient Tea Set"},{"floor":14.0,"key":"Frozen Egg 2"},{"floor":26.0,"key":"Question Card"},{"floor":31.0,"key":"Potion Belt"}],"event_choices":[{"damage_healed":15.0,"max_hp_gain":0.0,"max_hp_loss":0.0,"gold_gain":0.0,"event_name":"The Cleric","player_choice":"Healed","floor":5.0,"gold_loss":35.0,"damage_taken":0.0},{"cards_removed":["Strike_G"],"damage_healed":0.0,"max_hp_gain":0.0,"max_hp_loss":0.0,"gold_gain":0.0,"event_name":"Bonfire Elementals","player_choice":"Offered Basic","floor":21.0,"gold_loss":0.0,"damage_taken":0.0}],"is_beta":false,"boss_relics":[{"not_picked":["Pandora\u0027s Box","Empty Cage"],"picked":"Ectoplasm"}],"items_purged_floors":[],"is_endless":false,"potions_floor_spawned":[2,4,11,12,19,22,28,31],"killed_by":"Collector","ascension_level":20}