{"gold_per_floor":[113,288,301,314,392,392,15,15,42,70,20,20,20,20,20,144,144,167,167,167,167],"floor_reached":21,"playtime":559,"items_purged":["Doubt"],"score":184,"play_id":"8e2124f6-8c6e-4002-836f-11d941432cd4","local_time":"20180829042114","is_ascension_mode":true,"campfire_choices":[{"data":"White Noise","floor":6.0,"key":"SMITH"},{"data":"Genetic Algorithm","floor":8.0,"key":"SMITH"},{"floor":12.0,"key":"REST"},{"floor":15.0,"key":"REST"}],"neow_cost":"","seed_source_timestamp":0,"circlet_count":0,"master_deck":["Strike_B","Strike_B","Strike_B","Defend_B","Defend_B","Defend_B","Zap","Dualcast","Genetic Algorithm+1","Heatsinks","White Noise+1","Static Discharge","Gash","Electrodynamics","Lockon","Go for the Eyes","Conserve Battery","Recycle","Meteor Strike","FTL"],"special_seed":0,"relics":["Cracked Core","NeowsBlessing","Shuriken","Matryoshka","Regal Pillow","Vajra","Bag of Preparation","Golden Idol","Orrery","Omamori"],"potions_floor_usage":[],"damage_taken":[{"damage":0.0,"enemies":"2 Louse","floor":1.0,"turns":1.0},{"damage":0.0,"enemies":"Small Slimes","floor":3.0,"turns":1.0},{"damage":0.0,"enemies":"Jaw Worm","floor":4.0,"turns":1.0},{"damage":32.0,"enemies":"Gremlin Nob","floor":10.0,"turns":4.0},{"damage":27.0,"enemies":"The Guardian","floor":16.0,"turns":10.0},{"damage":16.0,"enemies":"Spheric Guardian","floor":18.0,"turns":4.0},{"damage":27.0,"enemies":"2 Thieves","floor":21.0,"turns":3.0}],"seed_played":"9186265551794010498","potions_obtained":[{"floor":4.0,"key":"GamblersBrew"},{"floor":10.0,"key":"FocusPotion"},{"floor":21,"key":"Fruit Juice"}],"is_trial":false,"path_per_floor":["M","?","M","M","T","R","$","R","T","E","?","R","$","?","R","B",null,"M","?","?"],"character_chosen":"DEFECT","items_purchased":["Static Discharge","Matryoshka"],"campfire_rested":2,"item_purchase_floors":[],"current_hp_per_floor":[75,75,75,75,75,75,75,75,75,43,43,75,75,57,75,48,75,59,59,59,32],"gold":167,"neow_bonus":"","is_prod":false,"is_daily":false,"chose_seed":false,"campfire_upgraded":2,"win_rate":0.0,"timestamp":1535538074,"path_taken":["M","?","M","M","?","R","$","R","T","E","?","R","$","?","R","BOSS","M","?","?","M"],"build_version":"2018-08-28","purchased_purges":1,"victory":false,"max_hp_per_floor":[75,75,75,75,75,75,75,75,75,75,75,75,75,75,75,75,75,75,75,75,75],"card_choices":[{"not_picked":["Beam Cell","Heatsinks"],"picked":"Genetic Algorithm","floor":1.0},{"not_picked":["Skim","Redo"],"picked":"Heatsinks","floor":3.0},{"not_picked":["Redo","Doom and Gloom"],"picked":"White Noise","floor":4.0},{"not_picked":["Reinforced Body","Compile Driver"],"picked":"Gash","floor":10.0},{"not_picked":["Machine Learning","Buffer"],"picked":"Electrodynamics","floor":16.0},{"not_picked":["Turbo","Cold Snap"],"picked":"Lockon","floor":17.0},{"not_picked":["Coolheaded","Rebound"],"picked":"Go for the Eyes","floor":17.0},{"not_picked":["Steam","Hello World"],"picked":"Conserve Battery","floor":17.0},{"not_picked":["Compile Driver","Blizzard"],"picked":"Recycle","floor":17.0},{"not_picked":["Hologram","Conserve Battery"],"picked":"Meteor Strike","floor":17.0},{"not_picked":["Streamline","Turbo"],"picked":"FTL","floor":18.0}],"player_experience":372643,"relics_obtained":[{"floor":5.0,"key":"Shuriken"},{"floor":9.0,"key":"Regal Pillow"},{"floor":9.0,"key":"Vajra"},{"floor":10.0,"key":"Bag of Preparation"}],"event_choices":[{"event_name":"Liars Game","player_choice":"agreed","floor":2.0,"damage_taken":0.0},{"event_name":"The Cleric","player_choice":"Card Removal","floor":11.0,"damage_taken":0.0},{"event_name":"Golden Idol","player_choice":"Take Damage","floor":14.0,"damage_taken":0.0},{"event_name":"Back to Basics","player_choice":"Elegance","floor":19.0,"damage_taken":0.0},{"event_name":"The Mausoleum","player_choice":"Yes","floor":20.0,"damage_taken":0.0}],"is_beta":true,"boss_relics":[{"not_picked":["Eternal Feather","Cursed Key"],"picked":"Orrery"}],"items_purged_floors":[],"is_endless":false,"potions_floor_spawned":[4,10,21],"killed_by":"2 Thieves","ascension_level":1}