{"gold_per_floor":[114,133,150,150,150,161,161,179,179,104,104,116,116,145,145,242,242,255,255,275,275,275,275,275,275,275,275,292,311,323,71,71,176,176,194,194,204,304,316,316,316,61,130,142,142,142,153,2,2,2],"floor_reached":51,"playtime":3451,"items_purged":["Regret","Purity"],"score":647,"play_id":"21c892cb-e22f-4d55-9c89-d4648486e784","local_time":"20190302073344","is_ascension_mode":false,"campfire_choices":[{"data":"Flex","floor":11,"key":"SMITH"},{"data":"Whirlwind","floor":13,"key":"SMITH"},{"data":"Inflame","floor":15,"key":"SMITH"},{"floor":23,"key":"REST"},{"data":"J.A.X.","floor":25,"key":"SMITH"},{"data":"Disarm","floor":27,"key":"SMITH"},{"data":"Armaments","floor":32,"key":"SMITH"},{"data":"Shrug It Off","floor":40,"key":"SMITH"},{"floor":45,"key":"REST"},{"data":"Whirlwind","floor":49,"key":"SMITH"}],"neow_cost":"NONE","seed_source_timestamp":50431630973020,"circlet_count":0,"master_deck":["Strike_R+1","Strike_R+1","Strike_R+1","Strike_R+1","Strike_R+1","Defend_R+1","Defend_R+1","Defend_R+1","Defend_R+1","Shrug It Off+1","Flex+1","Cleave","Disarm+1","Whirlwind+1","Inflame+1","Brutality","Necronomicurse","Twin Strike","J.A.X.+1","Armaments+1","Pommel Strike+1","Armaments+1","Feed","Whirlwind+1","Chrysalis","Juggernaut"],"relics":["Burning Blood","Shuriken","Meat on the Bone","Ornamental Fan","Magic Flower","Lizard Tail","Necronomicon","Oddly Smooth Stone","Pantograph","Mercury Hourglass","Mark of Pain","Unceasing Top","Omamori","Bottled Tornado","Bronze Scales"],"potions_floor_usage":[33,33,33,44,50,50,50],"damage_taken":[{"damage":5,"enemies":"Cultist","floor":1,"turns":4},{"damage":0,"enemies":"Small Slimes","floor":2,"turns":3},{"damage":6,"enemies":"Jaw Worm","floor":3,"turns":5},{"damage":5,"enemies":"Looter","floor":6,"turns":3},{"damage":9,"enemies":"Red Slaver","floor":8,"turns":3},{"damage":0,"enemies":"Exordium Wildlife","floor":12,"turns":2},{"damage":35,"enemies":"Gremlin Nob","floor":14,"turns":5},{"damage":23,"enemies":"Slime Boss","floor":16,"turns":8},{"damage":39,"enemies":"Shell Parasite","floor":18,"turns":11},{"damage":19,"enemies":"Spheric Guardian","floor":20,"turns":4},{"damage":9,"enemies":"Snecko","floor":28,"turns":3},{"damage":22,"enemies":"Centurion and Healer","floor":29,"turns":4},{"damage":20,"enemies":"Snake Plant","floor":30,"turns":5},{"damage":50,"enemies":"Automaton","floor":33,"turns":8},{"damage":4,"enemies":"Orb Walker","floor":35,"turns":2},{"damage":13,"enemies":"3 Shapes","floor":37,"turns":2},{"damage":0,"enemies":"Mind Bloom Boss Battle","floor":38,"turns":3},{"damage":42,"enemies":"Writhing Mass","floor":39,"turns":4},{"damage":38,"enemies":"Transient","floor":44,"turns":5},{"damage":0,"enemies":"Jaw Worm Horde","floor":47,"turns":1},{"damage":133,"enemies":"Donu and Deca","floor":50,"turns":8}],"seed_played":"-8134413113167441076","potions_obtained":[{"floor":1,"key":"LiquidBronze"},{"floor":3,"key":"Explosive Potion"},{"floor":12,"key":"FearPotion"},{"floor":16,"key":"Energy Potion"},{"floor":20,"key":"SteroidPotion"},{"floor":33,"key":"SpeedPotion"},{"floor":35,"key":"Poison Potion"},{"floor":38,"key":"AttackPotion"},{"floor":47,"key":"SteroidPotion"}],"is_trial":false,"path_per_floor":["M","M","M","?","?","M","?","M","T","$","R","M","R","E","R","B",null,"M","?","M","?","?","R","T","R","T","R","M","M","M","$","R","B",null,"M","?","M","?","M","R","?","$","T","M","R","?","M","$","R","B",null],"character_chosen":"IRONCLAD","items_purchased":["Mercury Hourglass","Omamori","Bronze Scales"],"campfire_rested":2,"item_purchase_floors":[31,42,48],"current_hp_per_floor":[80,80,80,80,80,80,80,77,77,77,77,80,80,51,51,55,80,50,34,42,42,42,66,66,66,66,66,66,53,60,60,60,57,80,83,83,84,86,58,58,58,58,58,47,73,73,82,82,82,56],"gold":2,"neow_bonus":"RANDOM_COLORLESS","is_prod":false,"is_daily":false,"chose_seed":false,"campfire_upgraded":8,"win_rate":0.0,"timestamp":1551533624,"path_taken":["M","?","M","?","?","M","?","M","T","$","R","?","R","E","R","BOSS","M","?","M","?","?","R","?","R","T","R","M","M","M","$","R","BOSS","M","?","M","?","?","R","?","$","T","?","R","?","M","?","R","BOSS"],"build_version":"2019-01-23","purchased_purges":2,"victory":true,"max_hp_per_floor":[80,80,80,80,80,80,80,80,80,80,80,80,80,80,80,80,80,80,80,80,80,80,80,80,80,80,80,80,80,80,80,80,80,80,83,83,86,86,89,89,89,89,89,89,89,89,89,89,89,89],"card_choices":[{"not_picked":["Twin Strike","Clash"],"picked":"Shrug It Off","floor":1},{"not_picked":["Pummel","Clash"],"picked":"Flex","floor":2},{"not_picked":["Heavy Blade","Wild Strike"],"picked":"Cleave","floor":3},{"not_picked":["Anger","Twin Strike"],"picked":"Disarm","floor":6},{"not_picked":["Perfected Strike","Anger"],"picked":"Whirlwind","floor":8},{"not_picked":["Second Wind","Clash"],"picked":"Inflame","floor":12},{"not_picked":["True Grit","Wild Strike","Perfected Strike"],"picked":"SKIP","floor":14},{"not_picked":["Berserk","Immolate"],"picked":"Brutality","floor":16},{"not_picked":["Feel No Pain","Bloodletting","Body Slam"],"picked":"SKIP","floor":18},{"not_picked":["Iron Wave","Perfected Strike"],"picked":"Twin Strike","floor":20},{"not_picked":["Cleave","Flame Barrier+1"],"picked":"Armaments","floor":28},{"not_picked":["Reckless Charge","Iron Wave"],"picked":"Pommel Strike+1","floor":29},{"not_picked":["Juggernaut","Clash"],"picked":"Armaments+1","floor":30},{"not_picked":["Dark Embrace","Offering"],"picked":"Feed","floor":33},{"not_picked":["Intimidate+1","Body Slam"],"picked":"Whirlwind","floor":35},{"not_picked":["Sadistic Nature","Enlightenment"],"picked":"Chrysalis","floor":36},{"not_picked":["Thunderclap","Evolve","Body Slam+1"],"picked":"SKIP","floor":37},{"not_picked":["Perfected Strike+1","Thunderclap","Clash"],"picked":"SKIP","floor":39},{"not_picked":["Berserk","Clash+1","Combust+1"],"picked":"SKIP","floor":44},{"not_picked":["Thunderclap+1","Sword Boomerang+1","Body Slam+1"],"picked":"SKIP","floor":47}],"player_experience":40846,"relics_obtained":[{"floor":9,"key":"Ornamental Fan"},{"floor":14,"key":"Magic Flower"},{"floor":19,"key":"Necronomicon"},{"floor":24,"key":"Oddly Smooth Stone"},{"floor":26,"key":"Pantograph"},{"floor":38,"key":"Unceasing Top"},{"floor":43,"key":"Bottled Tornado"}],"event_choices":[{"damage_healed":0,"gold_gain":0,"player_choice":"Box","damage_taken":0,"relics_obtained":["Shuriken"],"max_hp_gain":0,"max_hp_loss":0,"event_name":"Big Fish","floor":4,"gold_loss":0,"cards_obtained":["Regret"]},{"damage_healed":0,"gold_gain":0,"player_choice":"Ignored","damage_taken":0,"max_hp_gain":0,"max_hp_loss":0,"event_name":"Liars Game","floor":5,"gold_loss":0},{"damage_healed":0,"gold_gain":0,"player_choice":"Gave Potion","damage_taken":0,"relics_obtained":["Meat on the Bone"],"max_hp_gain":0,"max_hp_loss":0,"event_name":"WeMeetAgain","floor":7,"gold_loss":0},{"damage_healed":0,"gold_gain":0,"player_choice":"Obtained Book","damage_taken":16,"max_hp_gain":0,"max_hp_loss":0,"event_name":"Cursed Tome","floor":19,"gold_loss":0},{"damage_healed":0,"gold_gain":0,"player_choice":"Simplicity","damage_taken":0,"max_hp_gain":0,"max_hp_loss":0,"event_name":"Back to Basics","floor":21,"gold_loss":0,"cards_upgraded":["Strike_R","Strike_R","Strike_R","Strike_R","Strike_R","Defend_R","Defend_R","Defend_R","Defend_R"]},{"damage_healed":0,"gold_gain":0,"player_choice":"Obtain J.A.X.","damage_taken":0,"max_hp_gain":0,"max_hp_loss":0,"event_name":"Drug Dealer","floor":22,"gold_loss":0,"cards_obtained":["J.A.X."]},{"damage_healed":0,"gold_gain":0,"player_choice":"Memory 1","damage_taken":0,"max_hp_gain":0,"max_hp_loss":0,"event_name":"SensoryStone","floor":36,"gold_loss":0},{"damage_healed":0,"gold_gain":0,"player_choice":"Fight","damage_taken":0,"max_hp_gain":0,"max_hp_loss":0,"event_name":"MindBloom","floor":38,"gold_loss":0},{"damage_healed":0,"gold_gain":0,"cards_transformed":["Bash"],"player_choice":"Transformed","damage_taken":0,"max_hp_gain":0,"max_hp_loss":0,"event_name":"Transmorgrifier","floor":41,"gold_loss":0,"cards_obtained":["Juggernaut"]},{"damage_healed":0,"gold_gain":0,"player_choice":"Ignored","damage_taken":0,"max_hp_gain":0,"max_hp_loss":0,"event_name":"Mysterious Sphere","floor":46,"gold_loss":0}],"is_beta":false,"boss_relics":[{"not_picked":["Runic Dome","Cursed Key"],"picked":"Lizard Tail"},{"not_picked":["Snecko Eye","Velvet Choker"],"picked":"Mark of Pain"}],"items_purged_floors":[10,42],"is_endless":false,"potions_floor_spawned":[1,3,12,16,20,30,33,35,38,47],"ascension_level":0}