{"path_per_floor":["M","?","M","$","M","E","R","E","T","E","?","E","M","?","R","B",null,"M","M","?"],"character_chosen":"THE_SILENT","items_purchased":["Infinite Blades"],"gold_per_floor":[114,114,129,20,35,65,65,95,95,125,125,155,170,135,135,235,235,250,265,190,190],"floor_reached":21,"campfire_rested":2,"playtime":1040,"current_hp_per_floor":[59,45,41,41,41,35,56,30,30,30,30,12,12,29,50,33,70,38,26,26,0],"items_purged":["Setup"],"gold":190,"score":282,"play_id":"3724d773-4447-4978-87af-b778878ba6f0","local_time":"20180407231453","daily_mods":["Insanity","Elite Swarm","Vintage"],"is_prod":false,"is_daily":true,"is_ascension_mode":false,"campfire_upgraded":0,"timestamp":1523164493,"path_taken":["M","?","M","$","M","E","R","E","T","E","?","E","M","?","R","BOSS","M","M","?","M"],"build_version":"2018-04-05v2","purchased_purges":1,"victory":false,"master_deck":["Bouncing Flask","Backstab","Terror","Quick Slash","Corpse Explosion","Dash","Burst","Crippling Poison","Tactician","Neutralize","Finisher","Masterful Stab","Dash","Acrobatics","Reflex","Blade Dance","Accuracy","Skewer","Malaise","Night Terror+1","Bane","Adrenaline","Reflex","Bouncing Flask","Cloak And Dagger","Outmaneuver","Deadly Poison","Noxious Fumes","Dagger Spray","Night Terror","Unload","Noxious Fumes","Blade Dance","Poisoned Stab","Outmaneuver","Doppelganger","Accuracy","Accuracy","Dodge and Roll","Poisoned Stab","Bouncing Flask","Storm of Steel","Eviscerate+1","Setup","Noxious Fumes","Infinite Blades","Storm of Steel","Unload","After Image","Expertise+1","Riddle With Holes+1","Bane+1"],"max_hp_per_floor":[70,70,70,70,70,70,70,70,70,70,70,70,70,70,70,70,70,70,70,70,70],"relics":["Ring of the Snake","Blue Candle","Snake Skull","Anchor","Darkstone Periapt","Ornamental Fan","Pantograph","The Courier","Mummified Hand","Frozen Egg 2","Regal Pillow","Astrolabe","Bag of Marbles","Dodecahedron"],"card_choices":[{"not_picked":["Phantasmal Killer","Corpse Explosion"],"picked":"Storm of Steel","floor":6},{"not_picked":["Die Die Die","Burst"],"picked":"Unload","floor":8},{"not_picked":["Wraith Form","Corpse Explosion"],"picked":"Bullet Time","floor":10},{"not_picked":["Venomology","Burst"],"picked":"After Image","floor":12}],"player_experience":237052,"potions_floor_usage":[6,10],"damage_taken":[{"damage":11,"enemies":"Jaw Worm","floor":1,"turns":2},{"damage":4,"enemies":"Small Slimes","floor":3,"turns":2},{"damage":0,"enemies":"Cultist","floor":5,"turns":3},{"damage":6,"enemies":"Gremlin Nob","floor":6,"turns":3},{"damage":26,"enemies":"Lagavulin","floor":8,"turns":4},{"damage":0,"enemies":"3 Sentries","floor":10,"turns":3},{"damage":18,"enemies":"Gremlin Nob","floor":12,"turns":4},{"damage":0,"enemies":"Looter","floor":13,"turns":2},{"damage":37,"enemies":"The Guardian","floor":16,"turns":7},{"damage":32,"enemies":"Spheric Guardian","floor":18,"turns":5},{"damage":12,"enemies":"3 Byrds","floor":19,"turns":4},{"damage":30,"enemies":"Centurion and Healer","floor":21,"turns":3}],"event_choices":[{"event_name":"Shining Light","player_choice":"Entered Light","floor":2,"damage_taken":0},{"event_name":"Purifier","player_choice":"One Purge","floor":11,"damage_taken":0},{"event_name":"The Cleric","player_choice":"Healed","floor":14,"damage_taken":0},{"event_name":"Beggar","player_choice":"Gave Gold","floor":20,"damage_taken":0}],"boss_relics":[{"not_picked":["Velvet Choker","Philosopher\u0027s Stone"],"picked":"Astrolabe"}],"potions_floor_spawned":[3,5,16,19],"seed_played":"751993229486629799","killed_by":"Centurion and Healer","ascension_level":0,"is_trial":false}