{"gold_per_floor":[117,127,74,74,74,102,132,79,79,4,4,4,21,33,33,33],"floor_reached":16,"playtime":527,"items_purged":["Dualcast"],"score":98,"play_id":"6b0c13ef-e4be-4e48-aacb-91bc8348d5b3","local_time":"20181026052521","is_ascension_mode":false,"campfire_choices":[{"floor":7,"key":"DIG"},{"floor":12,"key":"REST"},{"floor":15,"key":"REST"}],"neow_cost":"NONE","seed_source_timestamp":796916677632073,"circlet_count":0,"master_deck":["Strike_B+1","Strike_B+1","Strike_B","Strike_B","Defend_B","Defend_B","Defend_B","Defend_B","Zap","Impatience","Streamline","Genetic Algorithm","Beam Cell","Gash","Beam Cell","Reprogram","Skim"],"relics":["Cracked Core","CultistMask","Shovel","Happy Flower","Tiny Chest","Symbiotic Virus"],"potions_floor_usage":[14,16],"damage_taken":[{"damage":5,"enemies":"Small Slimes","floor":1,"turns":3},{"damage":1,"enemies":"Cultist","floor":2,"turns":3},{"damage":34,"enemies":"3 Sentries","floor":6,"turns":7},{"damage":0,"enemies":"2 Louse","floor":13,"turns":2},{"damage":30,"enemies":"Exordium Thugs","floor":14,"turns":3},{"damage":28,"enemies":"The Guardian","floor":16,"turns":7}],"seed_played":"890124271735247613","potions_obtained":[{"floor":6,"key":"LiquidBronze"},{"floor":14,"key":"Energy Potion"}],"is_trial":false,"path_per_floor":["M","M","$","?","?","E","R","$","T","$","?","R","M","M","R"],"character_chosen":"DEFECT","items_purchased":["Beam Cell","Beam Cell"],"campfire_rested":2,"item_purchase_floors":[3,8],"current_hp_per_floor":[70,69,69,69,62,28,28,28,28,28,13,35,35,5,27,0],"gold":33,"neow_bonus":"RANDOM_COLORLESS","is_prod":false,"is_daily":false,"chose_seed":false,"campfire_upgraded":0,"win_rate":0.0,"timestamp":1540553121,"path_taken":["M","M","$","?","?","E","R","$","T","$","?","R","?","M","R","BOSS"],"build_version":"2018-10-25v2","purchased_purges":1,"victory":false,"max_hp_per_floor":[75,75,75,75,75,75,75,75,75,75,75,75,75,75,75,75],"card_choices":[{"not_picked":["Rebound","Hologram"],"picked":"Streamline","floor":1},{"not_picked":["Sweeping Beam","Auto Shields"],"picked":"Genetic Algorithm","floor":2},{"not_picked":["Sunder","Cold Snap"],"picked":"Gash","floor":6},{"not_picked":["Beam Cell","Barrage"],"picked":"Reprogram","floor":13},{"not_picked":["Sweeping Beam","Scrape"],"picked":"Skim","floor":14}],"player_experience":375746,"relics_obtained":[{"floor":6,"key":"Happy Flower"},{"floor":7,"key":"Tiny Chest"},{"floor":9,"key":"Symbiotic Virus"}],"event_choices":[{"damage_healed":0,"gold_gain":0,"player_choice":"Trade","damage_taken":0,"relics_obtained":["CultistMask"],"max_hp_gain":0,"max_hp_loss":0,"event_name":"FaceTrader","floor":4,"gold_loss":0},{"damage_healed":0,"gold_gain":0,"player_choice":"Success","damage_taken":7,"relics_obtained":["Shovel"],"max_hp_gain":0,"max_hp_loss":0,"event_name":"Scrap Ooze","floor":5,"gold_loss":0},{"damage_healed":0,"gold_gain":0,"player_choice":"Entered Light","damage_taken":15,"max_hp_gain":0,"max_hp_loss":0,"event_name":"Shining Light","floor":11,"gold_loss":0,"cards_upgraded":["Strike_B","Strike_B"]}],"is_beta":true,"boss_relics":[],"items_purged_floors":[10],"is_endless":false,"potions_floor_spawned":[6,14],"killed_by":"The Guardian","ascension_level":0}