{"gold_per_floor":[111,111,125,125,139,139,166,5,5,5,20,20,20,50],"floor_reached":14,"playtime":318,"items_purged":["Strike_B"],"score":176,"play_id":"fdb42a3f-3cf3-4c2b-8648-cfab68d031db","local_time":"20190218111941","is_ascension_mode":true,"campfire_choices":[{"data":"Streamline","floor":6,"key":"SMITH"},{"data":"Sweeping Beam","floor":10,"key":"SMITH"}],"neow_cost":"NONE","seed_source_timestamp":104049432072691,"circlet_count":0,"master_deck":["AscendersBane","Strike_B","Strike_B","Defend_B","Defend_B","Defend_B+1","Defend_B+1","Zap","Dualcast","Steam","Streamline+1","Sweeping Beam+1","Glacier","Auto Shields"],"relics":["Cracked Core","NeowsBlessing","Mango","Meat on the Bone"],"potions_floor_usage":[14],"damage_taken":[{"damage":0,"enemies":"2 Louse","floor":1,"turns":1},{"damage":0,"enemies":"Jaw Worm","floor":3,"turns":1},{"damage":0,"enemies":"Small Slimes","floor":5,"turns":1},{"damage":39,"enemies":"Gremlin Nob","floor":7,"turns":4},{"damage":2,"enemies":"Blue Slaver","floor":11,"turns":4},{"damage":20,"enemies":"Lagavulin Event","floor":14,"turns":5}],"seed_played":"-1769567779248733162","potions_obtained":[{"floor":5,"key":"FocusPotion"},{"floor":11,"key":"SteroidPotion"}],"is_trial":false,"path_per_floor":["M","?","M","?","M","R","E","$","T","R","M","?","$","?"],"character_chosen":"DEFECT","items_purchased":["Auto Shields"],"campfire_rested":0,"item_purchase_floors":[8],"current_hp_per_floor":[64,57,57,71,71,71,46,46,46,46,44,18,18,0],"gold":50,"neow_bonus":"THREE_ENEMY_KILL","is_prod":false,"is_daily":false,"chose_seed":false,"campfire_upgraded":2,"win_rate":0,"timestamp":1550506781,"path_taken":["M","?","M","?","M","R","E","$","T","R","M","?","?","?"],"build_version":"2019-01-23","purchased_purges":1,"victory":false,"max_hp_per_floor":[71,71,71,71,71,71,85,85,85,85,85,85,85,85],"card_choices":[{"not_picked":["Hologram","Streamline"],"picked":"Steam","floor":1},{"not_picked":["Streamline","Rebound","Static Discharge"],"picked":"SKIP","floor":3},{"not_picked":["Rebound","Static Discharge"],"picked":"Streamline","floor":3},{"not_picked":["Barrage","Rip and Tear"],"picked":"Sweeping Beam","floor":5},{"not_picked":["Barrage","Chill"],"picked":"Glacier","floor":7},{"not_picked":["Barrage","Redo","Lockon"],"picked":"SKIP","floor":11}],"player_experience":665664,"relics_obtained":[{"floor":7,"key":"Mango"},{"floor":9,"key":"Meat on the Bone"}],"event_choices":[{"cards_removed":["Strike_B"],"damage_healed":0,"gold_gain":0,"player_choice":"Card Removal","damage_taken":7,"max_hp_gain":0,"max_hp_loss":0,"event_name":"Golden Wing","floor":2,"gold_loss":0},{"damage_healed":23,"gold_gain":0,"player_choice":"Banana","damage_taken":0,"max_hp_gain":0,"max_hp_loss":0,"event_name":"Big Fish","floor":4,"gold_loss":0},{"damage_healed":0,"gold_gain":0,"player_choice":"Entered Light","damage_taken":26,"max_hp_gain":0,"max_hp_loss":0,"event_name":"Shining Light","floor":12,"gold_loss":0,"cards_upgraded":["Defend_B","Defend_B"]},{"damage_healed":0,"gold_gain":30,"player_choice":"Searched \u00273\u0027 times","damage_taken":0,"max_hp_gain":0,"max_hp_loss":0,"event_name":"Dead Adventurer","floor":14,"gold_loss":0}],"is_beta":false,"boss_relics":[],"items_purged_floors":[8],"is_endless":false,"potions_floor_spawned":[5,11],"killed_by":"Lagavulin Event","ascension_level":20}