{"gold_per_floor":[119,91,91,91,101,101,101,126,126,140,140,152,178,178,178,178],"floor_reached":16,"playtime":697,"items_purged":[],"score":191,"play_id":"cfca3204-2f9d-4e32-89df-811203be2fc1","local_time":"20190304125804","is_ascension_mode":true,"campfire_choices":[{"data":"Zap","floor":6.0,"key":"SMITH"},{"floor":15,"key":"REST"}],"neow_cost":"NONE","seed_source_timestamp":143611173616200,"circlet_count":0,"master_deck":["AscendersBane","Strike_B","Strike_B+1","Strike_B","Defend_B","Defend_B","Defend_B+1","Defend_B","Zap+1","Dualcast","Self Repair","Conserve Battery","Core Surge","Cold Snap","Loop","Buffer+1"],"special_seed":0,"relics":["Cracked Core","Regal Pillow","DataDisk","Frozen Egg 2","Odd Mushroom"],"potions_floor_usage":[16,16],"damage_taken":[{"damage":1.0,"enemies":"Cultist","floor":1.0,"turns":3.0},{"damage":5.0,"enemies":"Small Slimes","floor":5.0,"turns":4.0},{"damage":44.0,"enemies":"Lagavulin","floor":8.0,"turns":9.0},{"damage":0.0,"enemies":"2 Louse","floor":10.0,"turns":3.0},{"damage":6,"enemies":"Large Slime","floor":12,"turns":5},{"damage":2,"enemies":"The Mushroom Lair","floor":13,"turns":4},{"damage":65,"enemies":"Hexaghost","floor":16,"turns":15}],"seed_played":"-1049197341420814364","potions_obtained":[{"floor":8.0,"key":"Regen Potion"},{"floor":10.0,"key":"SkillPotion"}],"is_trial":false,"path_per_floor":["M","$","$","?","M","R","?","E","T","M","?","M","?","?","R","B"],"character_chosen":"DEFECT","items_purchased":["Conserve Battery"],"campfire_rested":1,"item_purchase_floors":[2],"current_hp_per_floor":[63,63,63,63,65,65,58,21,21,28,28,29,34,13,49,0],"gold":178,"neow_bonus":"RANDOM_COMMON_RELIC","is_prod":false,"is_daily":false,"chose_seed":false,"campfire_upgraded":1,"win_rate":0,"timestamp":1551722284,"path_taken":["M","?","$","?","?","R","?","E","T","M","?","M","?","?","R","BOSS"],"build_version":"2019-01-23","purchased_purges":0,"victory":false,"max_hp_per_floor":[71,71,71,71,71,71,71,71,71,71,71,71,71,71,71,71],"card_choices":[{"not_picked":["Stack","Turbo"],"picked":"Self Repair","floor":1.0},{"not_picked":["FTL","Undo"],"picked":"Cold Snap","floor":5.0},{"not_picked":["Capacitor","Double Energy"],"picked":"Loop","floor":8.0},{"not_picked":["Redo","Beam Cell","Conserve Battery"],"picked":"SKIP","floor":10.0},{"not_picked":["BootSequence","Coolheaded"],"picked":"Buffer+1","floor":12}],"player_experience":1288886,"relics_obtained":[{"floor":8.0,"key":"DataDisk"},{"floor":9.0,"key":"Frozen Egg 2"},{"floor":13,"key":"Odd Mushroom"}],"event_choices":[{"damage_healed":0.0,"max_hp_gain":0.0,"max_hp_loss":0.0,"gold_gain":0.0,"event_name":"Match and Keep!","player_choice":"1 cards matched","floor":4.0,"gold_loss":0.0,"damage_taken":0.0,"cards_obtained":["Core Surge"]},{"cards_removed":["Strike_B"],"damage_healed":0.0,"max_hp_gain":0.0,"max_hp_loss":0.0,"gold_gain":0.0,"event_name":"Golden Wing","player_choice":"Card Removal","floor":7.0,"gold_loss":0.0,"damage_taken":7.0},{"damage_healed":0.0,"max_hp_gain":0.0,"max_hp_loss":0.0,"gold_gain":0.0,"event_name":"Golden Idol","player_choice":"Ignored","floor":11.0,"gold_loss":0.0,"damage_taken":0.0},{"damage_healed":0,"gold_gain":0,"player_choice":"Fought Mushrooms","damage_taken":0,"max_hp_gain":0,"max_hp_loss":0,"event_name":"Mushrooms","floor":13,"gold_loss":0},{"damage_healed":0,"gold_gain":0,"player_choice":"Entered Light","damage_taken":21,"max_hp_gain":0,"max_hp_loss":0,"event_name":"Shining Light","floor":14,"gold_loss":0,"cards_upgraded":["Strike_B","Defend_B"]}],"is_beta":false,"boss_relics":[],"items_purged_floors":[],"is_endless":false,"potions_floor_spawned":[8,10,13],"killed_by":"Hexaghost","ascension_level":19}