{"gold_per_floor":[116,116,291,308,308,30,30,50,77,97,110,110,138,148,148,245,245,264,49,49,69,89,89,89],"floor_reached":24,"playtime":1304,"items_purged":["Strike_B","Shame"],"score":316,"play_id":"23b87295-4a05-4540-b037-c216a6da7207","local_time":"20181103112130","is_ascension_mode":true,"campfire_choices":[{"data":"Zap","floor":7,"key":"SMITH"},{"data":"Dualcast","floor":12,"key":"SMITH"},{"data":"Defragment","floor":15,"key":"SMITH"},{"data":"Double Energy","floor":23,"key":"SMITH"}],"neow_cost":"NONE","seed_source_timestamp":417467169566281,"circlet_count":0,"master_deck":["AscendersBane","Strike_B","Strike_B","Strike_B","Defend_B","Defend_B","Defend_B","Defend_B","Zap+1","Dualcast+1","Compile Driver","Glacier","Conserve Battery","Cold Snap+1","Reinforced Body","Defragment+1","Core Surge+1","Injury","Writhe","Self Repair+1","Double Energy+1","Glacier","Gash+1"],"relics":["Cracked Core","Blood Vial","Molten Egg 2","Spirit Poop","Chemical X","Dream Catcher","Anchor","Calling Bell","DataDisk","Mercury Hourglass","Emotion Chip"],"potions_floor_usage":[16,16,21],"damage_taken":[{"damage":0,"enemies":"Cultist","floor":1,"turns":3},{"damage":2,"enemies":"Small Slimes","floor":4,"turns":3},{"damage":3,"enemies":"Jaw Worm","floor":8,"turns":4},{"damage":0,"enemies":"Exordium Thugs","floor":10,"turns":6},{"damage":1,"enemies":"Large Slime","floor":11,"turns":8},{"damage":8,"enemies":"Lagavulin","floor":13,"turns":8},{"damage":0,"enemies":"Gremlin Gang","floor":14,"turns":6},{"damage":9,"enemies":"The Guardian","floor":16,"turns":12},{"damage":13,"enemies":"Shell Parasite","floor":18,"turns":5},{"damage":22,"enemies":"2 Thieves","floor":21,"turns":4},{"damage":23,"enemies":"Shelled Parasite and Fungi","floor":22,"turns":7},{"damage":43,"enemies":"Gremlin Leader","floor":24,"turns":4}],"seed_played":"4299322310264453053","potions_obtained":[{"floor":1,"key":"Poison Potion"},{"floor":8,"key":"FocusPotion"},{"floor":18,"key":"Swift Potion"}],"is_trial":false,"path_per_floor":["M","T","?","M","?","$","R","M","T","M","M","R","E","M","R","B",null,"M","$","?","M","M","R","E"],"character_chosen":"DEFECT","items_purchased":["Chemical X","Double Energy","Glacier"],"campfire_rested":0,"item_purchase_floors":[6,19,19],"current_hp_per_floor":[70,70,70,70,70,70,70,69,69,71,72,72,66,68,68,61,72,61,61,61,51,40,40,0],"gold":89,"neow_bonus":"RANDOM_COMMON_RELIC","is_prod":false,"is_daily":false,"chose_seed":false,"campfire_upgraded":4,"win_rate":0,"timestamp":1541258490,"path_taken":["M","?","?","M","?","$","R","M","T","M","M","R","E","?","R","BOSS","M","$","?","M","?","R","E"],"build_version":"2018-11-01","purchased_purges":2,"victory":false,"max_hp_per_floor":[75,75,75,75,75,75,75,75,75,75,75,75,75,75,75,75,75,75,75,75,75,75,75,75],"card_choices":[{"not_picked":["Heatsinks","Beam Cell"],"picked":"Compile Driver","floor":1},{"not_picked":["Self Repair","Lockon+1"],"picked":"Glacier","floor":4},{"not_picked":["Auto Shields","Capacitor"],"picked":"Conserve Battery","floor":8},{"not_picked":["Turbo","Hello World","Storm"],"picked":"SKIP","floor":10},{"not_picked":["Coolheaded","Rebound+1"],"picked":"Cold Snap+1","floor":11},{"not_picked":["Conserve Battery","Steam"],"picked":"Reinforced Body","floor":13},{"not_picked":["Capacitor","Hello World"],"picked":"Defragment","floor":14},{"not_picked":["Creative AI","Thunder Strike+1"],"picked":"Core Surge+1","floor":16},{"not_picked":["Stack","Sunder+1"],"picked":"Self Repair+1","floor":18},{"not_picked":["Heatsinks","Ball Lightning+1"],"picked":"Gash+1","floor":21},{"not_picked":["Steam","Barrage+1","Streamline+1"],"picked":"SKIP","floor":22}],"player_experience":169521,"relics_obtained":[{"floor":2,"key":"Molten Egg 2"},{"floor":9,"key":"Dream Catcher"},{"floor":13,"key":"Anchor"},{"floor":17,"key":"DataDisk"},{"floor":17,"key":"Mercury Hourglass"},{"floor":17,"key":"Emotion Chip"}],"event_choices":[{"damage_healed":0,"gold_gain":175,"player_choice":"AGREE","damage_taken":0,"max_hp_gain":0,"max_hp_loss":0,"event_name":"Liars Game","floor":3,"gold_loss":0,"cards_obtained":["Doubt"]},{"cards_removed":["Doubt"],"damage_healed":0,"gold_gain":0,"player_choice":"Offered Curse","damage_taken":0,"relics_obtained":["Spirit Poop"],"max_hp_gain":0,"max_hp_loss":0,"event_name":"Bonfire Elementals","floor":5,"gold_loss":0},{"damage_healed":0,"gold_gain":0,"player_choice":"Ignored","damage_taken":0,"max_hp_gain":0,"max_hp_loss":0,"event_name":"N\u0027loth","floor":20,"gold_loss":0}],"is_beta":false,"boss_relics":[{"not_picked":["Snecko Eye","Sozu"],"picked":"Calling Bell"}],"items_purged_floors":[6,19],"is_endless":false,"potions_floor_spawned":[1,8,14,18],"killed_by":"Gremlin Leader","ascension_level":12}