{"gold_per_floor":[115,115,130,55,75,75,101,101,152,184,195,228,239,254,254,254],"floor_reached":16,"playtime":1946,"items_purged":["Defend_R"],"score":134,"play_id":"9e1f3c22-18b7-4b07-96dc-de51745962a5","local_time":"20190228202822","is_ascension_mode":true,"campfire_choices":[{"data":"Body Slam","floor":6,"key":"SMITH"},{"data":"Reaper","floor":8,"key":"SMITH"},{"data":"Flame Barrier","floor":15,"key":"SMITH"}],"neow_cost":"PERCENT_DAMAGE","seed_source_timestamp":1215691095276500,"circlet_count":0,"master_deck":["Strike_R","Strike_R","Strike_R","Strike_R","Defend_R","Defend_R","Bash","Body Slam+1","Headbutt","Anger","Reaper+1","Entrench","Flame Barrier+1","Body Slam"],"relics":["Burning Blood","Blood Vial","Strawberry","Dodecahedron","Pen Nib"],"potions_floor_usage":[12,16],"damage_taken":[{"damage":15,"enemies":"Small Slimes","floor":1,"turns":4},{"damage":0,"enemies":"Cultist","floor":3,"turns":3},{"damage":10,"enemies":"2 Louse","floor":5,"turns":2},{"damage":30,"enemies":"3 Sentries","floor":7,"turns":7},{"damage":31,"enemies":"Lagavulin","floor":10,"turns":5},{"damage":7,"enemies":"Looter","floor":11,"turns":4},{"damage":18,"enemies":"Gremlin Nob","floor":12,"turns":4},{"damage":10,"enemies":"2 Fungi Beasts","floor":13,"turns":3},{"damage":9,"enemies":"Red Slaver","floor":14,"turns":4},{"damage":60,"enemies":"Slime Boss","floor":16,"turns":7}],"seed_played":"-5245400420214164480","potions_obtained":[{"floor":5,"key":"SpeedPotion"},{"floor":10,"key":"Fire Potion"},{"floor":12,"key":"Poison Potion"}],"is_trial":false,"path_per_floor":["M","?","M","$","M","R","E","R","T","E","M","E","M","M","R","B"],"character_chosen":"IRONCLAD","items_purchased":[],"campfire_rested":0,"item_purchase_floors":[],"current_hp_per_floor":[47,80,80,80,76,76,52,52,59,41,42,37,45,44,44,0],"gold":254,"neow_bonus":"TRANSFORM_TWO_CARDS","is_prod":false,"is_daily":false,"chose_seed":false,"campfire_upgraded":3,"win_rate":0,"timestamp":1551346102,"path_taken":["M","?","M","$","?","R","E","R","T","E","M","E","M","M","R","BOSS"],"build_version":"2019-01-23","purchased_purges":1,"victory":false,"max_hp_per_floor":[80,80,80,80,80,80,80,80,87,87,87,87,87,87,87,87],"card_choices":[{"not_picked":["Headbutt","Clash","Warcry"],"picked":"SKIP","floor":1},{"not_picked":["Headbutt","Clash","Warcry"],"picked":"SKIP","floor":1},{"not_picked":["Evolve","Flex"],"picked":"Headbutt","floor":3},{"not_picked":["Twin Strike","Wild Strike"],"picked":"Anger","floor":5},{"not_picked":["Havoc","Power Through"],"picked":"Reaper","floor":7},{"not_picked":["Iron Wave","Rampage"],"picked":"Entrench","floor":10},{"not_picked":["Battle Trance","Clothesline","Armaments"],"picked":"SKIP","floor":11},{"not_picked":["Shockwave","Body Slam"],"picked":"Flame Barrier","floor":12},{"not_picked":["Thunderclap","Infernal Blade","Battle Trance"],"picked":"SKIP","floor":13},{"not_picked":["Heavy Blade","True Grit"],"picked":"Body Slam","floor":14}],"player_experience":200696,"relics_obtained":[{"floor":7,"key":"Blood Vial"},{"floor":9,"key":"Strawberry"},{"floor":10,"key":"Dodecahedron"},{"floor":12,"key":"Pen Nib"}],"event_choices":[{"cards_removed":["Inflame"],"damage_healed":33,"gold_gain":0,"player_choice":"Offered Uncommon","damage_taken":0,"max_hp_gain":0,"max_hp_loss":0,"event_name":"Bonfire Elementals","floor":2,"gold_loss":0}],"is_beta":false,"boss_relics":[],"items_purged_floors":[4],"is_endless":false,"potions_floor_spawned":[5,10,12],"killed_by":"Slime Boss","ascension_level":2}