{"gold_per_floor":[115,80,93,113,113,113,130,163,241,271,282,14,14,28,28,99,99,111,111,123,398,410,410,213,228,275,291,14,14,27,42,42,115,115,132,149,169,8,8,8,41,141,166,184,184,8,38,58,58,58,58],"floor_reached":52,"playtime":2717,"items_purged":["Regret"],"score":1902,"play_id":"38eaedc6-323e-49a5-a266-e1e693dc54d4","local_time":"20181130113911","is_ascension_mode":true,"campfire_choices":[{"data":"Inflame","floor":6.0,"key":"SMITH"},{"floor":13.0,"key":"REST"},{"data":"Whirlwind","floor":15.0,"key":"SMITH"},{"floor":23.0,"key":"REST"},{"floor":29.0,"key":"REST"},{"floor":32.0,"key":"REST"},{"floor":40.0,"key":"REST"},{"floor":49,"key":"REST"}],"neow_cost":"NONE","seed_source_timestamp":0,"circlet_count":0,"master_deck":["AscendersBane","Strike_R","Strike_R","Strike_R","Strike_R","Strike_R","Defend_R","Defend_R+1","Defend_R+1","Defend_R","Bash+1","Thunderclap","Inflame+1","Pummel","Disarm+1","Whirlwind+1","Offering+1","Flash of Steel","Havoc+1","Reaper","Havoc+1","Havoc+1","Shrug It Off+1","True Grit+1","Warcry+1","Feed","Spot Weakness+1","Warcry+1","Shrug It Off+1","Warcry+1","Madness+1","Madness+1","Flame Barrier+1","Metallicize","Disarm+1","Feel No Pain+1","Intimidate+1"],"special_seed":0,"relics":["Burning Blood","Paper Frog","Bag of Marbles","Toxic Egg 2","War Paint","Membership Card","Fusion Hammer","Incense Burner","Omamori","Lee\u0027s Waffle","Ginger","Philosopher\u0027s Stone","HandDrill","Du-Vu Doll","Gambling Chip","Pen Nib","Bottled Lightning","Lantern"],"potions_floor_usage":[47,47],"damage_taken":[{"damage":12.0,"enemies":"Cultist","floor":1.0,"turns":4.0},{"damage":7.0,"enemies":"Jaw Worm","floor":3.0,"turns":3.0},{"damage":4.0,"enemies":"Small Slimes","floor":4.0,"turns":3.0},{"damage":7.0,"enemies":"Exordium Thugs","floor":7.0,"turns":3.0},{"damage":67.0,"enemies":"3 Sentries","floor":8.0,"turns":10.0},{"damage":27.0,"enemies":"Gremlin Nob","floor":10.0,"turns":4.0},{"damage":0.0,"enemies":"Exordium Wildlife","floor":11.0,"turns":3.0},{"damage":0.0,"enemies":"Blue Slaver","floor":14.0,"turns":3.0},{"damage":9.0,"enemies":"Hexaghost","floor":16.0,"turns":6.0},{"damage":30.0,"enemies":"Shell Parasite","floor":18.0,"turns":3.0},{"damage":6.0,"enemies":"3 Byrds","floor":20.0,"turns":2.0},{"damage":38.0,"enemies":"Centurion and Healer","floor":22.0,"turns":6.0},{"damage":13.0,"enemies":"Snecko","floor":25.0,"turns":3.0},{"damage":12.0,"enemies":"Snake Plant","floor":27.0,"turns":3.0},{"damage":11.0,"enemies":"Centurion and Healer","floor":30.0,"turns":5.0},{"damage":26.0,"enemies":"Snecko","floor":31.0,"turns":4.0},{"damage":75.0,"enemies":"Champ","floor":33.0,"turns":9.0},{"damage":22.0,"enemies":"3 Shapes","floor":35.0,"turns":5.0},{"damage":11.0,"enemies":"Orb Walker","floor":36.0,"turns":3.0},{"damage":6.0,"enemies":"Transient","floor":37.0,"turns":6.0},{"damage":37.0,"enemies":"Nemesis","floor":41.0,"turns":5.0},{"damage":10.0,"enemies":"Mind Bloom Boss Battle","floor":42.0,"turns":6.0},{"damage":40.0,"enemies":"4 Shapes","floor":44.0,"turns":8.0},{"damage":6,"enemies":"Giant Head","floor":47,"turns":3},{"damage":21,"enemies":"Writhing Mass","floor":48,"turns":3},{"damage":46,"enemies":"Donu and Deca","floor":50,"turns":9},{"damage":88,"enemies":"Awakened One","floor":51,"turns":13}],"seed_played":"8812531499689559305","potions_obtained":[{"floor":1.0,"key":"Fire Potion"},{"floor":3.0,"key":"Regen Potion"},{"floor":11.0,"key":"Weak Potion"},{"floor":16.0,"key":"Fruit Juice"},{"floor":18.0,"key":"Ancient Potion"},{"floor":22.0,"key":"AttackPotion"},{"floor":31.0,"key":"AttackPotion"},{"floor":33.0,"key":"Energy Potion"}],"is_trial":false,"path_per_floor":["M","?","M","M","T","R","M","E","T","E","M","$","R","M","R","B",null,"M","?","M","?","M","R","$","M","T","M","$","R","M","M","R","B",null,"M","M","M","$","?","R","E","?","T","M","?","$","E","M","R","B","B",null],"character_chosen":"IRONCLAD","items_purchased":["Membership Card","Flash of Steel","Incense Burner","Lee\u0027s Waffle","Ginger","HandDrill","PowerPotion","Warcry+1","Bottled Lightning","Disarm+1"],"campfire_rested":6,"item_purchase_floors":[12,12,24,28,28,38,38,38,46,46],"current_hp_per_floor":[62,75,74,75,75,75,74,28,28,7,13,13,35,41,41,38,66,47,47,47,47,24,48,48,41,41,35,87,87,82,67,87,18,70,70,65,90,90,74,90,85,93,93,80,80,80,96,81,96,92,25],"gold":58,"neow_bonus":"UPGRADE_CARD","is_prod":false,"is_daily":false,"chose_seed":false,"campfire_upgraded":2,"win_rate":0,"timestamp":1543595951,"path_taken":["M","?","M","M","?","R","M","E","T","E","M","$","R","M","R","BOSS","M","?","?","?","M","R","$","M","T","M","?","R","M","M","R","BOSS","M","M","M","$","?","R","E","?","T","M","?","$","E","M","R","BOSS","BOSS"],"build_version":"2018-11-15","purchased_purges":1,"victory":true,"max_hp_per_floor":[75,75,75,75,75,75,75,75,75,75,75,75,75,75,75,75,75,80,80,80,80,80,80,80,80,80,80,87,87,87,87,87,87,87,90,90,90,90,90,90,90,93,93,96,96,96,96,96,96,99,99],"card_choices":[{"not_picked":["Uppercut","Headbutt"],"picked":"Thunderclap","floor":1.0},{"not_picked":["Headbutt","Anger"],"picked":"Inflame","floor":3.0},{"not_picked":["Blood for Blood","Armaments"],"picked":"Pummel","floor":4.0},{"not_picked":["Cleave","Twin Strike"],"picked":"Disarm","floor":7.0},{"not_picked":["Dual Wield","Burning Pact"],"picked":"Whirlwind","floor":8.0},{"not_picked":["Wild Strike","Headbutt"],"picked":"Offering+1","floor":10.0},{"not_picked":["Body Slam","Twin Strike","Heavy Blade"],"picked":"SKIP","floor":11.0},{"not_picked":["Clash","Thunderclap"],"picked":"Havoc+1","floor":14.0},{"not_picked":["Immolate","Impervious+1"],"picked":"Reaper","floor":16.0},{"not_picked":["Rampage","Clash"],"picked":"Havoc+1","floor":18.0},{"not_picked":["Iron Wave+1","Clothesline"],"picked":"Havoc+1","floor":20.0},{"not_picked":["Reckless Charge","Clothesline+1"],"picked":"Shrug It Off+1","floor":22.0},{"not_picked":["Power Through+1","Burning Pact+1"],"picked":"True Grit+1","floor":25.0},{"not_picked":["Body Slam","Rage+1","Dropkick"],"picked":"SKIP","floor":27.0},{"not_picked":["Clash","Body Slam"],"picked":"Warcry+1","floor":30.0},{"not_picked":["Wild Strike+1","Clash","Body Slam"],"picked":"SKIP","floor":31.0},{"not_picked":["Berserk","Juggernaut"],"picked":"Feed","floor":33.0},{"not_picked":["Iron Wave","Warcry+1"],"picked":"Spot Weakness+1","floor":35.0},{"not_picked":["Perfected Strike","Cleave"],"picked":"Warcry+1","floor":36.0},{"not_picked":["Heavy Blade+1","Corruption"],"picked":"Shrug It Off+1","floor":37.0},{"not_picked":["Fire Breathing","Whirlwind"],"picked":"Flame Barrier+1","floor":41.0},{"not_picked":["Spot Weakness+1","Fire Breathing+1"],"picked":"Metallicize","floor":44.0},{"not_picked":["Seeing Red+1","Clash"],"picked":"Feel No Pain+1","floor":47},{"not_picked":["Anger","Body Slam+1"],"picked":"Intimidate+1","floor":48}],"player_experience":555564,"relics_obtained":[{"floor":5.0,"key":"Paper Frog"},{"floor":8.0,"key":"Bag of Marbles"},{"floor":9.0,"key":"Toxic Egg 2"},{"floor":10.0,"key":"War Paint"},{"floor":26.0,"key":"Omamori"},{"floor":41.0,"key":"Du-Vu Doll"},{"floor":42.0,"key":"Gambling Chip"},{"floor":43.0,"key":"Pen Nib"},{"floor":47,"key":"Lantern"}],"event_choices":[{"damage_healed":18.0,"max_hp_gain":0.0,"max_hp_loss":0.0,"gold_gain":0.0,"event_name":"The Cleric","player_choice":"Healed","floor":2.0,"gold_loss":35.0,"damage_taken":0.0},{"damage_healed":0.0,"max_hp_gain":0.0,"max_hp_loss":0.0,"gold_gain":0.0,"event_name":"Upgrade Shrine","player_choice":"Upgraded","floor":19.0,"gold_loss":0.0,"damage_taken":0.0,"cards_upgraded":["Disarm"]},{"damage_healed":0.0,"max_hp_gain":0.0,"max_hp_loss":0.0,"gold_gain":275.0,"event_name":"Golden Shrine","player_choice":"Desecrate","floor":21.0,"gold_loss":0.0,"damage_taken":0.0,"cards_obtained":["Regret"]},{"damage_healed":0.0,"max_hp_gain":0.0,"max_hp_loss":0.0,"gold_gain":0.0,"event_name":"Winding Halls","player_choice":"Embrace Madness","floor":39.0,"gold_loss":0.0,"damage_taken":16.0,"cards_obtained":["Madness","Madness"]},{"damage_healed":0.0,"max_hp_gain":0.0,"max_hp_loss":0.0,"gold_gain":0.0,"event_name":"MindBloom","player_choice":"Fight","floor":42.0,"gold_loss":0.0,"damage_taken":0.0},{"damage_healed":0.0,"max_hp_gain":0.0,"max_hp_loss":0.0,"gold_gain":0.0,"event_name":"Tomb of Lord Red Mask","player_choice":"Ignored","floor":45.0,"gold_loss":0.0,"damage_taken":0.0}],"is_beta":false,"boss_relics":[{"not_picked":["Orrery","Runic Dome"],"picked":"Fusion Hammer"},{"not_picked":["Snecko Eye","Astrolabe"],"picked":"Philosopher\u0027s Stone"}],"items_purged_floors":[24],"is_endless":false,"potions_floor_spawned":[1,3,11,16,18,22,31,33,42],"ascension_level":20}