{"gold_per_floor":[16,36,211,211,211,211,238,257,257,257,269,269,284,312,312,411,411,421,421],"floor_reached":19,"playtime":800,"items_purged":[],"score":266,"play_id":"3b750c30-f6b2-4757-8d5a-31750b2dd679","local_time":"20181102114141","is_ascension_mode":true,"campfire_choices":[{"data":"Go for the Eyes","floor":6,"key":"SMITH"},{"data":"Dualcast","floor":10,"key":"SMITH"},{"floor":12,"key":"REST"},{"data":"Recycle","floor":15,"key":"SMITH"}],"neow_cost":"NO_GOLD","seed_source_timestamp":332779822559446,"circlet_count":0,"master_deck":["AscendersBane","Strike_B","Strike_B","Strike_B","Defend_B","Defend_B","Defend_B","Zap+1","Dualcast+1","Capacitor","Biased Cognition","Go for the Eyes+1","BootSequence","Doubt","Darkness","Conserve Battery","Defragment","Recycle+1","Fission"],"relics":["FrozenCore","Pocketwatch","Shuriken","Bag of Marbles"],"potions_floor_usage":[7,14,16],"damage_taken":[{"damage":0,"enemies":"Small Slimes","floor":1,"turns":2},{"damage":0,"enemies":"2 Louse","floor":2,"turns":2},{"damage":35,"enemies":"3 Sentries","floor":7,"turns":7},{"damage":5,"enemies":"Jaw Worm","floor":8,"turns":3},{"damage":3,"enemies":"Looter","floor":11,"turns":3},{"damage":8,"enemies":"Blue Slaver","floor":13,"turns":4},{"damage":16,"enemies":"Gremlin Nob","floor":14,"turns":4},{"damage":32,"enemies":"The Guardian","floor":16,"turns":8},{"damage":0,"enemies":"Chosen","floor":18,"turns":8},{"damage":72,"enemies":"Masked Bandits","floor":19,"turns":4}],"seed_played":"-7369471754308623489","potions_obtained":[{"floor":2,"key":"AttackPotion"},{"floor":8,"key":"Ancient Potion"},{"floor":13,"key":"Regen Potion"}],"is_trial":false,"path_per_floor":["M","M","?","?","?","R","E","M","T","R","M","R","M","E","R","B",null,"M","?"],"character_chosen":"DEFECT","items_purchased":[],"campfire_rested":1,"item_purchase_floors":[],"current_hp_per_floor":[68,68,68,73,73,73,38,33,33,33,30,54,46,42,42,10,63,63,0],"gold":421,"neow_bonus":"TRANSFORM_TWO_CARDS","is_prod":false,"is_daily":false,"chose_seed":false,"campfire_upgraded":3,"win_rate":0,"timestamp":1541173301,"path_taken":["M","M","?","?","?","R","E","M","T","R","M","R","?","E","R","BOSS","M","?"],"build_version":"2018-11-01","purchased_purges":0,"victory":false,"max_hp_per_floor":[75,75,75,80,80,80,80,80,80,80,80,80,80,80,80,80,80,80,80],"card_choices":[{"not_picked":["Compile Driver","Barrage"],"picked":"Go for the Eyes","floor":1},{"not_picked":["Cold Snap","Turbo"],"picked":"BootSequence","floor":2},{"not_picked":["Double Energy","Chaos"],"picked":"Darkness","floor":7},{"not_picked":["Stack","Heatsinks","Turbo"],"picked":"SKIP","floor":8},{"not_picked":["Scrape","Melter"],"picked":"Conserve Battery","floor":11},{"not_picked":["Turbo","Beam Cell"],"picked":"Defragment","floor":13},{"not_picked":["Turbo","Scrape"],"picked":"Recycle","floor":14},{"not_picked":["Hyperbeam","Buffer"],"picked":"Fission","floor":16},{"not_picked":["Leap+1","Static Discharge","Turbo"],"picked":"SKIP","floor":18}],"player_experience":148355,"relics_obtained":[{"floor":7,"key":"Pocketwatch"},{"floor":9,"key":"Shuriken"},{"floor":14,"key":"Bag of Marbles"}],"event_choices":[{"damage_healed":0,"gold_gain":175,"player_choice":"AGREE","damage_taken":0,"max_hp_gain":0,"max_hp_loss":0,"event_name":"Liars Game","floor":3,"gold_loss":0,"cards_obtained":["Doubt"]},{"damage_healed":0,"gold_gain":0,"player_choice":"Donut","damage_taken":0,"max_hp_gain":5,"max_hp_loss":0,"event_name":"Big Fish","floor":4,"gold_loss":0},{"damage_healed":0,"gold_gain":0,"player_choice":"Grow","damage_taken":0,"max_hp_gain":0,"max_hp_loss":0,"event_name":"Living Wall","floor":5,"gold_loss":0,"cards_upgraded":["Zap"]},{"damage_healed":0,"gold_gain":0,"player_choice":"Fought Bandits","damage_taken":0,"max_hp_gain":0,"max_hp_loss":0,"event_name":"Masked Bandits","floor":19,"gold_loss":0}],"is_beta":false,"boss_relics":[{"not_picked":["Black Star","Coffee Dripper"],"picked":"FrozenCore"}],"items_purged_floors":[],"is_endless":false,"potions_floor_spawned":[2,8,13],"killed_by":"Masked Bandits","ascension_level":10}