{"gold_per_floor":[19,33,53,70,35,35,53,53,53,128,128,146,159,181,181,280,280,293,293,293,274,287,287],"floor_reached":23,"playtime":2697,"items_purged":[],"score":235,"play_id":"481de746-1fb4-4fdd-8573-e3bad8a45deb","local_time":"20190131161100","is_ascension_mode":false,"campfire_choices":[{"data":"Demon Form","floor":6,"key":"SMITH"},{"data":"True Grit","floor":8,"key":"SMITH"},{"data":"Rampage","floor":11,"key":"SMITH"},{"floor":15,"key":"REST"}],"neow_cost":"NO_GOLD","seed_source_timestamp":19531583371696,"circlet_count":0,"master_deck":["Strike_R","Strike_R","Strike_R","Strike_R","Strike_R","Defend_R","Defend_R","Defend_R","Defend_R","Bash","Demon Form+1","True Grit+1","Rampage+1","Cleave","Pommel Strike","Twin Strike","Flame Barrier","Battle Trance","Offering","Pain","Clumsy","Shame","Heavy Blade","Offering","Limit Break"],"relics":["Burning Blood","Bottled Flame","Odd Mushroom","Calling Bell","Strawberry","Ornamental Fan","Bird Faced Urn"],"potions_floor_usage":[23],"damage_taken":[{"damage":12,"enemies":"2 Louse","floor":1,"turns":3},{"damage":9,"enemies":"Small Slimes","floor":2,"turns":4},{"damage":11,"enemies":"Jaw Worm","floor":3,"turns":4},{"damage":12,"enemies":"Lots of Slimes","floor":4,"turns":8},{"damage":21,"enemies":"3 Louse","floor":7,"turns":3},{"damage":14,"enemies":"Blue Slaver","floor":12,"turns":4},{"damage":11,"enemies":"Red Slaver","floor":13,"turns":4},{"damage":22,"enemies":"The Mushroom Lair","floor":14,"turns":4},{"damage":0,"enemies":"Slime Boss","floor":16,"turns":6},{"damage":26,"enemies":"3 Byrds","floor":18,"turns":7},{"damage":32,"enemies":"2 Thieves","floor":21,"turns":4},{"damage":30,"enemies":"Centurion and Healer","floor":22,"turns":6},{"damage":30,"enemies":"Snake Plant","floor":23,"turns":3}],"seed_played":"1130741969076296370","potions_obtained":[{"floor":1,"key":"Poison Potion"},{"floor":4,"key":"Strength Potion"},{"floor":12,"key":"Energy Potion"},{"floor":22,"key":"BloodPotion"}],"is_trial":false,"path_per_floor":["M","M","M","M","?","R","M","R","T","?","R","M","M","?","R","B",null,"M","?","?","M","M","M"],"character_chosen":"IRONCLAD","items_purchased":[],"campfire_rested":1,"item_purchase_floors":[],"current_hp_per_floor":[74,71,66,60,80,80,65,65,65,54,54,46,41,25,49,55,87,67,67,67,43,21,0],"gold":287,"neow_bonus":"THREE_RARE_CARDS","is_prod":false,"is_daily":false,"chose_seed":false,"campfire_upgraded":3,"win_rate":0.0,"timestamp":1548947460,"path_taken":["M","M","M","M","?","R","M","R","T","?","R","M","M","?","R","BOSS","M","?","?","M","M","?"],"build_version":"2019-01-23","purchased_purges":0,"victory":false,"max_hp_per_floor":[80,80,80,80,80,80,80,80,80,80,80,80,80,80,80,80,87,87,87,87,87,87,87],"card_choices":[{"not_picked":["Impervious","Juggernaut"],"picked":"Demon Form","floor":0},{"not_picked":["Blood for Blood","Clash"],"picked":"True Grit","floor":1},{"not_picked":["Twin Strike","True Grit"],"picked":"Rampage","floor":2},{"not_picked":["Thunderclap","Wild Strike","Flex"],"picked":"SKIP","floor":3},{"not_picked":["Perfected Strike","Uppercut"],"picked":"Cleave","floor":4},{"not_picked":["Impervious","Armaments"],"picked":"Pommel Strike","floor":7},{"not_picked":["Clash","Searing Blow"],"picked":"Twin Strike","floor":12},{"not_picked":["Clothesline","Cleave"],"picked":"Flame Barrier","floor":13},{"not_picked":["Warcry","Twin Strike"],"picked":"Battle Trance","floor":14},{"not_picked":["Juggernaut","Berserk"],"picked":"Offering","floor":16},{"not_picked":["Perfected Strike","Clash+1","Power Through"],"picked":"SKIP","floor":18},{"not_picked":["Cleave","Body Slam"],"picked":"Limit Break","floor":21},{"not_picked":["Anger","Spot Weakness+1","Sword Boomerang"],"picked":"SKIP","floor":22}],"player_experience":19781,"relics_obtained":[{"floor":9,"key":"Bottled Flame"},{"floor":14,"key":"Odd Mushroom"},{"floor":17,"key":"Strawberry"},{"floor":17,"key":"Ornamental Fan"},{"floor":17,"key":"Bird Faced Urn"}],"event_choices":[{"damage_healed":20,"gold_gain":0,"player_choice":"Healed","damage_taken":0,"max_hp_gain":0,"max_hp_loss":0,"event_name":"The Cleric","floor":5,"gold_loss":35},{"damage_healed":0,"gold_gain":75,"player_choice":"Gather Gold","damage_taken":11,"max_hp_gain":0,"max_hp_loss":0,"event_name":"World of Goop","floor":10,"gold_loss":0},{"damage_healed":0,"gold_gain":0,"player_choice":"Fought Mushrooms","damage_taken":0,"max_hp_gain":0,"max_hp_loss":0,"event_name":"Mushrooms","floor":14,"gold_loss":0},{"damage_healed":0,"gold_gain":0,"player_choice":"Read","damage_taken":0,"max_hp_gain":0,"max_hp_loss":0,"event_name":"The Library","floor":19,"gold_loss":0,"cards_obtained":["Heavy Blade"]},{"damage_healed":0,"gold_gain":0,"player_choice":"Copied","damage_taken":0,"max_hp_gain":0,"max_hp_loss":0,"event_name":"Duplicator","floor":20,"gold_loss":0,"cards_obtained":["Offering"]}],"is_beta":false,"boss_relics":[{"not_picked":["Velvet Choker","Runic Pyramid"],"picked":"Calling Bell"}],"items_purged_floors":[],"is_endless":false,"potions_floor_spawned":[1,4,12,13,22],"killed_by":"Snake Plant","ascension_level":0}