{"gold_per_floor":[114,124,136,136,106,106,9,18,18,51,61,61,61,77,77,182,182,197,197,122,134,152,183,183,15,15,15,15,15,25,40,40,40],"floor_reached":33,"playtime":3826,"items_purged":[],"score":267,"play_id":"42f6e3e3-c4ae-4fa8-91cf-53aeb9ca5bc6","local_time":"20190307195629","is_ascension_mode":false,"campfire_choices":[{"data":"Neutralize","floor":6,"key":"SMITH"},{"data":"Bandage Up","floor":12,"key":"SMITH"},{"floor":15,"key":"REST"},{"floor":24,"key":"REST"},{"data":"RitualDagger","floor":28,"key":"SMITH"},{"floor":32,"key":"REST"}],"neow_cost":"NONE","seed_source_timestamp":23399291982549,"circlet_count":0,"master_deck":["Defend_G","Defend_G","Defend_G","Defend_G","Strike_G+1","Strike_G","Strike_G","Strike_G","Strike_G","Survivor+1","Neutralize+1","Well Laid Plans","Caltrops","Tactician+1","Dodge and Roll","Bandage Up+1","Bouncing Flask","Distraction+1","Outmaneuver+1","Distraction+1","Corpse Explosion+1","Backstab+1","RitualDagger+1","Catalyst+1","Deflect+1","Slice","Chrysalis+1","Leg Sweep+1","Blur+1"],"relics":["Ring of the Snake","Kunai","Toxic Egg 2","Cursed Key","The Specimen","Nloth\u0027s Gift"],"potions_floor_usage":[33,33,33],"damage_taken":[{"damage":2,"enemies":"Cultist","floor":1,"turns":4},{"damage":0,"enemies":"Small Slimes","floor":2,"turns":4},{"damage":0,"enemies":"Jaw Worm","floor":3,"turns":4},{"damage":2,"enemies":"Looter","floor":5,"turns":4},{"damage":11,"enemies":"Exordium Thugs","floor":8,"turns":7},{"damage":14,"enemies":"Lagavulin","floor":10,"turns":7},{"damage":9,"enemies":"2 Fungi Beasts","floor":11,"turns":4},{"damage":3,"enemies":"Blue Slaver","floor":14,"turns":5},{"damage":18,"enemies":"The Guardian","floor":16,"turns":12},{"damage":2,"enemies":"Spheric Guardian","floor":18,"turns":5},{"damage":7,"enemies":"Shell Parasite","floor":21,"turns":7},{"damage":21,"enemies":"3 Cultists","floor":22,"turns":5},{"damage":37,"enemies":"Gremlin Leader","floor":23,"turns":7},{"damage":14,"enemies":"Snecko","floor":30,"turns":5},{"damage":17,"enemies":"Centurion and Healer","floor":31,"turns":6},{"damage":69,"enemies":"Champ","floor":33,"turns":9}],"seed_played":"3518623417040263634","potions_obtained":[{"floor":1,"key":"SkillPotion"},{"floor":8,"key":"Block Potion"},{"floor":10,"key":"FearPotion"},{"floor":14,"key":"PowerPotion"},{"floor":16,"key":"SpeedPotion"},{"floor":30,"key":"SpeedPotion"}],"is_trial":false,"path_per_floor":["M","M","M","?","M","R","$","M","T","E","M","R","?","M","R","B",null,"M","?","?","M","M","E","R","$","T","?","R","$","M","M","R","B"],"character_chosen":"THE_SILENT","items_purchased":["Bandage Up","Chrysalis+1"],"campfire_rested":3,"item_purchase_floors":[7,25],"current_hp_per_floor":[68,68,68,68,66,66,66,59,59,49,44,44,30,33,54,42,70,70,64,64,63,48,17,38,38,38,38,38,38,30,19,40,0],"gold":40,"neow_bonus":"RANDOM_COMMON_RELIC","is_prod":false,"is_daily":false,"chose_seed":false,"campfire_upgraded":3,"win_rate":0.0,"timestamp":1551984989,"path_taken":["M","?","M","?","M","R","$","?","T","E","M","R","?","M","R","BOSS","M","?","?","M","M","E","R","?","T","?","R","$","M","M","R","BOSS"],"build_version":"2019-01-23","purchased_purges":0,"victory":false,"max_hp_per_floor":[70,70,70,70,70,70,70,70,70,70,70,70,70,70,70,70,70,70,70,70,70,70,70,70,70,70,70,70,70,70,70,70,70],"card_choices":[{"not_picked":["Poisoned Stab","Underhanded Strike"],"picked":"Well Laid Plans","floor":1},{"not_picked":["PiercingWail","Tactician"],"picked":"Caltrops","floor":2},{"not_picked":["Poisoned Stab","Underhanded Strike"],"picked":"Tactician","floor":3},{"not_picked":["Deadly Poison","Flying Knee"],"picked":"Dodge and Roll","floor":5},{"not_picked":["Dagger Spray","Dagger Throw"],"picked":"Bouncing Flask","floor":8},{"not_picked":["Tactician","Heel Hook"],"picked":"Distraction","floor":10},{"not_picked":["Quick Slash","Deadly Poison+1"],"picked":"Outmaneuver+1","floor":11},{"not_picked":["Prepared+1","Flechettes"],"picked":"Distraction+1","floor":14},{"not_picked":["Night Terror+1","Bullet Time+1"],"picked":"Corpse Explosion+1","floor":16},{"not_picked":["Poisoned Stab","Deflect+1"],"picked":"Backstab+1","floor":18},{"not_picked":["Flechettes+1","Quick Slash"],"picked":"Catalyst+1","floor":21},{"not_picked":["Flying Knee","Tactician+1"],"picked":"Deflect+1","floor":22},{"not_picked":["Glass Knife","Underhanded Strike"],"picked":"Slice","floor":23},{"not_picked":["Poisoned Stab+1","Sucker Punch"],"picked":"Leg Sweep+1","floor":30},{"not_picked":["Underhanded Strike","Slice+1"],"picked":"Blur+1","floor":31}],"player_experience":56846,"relics_obtained":[{"floor":9,"key":"Kunai"},{"floor":10,"key":"Toxic Egg 2"},{"floor":23,"key":"The Specimen"}],"event_choices":[{"damage_healed":0,"gold_gain":0,"player_choice":"Forge","damage_taken":0,"max_hp_gain":0,"max_hp_loss":0,"event_name":"Accursed Blacksmith","floor":4,"gold_loss":0,"cards_upgraded":["Tactician"]},{"damage_healed":0,"gold_gain":0,"player_choice":"Entered Light","damage_taken":14,"max_hp_gain":0,"max_hp_loss":0,"event_name":"Shining Light","floor":13,"gold_loss":0,"cards_upgraded":["Survivor","Strike_G"]},{"damage_healed":0,"gold_gain":0,"player_choice":"Joined the Cult","damage_taken":6,"max_hp_gain":0,"max_hp_loss":0,"event_name":"Nest","floor":19,"gold_loss":0,"cards_obtained":["RitualDagger"]},{"cards_removed":["Defend_G"],"damage_healed":0,"gold_gain":0,"player_choice":"Gave Gold","damage_taken":0,"max_hp_gain":0,"max_hp_loss":0,"event_name":"Beggar","floor":20,"gold_loss":75},{"damage_healed":0,"gold_gain":0,"player_choice":"Traded Relic","damage_taken":0,"relics_obtained":["Nloth\u0027s Gift"],"max_hp_gain":0,"max_hp_loss":0,"event_name":"N\u0027loth","floor":27,"relics_lost":["Smiling Mask"],"gold_loss":0}],"is_beta":false,"boss_relics":[{"not_picked":["Empty Cage","Coffee Dripper"],"picked":"Cursed Key"}],"items_purged_floors":[],"is_endless":false,"potions_floor_spawned":[1,8,10,14,16,21,30],"killed_by":"Champ","ascension_level":0}