{"path_per_floor":["M","?","?","M","$","E","R","E","T","M","M","T","$","M","R"],"character_chosen":"THE_SILENT","items_purchased":["Bag of Preparation","Footwork","Infinite Blades","Quick Slash","Deflect","Block Potion"],"gold_per_floor":[119,369,369,383,92,121,121,155,155,168,180,261,8,28,28,28],"floor_reached":16,"campfire_rested":2,"playtime":972,"current_hp_per_floor":[64,64,64,58,58,24,45,4,4,3,2,2,2,2,23,0],"items_purged":["Normality","Regret"],"gold":28,"score":127,"play_id":"a7bccb78-ba4a-4b2d-b130-bdc47ae15774","local_time":"20180424032438","is_prod":false,"is_daily":false,"chose_seed":false,"is_ascension_mode":true,"campfire_upgraded":0,"timestamp":1524561878,"path_taken":["M","?","?","M","$","E","R","E","T","M","M","?","$","?","R","BOSS"],"build_version":"2018-04-19","seed_source_timestamp":1080585338053791,"purchased_purges":2,"victory":false,"master_deck":["Defend_G","Defend_G","Defend_G","Defend_G","Defend_G","Strike_G","Strike_G","Strike_G","Strike_G","Strike_G","Survivor","Neutralize","Crippling Poison","Footwork+1","Well Laid Plans+1","Poisoned Stab","Slice","Infinite Blades+1","Quick Slash","Deflect","Accuracy+1"],"max_hp_per_floor":[70,70,70,70,70,70,70,70,70,70,70,70,70,70,70,70],"relics":["Ring of the Snake","Frozen Egg 2","Bag of Preparation","Bag of Marbles","Smiling Mask","Bottled Lightning","Mummified Hand"],"card_choices":[{"not_picked":["Underhanded Strike","Prepared"],"picked":"Crippling Poison","floor":1},{"not_picked":["Choke","Dodge and Roll"],"picked":"Well Laid Plans","floor":6},{"not_picked":["Dagger Throw","Unload"],"picked":"Poisoned Stab","floor":8},{"not_picked":["Prepared","PiercingWail"],"picked":"Slice","floor":10},{"not_picked":["Deadly Poison","Dagger Throw"],"picked":"Accuracy","floor":14}],"player_experience":283113,"potions_floor_usage":[6,8,11,14,16,16],"damage_taken":[{"damage":6,"enemies":"2 Louse","floor":1,"turns":4},{"damage":6,"enemies":"Cultist","floor":4,"turns":5},{"damage":34,"enemies":"3 Sentries","floor":6,"turns":14},{"damage":41,"enemies":"Lagavulin","floor":8,"turns":16},{"damage":1,"enemies":"Jaw Worm","floor":10,"turns":4},{"damage":1,"enemies":"Blue Slaver","floor":11,"turns":5},{"damage":0,"enemies":"Exordium Wildlife","floor":14,"turns":1},{"damage":23,"enemies":"Slime Boss","floor":16,"turns":7}],"event_choices":[{"event_name":"Golden Shrine","player_choice":"Desecrate","floor":2,"damage_taken":0},{"event_name":"Accursed Blacksmith","player_choice":"Rummage","floor":3,"damage_taken":0}],"boss_relics":[],"potions_floor_spawned":[4,6,10,11,14],"seed_played":"-530276151615234914","killed_by":"Slime Boss","ascension_level":3,"is_trial":false}