{"path_per_floor":["M","?","$","?","M","E","R","M","T","T","E","?","M","M","R","B",null,"M","$","?","M","?","E","M","R","T"],"character_chosen":"THE_SILENT","items_purchased":["Footwork","Well Laid Plans","Prepared","Molten Egg 2","Flying Knee"],"gold_per_floor":[115,115,35,210,226,261,261,276,276,276,307,335,351,376,376,501,539,563,90,90,113,113,147,170,170,170],"floor_reached":27,"campfire_rested":2,"playtime":7295,"current_hp_per_floor":[70,65,65,65,65,65,65,48,48,48,26,7,4,4,23,13,70,41,41,41,7,7,14,21,35,35],"items_purged":["Doubt"],"gold":170,"score":306,"play_id":"86434b36-896f-4350-8d97-478f045af48d","is_prod":false,"is_daily":false,"is_ascension_mode":true,"campfire_upgraded":1,"path_taken":["M","?","$","?","M","E","R","M","T","?","E","?","?","?","R","BOSS","M","$","?","M","?","E","?","R","T","E"],"build_version":"2018-02-15-PROD1","purchased_purges":1,"victory":false,"master_deck":["Defend_G","Defend_G","Defend_G","Defend_G","Defend_G","Survivor","Neutralize","Underhanded Strike","Footwork+1","Sucker Punch","Dodge and Roll","Footwork","Sucker Punch","Cloak And Dagger","Backstab","Prepared","A Thousand Cuts","Reflex","Sucker Punch","Well Laid Plans","Prepared","Flying Knee+1","Quick Slash+1","Bite+1","Bite+1","Bite+1","Bite+1","Bite+1","Calculated Gamble+1","Sucker Punch+1"],"max_hp_per_floor":[70,65,65,65,65,65,65,65,65,65,65,65,65,65,65,65,70,70,70,70,70,49,49,49,49,49],"relics":["Ring of the Snake","NeowsBlessing","Golden Idol","Bottled Lightning","Ornamental Fan","Frozen Eye","Shovel","Odd Mushroom","Tiny House","Molten Egg 2","Omamori","Ginger"],"card_choices":[{"not_picked":["PiercingWail","Quick Slash"],"picked":"Underhanded Strike"},{"not_picked":["Deflect","Poisoned Stab"],"picked":"Sucker Punch"},{"not_picked":["Corpse Explosion","Catalyst"],"picked":"Dodge and Roll"},{"not_picked":["Setup","Riddle With Holes"],"picked":"Footwork"},{"not_picked":["Setup","Dagger Spray"],"picked":"Sucker Punch"},{"not_picked":["Concentrate","Endless Agony"],"picked":"Cloak And Dagger"},{"not_picked":["Outmaneuver","Slice"],"picked":"Backstab"},{"not_picked":["Infinite Blades","Underhanded Strike"],"picked":"Prepared"},{"not_picked":["Doppelganger","Venomology"],"picked":"A Thousand Cuts"},{"not_picked":["Accuracy","Deflect"],"picked":"Reflex"},{"not_picked":["Catalyst","Deadly Poison"],"picked":"Sucker Punch"},{"not_picked":["Slice","Flechettes"],"picked":"Quick Slash"},{"not_picked":["Cloak And Dagger","Acrobatics"],"picked":"Calculated Gamble"},{"not_picked":["Acrobatics","Poisoned Stab"],"picked":"Sucker Punch"}],"player_experience":122116,"potions_floor_usage":[11,12,12,16,18,23,23,23],"damage_taken":[{"damage":0,"enemies":"Cultist","floor":1,"turns":1},{"damage":0,"enemies":"2 Louse","floor":5,"turns":1},{"damage":0,"enemies":"Gremlin Nob","floor":6,"turns":1},{"damage":17,"enemies":"Jaw Worm","floor":8,"turns":7},{"damage":22,"enemies":"Lagavulin","floor":11,"turns":21},{"damage":19,"enemies":"The Mushroom Lair","floor":12,"turns":7},{"damage":3,"enemies":"3 Louse","floor":13,"turns":5},{"damage":0,"enemies":"Looter","floor":14,"turns":4},{"damage":10,"enemies":"The Guardian","floor":16,"turns":23},{"damage":29,"enemies":"Chosen","floor":18,"turns":8},{"damage":34,"enemies":"Spheric Guardian","floor":21,"turns":6},{"damage":20,"enemies":"Book of Stabbing","floor":23,"turns":11},{"damage":29,"enemies":"Cultist and Chosen","floor":24,"turns":12},{"damage":52,"enemies":"Gremlin Leader","floor":27,"turns":6}],"event_choices":[{"event_name":"Golden Idol","player_choice":"Lose Max HP","floor":2,"damage_taken":0},{"event_name":"Liars Game","player_choice":"agreed","floor":4,"damage_taken":0},{"event_name":"Mushrooms","player_choice":"Fought Mushrooms","floor":12,"damage_taken":0},{"event_name":"Drug Dealer","player_choice":"Ignored","floor":20,"damage_taken":0},{"event_name":"Vampires","player_choice":"Became a vampire","floor":22,"damage_taken":0}],"boss_relics":[{"not_picked":["The Specimen","Lizard Tail"],"picked":"Tiny House"}],"potions_floor_spawned":[6,8,11,14,16,18,21],"seed_played":"5139318492941198009","killed_by":"Gremlin Leader","ascension_level":1,"is_trial":false}