{"gold_per_floor":[359,42,42,61,77,77,111,111,135,135,151,151,175,221,233,316,328,358,385,397],"floor_reached":20,"playtime":800,"items_purged":["Shame"],"score":337,"play_id":"7c25f28f-de8d-4dab-a1da-120fadfaa31a","local_time":"20181130161932","is_ascension_mode":true,"campfire_choices":[{"data":"Poisoned Stab","floor":6,"key":"SMITH"},{"data":"Deadly Poison","floor":8,"key":"SMITH"},{"data":"Deflect","floor":10,"key":"SMITH"},{"data":"Bane","floor":12,"key":"SMITH"},{"data":"Caltrops","floor":15,"key":"SMITH"}],"neow_cost":"CURSE","seed_source_timestamp":1393073057281528,"circlet_count":0,"master_deck":["AscendersBane","Defend_G","Defend_G","Defend_G","Defend_G","Defend_G","Strike_G+1","Strike_G+1","Strike_G","Survivor","Neutralize+1","Deflect+1","Poisoned Stab+1","Heel Hook","Deadly Poison+1","Bane+1","Caltrops+1","Unload","Backflip","Dodge and Roll"],"relics":["Ring of the Snake","Whetstone","Lantern","Dream Catcher","MawBank","Potion Belt","Empty Cage"],"potions_floor_usage":[7,14,14],"damage_taken":[{"damage":2,"enemies":"Small Slimes","floor":1,"turns":5},{"damage":7,"enemies":"Jaw Worm","floor":4,"turns":5},{"damage":0,"enemies":"2 Louse","floor":5,"turns":3},{"damage":12,"enemies":"Gremlin Nob","floor":7,"turns":4},{"damage":6,"enemies":"Exordium Thugs","floor":11,"turns":4},{"damage":3,"enemies":"3 Sentries","floor":14,"turns":7},{"damage":18,"enemies":"Hexaghost","floor":16,"turns":8},{"damage":5,"enemies":"Chosen","floor":18,"turns":4},{"damage":17,"enemies":"Shell Parasite","floor":19,"turns":5},{"damage":33,"enemies":"Chosen and Byrds","floor":20,"turns":6}],"seed_played":"7882609433106853774","potions_obtained":[{"floor":4,"key":"AttackPotion"},{"floor":7,"key":"EssenceOfSteel"},{"floor":18,"key":"LiquidBronze"}],"is_trial":false,"path_per_floor":["M","$","?","M","M","R","E","R","T","R","M","R","T","E","R","B",null,"M","M","M"],"character_chosen":"THE_SILENT","items_purchased":["Deflect","Whetstone","Fire Potion"],"campfire_rested":0,"item_purchase_floors":[2,2,2],"current_hp_per_floor":[57,57,57,50,50,50,38,38,38,38,32,32,32,29,29,11,52,47,30,0],"gold":397,"neow_bonus":"TWO_FIFTY_GOLD","is_prod":false,"is_daily":false,"chose_seed":false,"campfire_upgraded":5,"win_rate":0,"timestamp":1543612772,"path_taken":["M","$","?","M","M","R","E","R","T","R","M","R","?","E","R","BOSS","M","M","M"],"build_version":"2018-11-15","purchased_purges":1,"victory":false,"max_hp_per_floor":[66,66,66,66,66,66,66,66,66,66,66,66,66,66,66,66,66,66,66,66],"card_choices":[{"not_picked":["Outmaneuver","Distraction","Setup"],"picked":"SKIP","floor":1},{"not_picked":["Finisher","Prepared"],"picked":"Poisoned Stab","floor":4},{"not_picked":["Slice","Concentrate"],"picked":"Heel Hook","floor":5},{"not_picked":["Bane","Endless Agony"],"picked":"Deadly Poison","floor":7},{"not_picked":["Outmaneuver","Underhanded Strike"],"picked":"Bane","floor":11},{"not_picked":["Slice","Backflip"],"picked":"Caltrops","floor":14},{"not_picked":["Phantasmal Killer","Storm of Steel"],"picked":"Unload","floor":16},{"not_picked":["Choke","Flying Knee"],"picked":"Backflip","floor":18},{"not_picked":["Tactician","Acrobatics"],"picked":"Dodge and Roll","floor":19}],"player_experience":559041,"relics_obtained":[{"floor":7,"key":"Lantern"},{"floor":9,"key":"Dream Catcher"},{"floor":13,"key":"MawBank"},{"floor":14,"key":"Potion Belt"}],"event_choices":[{"damage_healed":0,"gold_gain":0,"player_choice":"Grow","damage_taken":0,"max_hp_gain":0,"max_hp_loss":0,"event_name":"Living Wall","floor":3,"gold_loss":0,"cards_upgraded":["Neutralize"]}],"is_beta":false,"boss_relics":[{"not_picked":["Cursed Key","Tiny House"],"picked":"Empty Cage"}],"items_purged_floors":[2],"is_endless":false,"potions_floor_spawned":[4,7,18],"killed_by":"Chosen and Byrds","ascension_level":17}