{"gold_per_floor":[116,191,204,204,9,9,22,22,102,8,8,26,40,72,72,170,170,185,204,119,119,44,75,75],"floor_reached":24,"playtime":1177,"items_purged":["Defend_R"],"score":235,"play_id":"8f5cff1e-1234-47ce-a24f-0c5a862cb8f6","local_time":"20190227232219","is_ascension_mode":true,"campfire_choices":[{"data":"Rampage","floor":6.0,"key":"SMITH"},{"data":"Inflame","floor":11.0,"key":"SMITH"},{"data":"Infernal Blade","floor":15.0,"key":"SMITH"}],"neow_cost":"TEN_PERCENT_HP_LOSS","seed_source_timestamp":0,"circlet_count":0,"master_deck":["Strike_R","Strike_R","Strike_R","Strike_R","Defend_R+1","Defend_R+1","Defend_R","Bash","Rampage+1","Anger","Inflame+1","Shrug It Off","Infernal Blade+1","Pummel","Offering","Heavy Blade"],"special_seed":0,"relics":["Burning Blood","Magic Flower","Medical Kit","Self Forming Clay","Art of War","Eternal Feather","PreservedInsect","War Paint"],"potions_floor_usage":[],"damage_taken":[{"damage":12.0,"enemies":"Jaw Worm","floor":1.0,"turns":3.0},{"damage":2.0,"enemies":"Small Slimes","floor":3.0,"turns":3.0},{"damage":1.0,"enemies":"Cultist","floor":7.0,"turns":4.0},{"damage":4.0,"enemies":"Looter","floor":12.0,"turns":3.0},{"damage":12.0,"enemies":"3 Louse","floor":13.0,"turns":4.0},{"damage":15.0,"enemies":"Lagavulin","floor":14.0,"turns":5.0},{"damage":12.0,"enemies":"Slime Boss","floor":16.0,"turns":8.0},{"damage":32.0,"enemies":"2 Thieves","floor":18.0,"turns":5.0},{"damage":17.0,"enemies":"Spheric Guardian","floor":19.0,"turns":3.0},{"damage":22.0,"enemies":"Gremlin Leader","floor":23.0,"turns":5.0},{"damage":16,"enemies":"Centurion and Healer","floor":24,"turns":8}],"seed_played":"3297294851434892710","potions_obtained":[{"floor":1.0,"key":"Dexterity Potion"},{"floor":8.0,"key":"LiquidBronze"},{"floor":8.0,"key":"Explosive Potion"},{"floor":18.0,"key":"Ancient Potion"},{"floor":19.0,"key":"EssenceOfSteel"}],"is_trial":false,"path_per_floor":["M","?","M","?","$","R","M","?","T","$","R","M","M","E","R","B",null,"M","M","?","?","$","E","M"],"character_chosen":"IRONCLAD","items_purchased":["Medical Kit","Inflame","Shrug It Off"],"campfire_rested":0,"item_purchase_floors":[5,10,10],"current_hp_per_floor":[69,58,65,58,58,58,66,66,66,66,66,71,68,62,62,59,72,49,41,41,28,28,15,0],"gold":75,"neow_bonus":"ONE_RARE_RELIC","is_prod":false,"is_daily":false,"chose_seed":false,"campfire_upgraded":3,"win_rate":0,"timestamp":1551270139,"path_taken":["M","?","M","?","$","R","M","?","T","$","R","?","M","E","R","BOSS","M","M","?","?","$","E","M"],"build_version":"2019-01-23","purchased_purges":1,"victory":false,"max_hp_per_floor":[72,72,72,72,72,72,72,72,72,72,72,72,72,72,72,72,72,72,72,72,77,77,77,77],"card_choices":[{"not_picked":["Battle Trance","Intimidate"],"picked":"Rampage","floor":1.0},{"not_picked":["Heavy Blade","Havoc"],"picked":"Anger","floor":3.0},{"not_picked":["Wild Strike","Twin Strike","True Grit"],"picked":"SKIP","floor":7.0},{"not_picked":["Clash","Iron Wave","Shrug It Off"],"picked":"SKIP","floor":12.0},{"not_picked":["Clash","Iron Wave"],"picked":"Infernal Blade","floor":13.0},{"not_picked":["Clash","Impervious"],"picked":"Pummel","floor":14.0},{"not_picked":["Barricade","Feed"],"picked":"Offering","floor":16.0},{"not_picked":["Armaments+1","Anger"],"picked":"Heavy Blade","floor":18.0},{"not_picked":["Clothesline","Havoc","Offering"],"picked":"SKIP","floor":19.0},{"not_picked":["Twin Strike","Power Through","Battle Trance+1"],"picked":"SKIP","floor":23.0}],"player_experience":187850,"relics_obtained":[{"floor":9.0,"key":"Self Forming Clay"},{"floor":14.0,"key":"Art of War"},{"floor":23.0,"key":"War Paint"}],"event_choices":[{"damage_healed":0.0,"max_hp_gain":0.0,"max_hp_loss":0.0,"gold_gain":75.0,"event_name":"World of Goop","player_choice":"Gather Gold","floor":2.0,"gold_loss":0.0,"damage_taken":11.0},{"cards_removed":["Strike_R"],"damage_healed":0.0,"max_hp_gain":0.0,"max_hp_loss":0.0,"gold_gain":0.0,"event_name":"Golden Wing","player_choice":"Card Removal","floor":4.0,"gold_loss":0.0,"damage_taken":7.0},{"damage_healed":0.0,"max_hp_gain":0.0,"max_hp_loss":0.0,"gold_gain":0.0,"event_name":"Lab","player_choice":"Got Potions","floor":8.0,"gold_loss":0.0,"damage_taken":0.0},{"damage_healed":0.0,"max_hp_gain":0.0,"max_hp_loss":0.0,"gold_gain":0.0,"event_name":"Addict","player_choice":"Obtained Relic","floor":20.0,"gold_loss":85.0,"damage_taken":0.0,"relics_obtained":["PreservedInsect"]},{"damage_healed":0.0,"max_hp_gain":5.0,"max_hp_loss":0.0,"gold_gain":0.0,"event_name":"Forgotten Altar","player_choice":"Shed Blood","floor":21.0,"gold_loss":0.0,"damage_taken":18.0}],"is_beta":false,"boss_relics":[{"not_picked":["Runic Cube","Coffee Dripper"],"picked":"Eternal Feather"}],"items_purged_floors":[22],"is_endless":false,"potions_floor_spawned":[1,12,13,18,19],"killed_by":"Centurion and Healer","ascension_level":2}