{"gold_per_floor":[109,184,202,0,0,29,29,44,44,44,57,57,57,57,57,134,134,149,164,190,190,190,190,190],"floor_reached":24,"playtime":909,"items_purged":[],"score":409,"play_id":"89ba0965-1a78-4d82-be1e-d37a0f596b0f","local_time":"20190217220143","is_ascension_mode":true,"campfire_choices":[{"floor":7,"key":"REST"},{"data":"Sunder","floor":10,"key":"SMITH"},{"data":"Recycle","floor":12,"key":"SMITH"},{"data":"Loop","floor":15,"key":"SMITH"},{"floor":23,"key":"REST"}],"neow_cost":"NONE","seed_source_timestamp":55573936421091,"circlet_count":0,"master_deck":["AscendersBane","Strike_B","Strike_B","Strike_B","Defend_B","Defend_B","Defend_B","Defend_B","Zap","Dualcast","Gash","Hologram","Defragment","Sunder+1","Recycle+1","Loop+1","Tempest","Turbo","Beam Cell","Electrodynamics","Capacitor","Doom and Gloom","Glacier","Decay"],"relics":["Cracked Core","Matryoshka","Mango","Smiling Mask","Darkstone Periapt","Snecko Eye","Red Mask"],"potions_floor_usage":[6,16,16,19],"damage_taken":[{"damage":2,"enemies":"Jaw Worm","floor":1,"turns":3},{"damage":1,"enemies":"2 Louse","floor":3,"turns":3},{"damage":27,"enemies":"3 Sentries","floor":6,"turns":6},{"damage":20,"enemies":"Small Slimes","floor":8,"turns":3},{"damage":14,"enemies":"Red Slaver","floor":11,"turns":2},{"damage":25,"enemies":"Hexaghost","floor":16,"turns":7},{"damage":25,"enemies":"Chosen","floor":18,"turns":4},{"damage":23,"enemies":"2 Thieves","floor":19,"turns":3},{"damage":18,"enemies":"Masked Bandits","floor":20,"turns":3},{"damage":41,"enemies":"Book of Stabbing","floor":24,"turns":3}],"seed_played":"2084605011142510414","potions_obtained":[{"floor":3,"key":"AttackPotion"},{"floor":6,"key":"AttackPotion"},{"floor":8,"key":"Strength Potion"},{"floor":16,"key":"PowerPotion"},{"floor":20,"key":"Explosive Potion"}],"is_trial":false,"path_per_floor":["M","?","M","$","?","E","R","M","T","R","M","R","?","?","R","B",null,"M","M","?","?","?","R","E"],"character_chosen":"DEFECT","items_purchased":["Defragment","Sunder","Recycle"],"campfire_rested":2,"item_purchase_floors":[4,4,4],"current_hp_per_floor":[69,58,57,57,46,33,60,40,40,40,26,26,26,26,26,1,69,44,21,3,3,9,38,0],"gold":190,"neow_bonus":"TEN_PERCENT_HP_BONUS","is_prod":false,"is_daily":false,"chose_seed":false,"campfire_upgraded":3,"win_rate":0,"timestamp":1550458903,"path_taken":["M","?","M","$","?","E","R","M","T","R","M","R","?","?","R","BOSS","M","M","?","?","?","R","E"],"build_version":"2019-01-23","purchased_purges":0,"victory":false,"max_hp_per_floor":[78,78,78,78,78,92,92,92,92,92,92,92,92,92,92,92,92,92,92,92,92,98,98,98],"card_choices":[{"not_picked":["Tempest","Leap"],"picked":"Gash","floor":1},{"not_picked":["White Noise","Recycle"],"picked":"Hologram","floor":3},{"not_picked":["Loop","Turbo","Redo"],"picked":"SKIP","floor":6},{"not_picked":["Turbo","Redo"],"picked":"Loop","floor":6},{"not_picked":["Redo","Gash"],"picked":"Tempest","floor":8},{"not_picked":["Rebound","Loop"],"picked":"Turbo","floor":11},{"not_picked":["Machine Learning","Hyperbeam"],"picked":"Electrodynamics","floor":16},{"not_picked":["Rebound","Heatsinks"],"picked":"Capacitor","floor":18},{"not_picked":["Conserve Battery","Beam Cell+1"],"picked":"Doom and Gloom","floor":19},{"not_picked":["Compile Driver+1","Turbo"],"picked":"Glacier","floor":20}],"player_experience":662229,"relics_obtained":[{"floor":6,"key":"Mango"},{"floor":9,"key":"Smiling Mask"},{"floor":9,"key":"Darkstone Periapt"},{"floor":20,"key":"Red Mask"}],"event_choices":[{"damage_healed":0,"gold_gain":75,"player_choice":"Gather Gold","damage_taken":11,"max_hp_gain":0,"max_hp_loss":0,"event_name":"World of Goop","floor":2,"gold_loss":0},{"damage_healed":0,"gold_gain":0,"player_choice":"Success","damage_taken":11,"relics_obtained":["Matryoshka"],"max_hp_gain":0,"max_hp_loss":0,"event_name":"Scrap Ooze","floor":5,"gold_loss":0},{"damage_healed":0,"gold_gain":0,"player_choice":"Ignored","damage_taken":0,"max_hp_gain":0,"max_hp_loss":0,"event_name":"Shining Light","floor":13,"gold_loss":0},{"damage_healed":0,"gold_gain":0,"cards_transformed":["Strike_B"],"player_choice":"Transformed","damage_taken":0,"max_hp_gain":0,"max_hp_loss":0,"event_name":"Transmorgrifier","floor":14,"gold_loss":0,"cards_obtained":["Beam Cell"]},{"damage_healed":0,"gold_gain":0,"player_choice":"Fought Bandits","damage_taken":0,"max_hp_gain":0,"max_hp_loss":0,"event_name":"Masked Bandits","floor":20,"gold_loss":0},{"damage_healed":0,"gold_gain":0,"player_choice":"Ignored","damage_taken":0,"max_hp_gain":0,"max_hp_loss":0,"event_name":"Cursed Tome","floor":21,"gold_loss":0},{"damage_healed":0,"gold_gain":0,"player_choice":"Smashed Altar","damage_taken":0,"max_hp_gain":0,"max_hp_loss":0,"event_name":"Forgotten Altar","floor":22,"gold_loss":0,"cards_obtained":["Decay"]}],"is_beta":false,"boss_relics":[{"not_picked":["Calling Bell","Empty Cage"],"picked":"Snecko Eye"}],"items_purged_floors":[],"is_endless":false,"potions_floor_spawned":[3,6,8,16,20],"killed_by":"Book of Stabbing","ascension_level":20}