{"gold_per_floor":[17,17,31,106,118,176,188,188,212,212,226,241,241,257,257,381,381,405,329,343,343,50,50,81,81,81,101,126,126,126,126,126,255,255,280,294,294],"floor_reached":37,"playtime":1365,"items_purged":[],"score":391,"play_id":"e43a4212-2503-4095-ab9a-ddc3d02b578f","local_time":"20181027025927","is_ascension_mode":false,"campfire_choices":[{"floor":8,"key":"REST"},{"floor":15,"key":"REST"},{"floor":23,"key":"DIG"},{"floor":25,"key":"REST"},{"floor":30,"key":"REST"},{"floor":32,"key":"REST"}],"neow_cost":"NO_GOLD","seed_source_timestamp":873724909846416,"circlet_count":0,"master_deck":["Strike_B","Strike_B","Strike_B","Defend_B","Defend_B","Defend_B","Zap","Dualcast","Go for the Eyes+1","Ball Lightning","Barrage","Sweeping Beam","Sunder","Biased Cognition","Ball Lightning","Injury","Tempest","Reboot","Consume+1","Storm","Steam+1","Echo Form","Self Repair","Force Field","Lockon+1","RitualDagger","Thunder Strike","Barrage+1","Gash+1"],"relics":["FrozenCore","Tiny Chest","Anchor","Shovel","Golden Idol","Nuclear Battery","DataDisk","Bag of Preparation","The Courier","Ancient Tea Set","StoneCalendar"],"potions_floor_usage":[28,33,33,33,37],"damage_taken":[{"damage":2,"enemies":"2 Louse","floor":1,"turns":2},{"damage":6,"enemies":"Jaw Worm","floor":3,"turns":3},{"damage":1,"enemies":"Cultist","floor":5,"turns":3},{"damage":14,"enemies":"Gremlin Nob","floor":6,"turns":3},{"damage":0,"enemies":"Exordium Wildlife","floor":7,"turns":3},{"damage":9,"enemies":"Lots of Slimes","floor":11,"turns":3},{"damage":5,"enemies":"3 Louse","floor":12,"turns":3},{"damage":0,"enemies":"Blue Slaver","floor":14,"turns":2},{"damage":16,"enemies":"Slime Boss","floor":16,"turns":6},{"damage":13,"enemies":"Shell Parasite","floor":18,"turns":3},{"damage":0,"enemies":"Chosen","floor":20,"turns":2},{"damage":27,"enemies":"Slavers","floor":24,"turns":3},{"damage":7,"enemies":"Snecko","floor":27,"turns":3},{"damage":39,"enemies":"Snake Plant","floor":28,"turns":4},{"damage":40,"enemies":"Champ","floor":33,"turns":7},{"damage":38,"enemies":"3 Darklings","floor":35,"turns":4},{"damage":0,"enemies":"Orb Walker","floor":36,"turns":2},{"damage":45,"enemies":"2 Orb Walkers","floor":37,"turns":3}],"seed_played":"4695807190558350412","potions_obtained":[{"floor":1,"key":"Dexterity Potion"},{"floor":12,"key":"SpeedPotion"},{"floor":14,"key":"LiquidBronze"},{"floor":28,"key":"Fire Potion"},{"floor":36,"key":"FocusPotion"}],"is_trial":false,"path_per_floor":["M","?","M","?","M","E","M","R","T","T","M","M","?","M","R","B",null,"M","$","M","?","$","R","E","R","T","M","M","?","R","?","R","B",null,"M","M"],"character_chosen":"DEFECT","items_purchased":["Storm","DataDisk","Echo Form"],"campfire_rested":5,"item_purchase_floors":[19,22,22],"current_hp_per_floor":[73,73,67,56,55,41,41,63,63,63,54,49,49,49,71,55,75,62,62,62,62,62,62,35,57,57,50,18,12,34,34,56,30,75,44,44,0],"gold":294,"neow_bonus":"REMOVE_TWO","is_prod":false,"is_daily":false,"chose_seed":false,"campfire_upgraded":0,"win_rate":0.0,"timestamp":1540630767,"path_taken":["M","?","M","?","M","E","?","R","T","?","?","M","?","M","R","BOSS","M","$","M","?","$","R","E","R","T","M","M","?","R","?","R","BOSS","M","?","?"],"build_version":"2018-10-25v2","purchased_purges":0,"victory":false,"max_hp_per_floor":[75,75,75,75,75,75,75,75,75,75,75,75,75,75,75,75,75,75,75,75,75,75,75,75,75,75,75,75,75,75,75,75,75,75,75,75,75],"card_choices":[{"not_picked":["Melter","Double Energy"],"picked":"Go for the Eyes","floor":1},{"not_picked":["Rebound","Conserve Battery"],"picked":"Ball Lightning","floor":3},{"not_picked":["Go for the Eyes","Cold Snap"],"picked":"Barrage","floor":5},{"not_picked":["Self Repair","Go for the Eyes"],"picked":"Sweeping Beam","floor":6},{"not_picked":["Blizzard","Aggregate"],"picked":"Sunder","floor":7},{"not_picked":["Conserve Battery","Turbo"],"picked":"Biased Cognition","floor":11},{"not_picked":["Steam","Cold Snap"],"picked":"Ball Lightning","floor":12},{"not_picked":["Hologram","Heatsinks"],"picked":"Tempest","floor":14},{"not_picked":["Meteor Strike","Multi-Cast"],"picked":"Reboot","floor":16},{"not_picked":["Leap+1","Redo"],"picked":"Consume+1","floor":18},{"not_picked":["Stack","Melter"],"picked":"Steam+1","floor":20},{"not_picked":["Leap","Meteor Strike"],"picked":"Self Repair","floor":24},{"not_picked":["Compile Driver","Conserve Battery"],"picked":"Force Field","floor":27},{"not_picked":["Sweeping Beam","Chaos"],"picked":"Lockon+1","floor":28},{"not_picked":["Seek","Creative AI"],"picked":"Thunder Strike","floor":33},{"not_picked":["Consume+1","Steam+1"],"picked":"Barrage+1","floor":35},{"not_picked":["Hologram","Go for the Eyes+1"],"picked":"Gash+1","floor":36}],"player_experience":376273,"relics_obtained":[{"floor":6,"key":"Tiny Chest"},{"floor":9,"key":"Anchor"},{"floor":10,"key":"Shovel"},{"floor":23,"key":"Bag of Preparation"},{"floor":24,"key":"The Courier"},{"floor":26,"key":"Ancient Tea Set"}],"event_choices":[{"damage_healed":0,"gold_gain":0,"player_choice":"Grow","damage_taken":0,"max_hp_gain":0,"max_hp_loss":0,"event_name":"Living Wall","floor":2,"gold_loss":0,"cards_upgraded":["Go for the Eyes"]},{"damage_healed":0,"gold_gain":75,"player_choice":"Gather Gold","damage_taken":11,"max_hp_gain":0,"max_hp_loss":0,"event_name":"World of Goop","floor":4,"gold_loss":0},{"damage_healed":0,"gold_gain":0,"player_choice":"Take Wound","damage_taken":0,"relics_obtained":["Golden Idol"],"max_hp_gain":0,"max_hp_loss":0,"event_name":"Golden Idol","floor":13,"gold_loss":0,"cards_obtained":["Injury"]},{"damage_healed":0,"gold_gain":0,"player_choice":"Ignored","damage_taken":0,"max_hp_gain":0,"max_hp_loss":0,"event_name":"Vampires","floor":21,"gold_loss":0},{"damage_healed":0,"gold_gain":0,"player_choice":"Joined the Cult","damage_taken":6,"max_hp_gain":0,"max_hp_loss":0,"event_name":"Nest","floor":29,"gold_loss":0,"cards_obtained":["RitualDagger"]},{"damage_healed":0,"gold_gain":0,"player_choice":"Opened","damage_taken":0,"relics_obtained":["StoneCalendar"],"max_hp_gain":0,"max_hp_loss":0,"event_name":"The Mausoleum","floor":31,"gold_loss":0},{"damage_healed":0,"gold_gain":0,"player_choice":"Fight","damage_taken":0,"max_hp_gain":0,"max_hp_loss":0,"event_name":"Mysterious Sphere","floor":37,"gold_loss":0}],"is_beta":true,"boss_relics":[{"not_picked":["Calling Bell","Orrery"],"picked":"Nuclear Battery"},{"not_picked":["Lizard Tail","White Beast Statue"],"picked":"FrozenCore"}],"items_purged_floors":[],"is_endless":false,"potions_floor_spawned":[1,12,14,18,27,28,36],"killed_by":"2 Orb Walkers","ascension_level":0}