{"gold_per_floor":[110,110,110,110,176,205,217,248,297,323,323,344,344,361,361,464,464,478,478,491,298,298,298,331,9,55,55,70,82,82,98,98,201,201,220,220,237,14,114,114,76,106,106,132,132,142,142,153,153,153],"floor_reached":51,"playtime":2436,"items_purged":["Defend_R"],"score":1192,"play_id":"5987b891-ed94-41e1-a140-e04cba9c32d0","local_time":"20190307035430","is_ascension_mode":true,"campfire_choices":[{"data":"Pommel Strike","floor":11,"key":"SMITH"},{"floor":13,"key":"REST"},{"data":"Inflame","floor":15,"key":"SMITH"},{"data":"Uppercut","floor":23,"key":"SMITH"},{"data":"Double Tap","floor":27,"key":"SMITH"},{"data":"Cleave","floor":30,"key":"SMITH"},{"data":"Strike_R","floor":32,"key":"SMITH"},{"data":"Inflame","floor":40,"key":"SMITH"},{"floor":45,"key":"REST"},{"data":"Defend_R","floor":47,"key":"SMITH"},{"floor":49,"key":"REST"}],"neow_cost":"NONE","seed_source_timestamp":6137794571771,"circlet_count":0,"master_deck":["AscendersBane","Strike_R+1","Strike_R+1","Strike_R+1","Strike_R+1","Strike_R+1","Defend_R+1","Defend_R","Defend_R+1","Bash+1","Cleave+1","Pommel Strike+1","Double Tap+1","Inflame+1","Offering","Uppercut+1","Cleave+1","Madness","Madness","Inflame+1","Headbutt+1","Parasite"],"relics":["Burning Blood","Red Skull","Bronze Scales","Pen Nib","Bird Faced Urn","Odd Mushroom","Runic Pyramid","MutagenicStrength","Lee\u0027s Waffle","Self Forming Clay","Membership Card","Pantograph","Bag of Preparation","Velvet Choker","Whetstone","Toy Ornithopter","Turnip","Champion Belt","Dodecahedron","Bottled Flame"],"potions_floor_usage":[8,10,16,20,39,44,50],"damage_taken":[{"damage":10,"enemies":"2 Louse","floor":1,"turns":4},{"damage":32,"enemies":"Gremlin Nob","floor":6,"turns":4},{"damage":0,"enemies":"Small Slimes","floor":7,"turns":3},{"damage":2,"enemies":"3 Sentries","floor":8,"turns":4},{"damage":24,"enemies":"Lagavulin","floor":10,"turns":4},{"damage":8,"enemies":"The Mushroom Lair","floor":12,"turns":3},{"damage":7,"enemies":"Jaw Worm","floor":14,"turns":2},{"damage":33,"enemies":"The Guardian","floor":16,"turns":8},{"damage":8,"enemies":"Chosen","floor":18,"turns":4},{"damage":11,"enemies":"2 Thieves","floor":20,"turns":4},{"damage":6,"enemies":"Gremlin Leader","floor":24,"turns":3},{"damage":30,"enemies":"Snake Plant","floor":28,"turns":2},{"damage":18,"enemies":"Chosen and Byrds","floor":29,"turns":3},{"damage":6,"enemies":"Cultist and Chosen","floor":31,"turns":3},{"damage":47,"enemies":"Collector","floor":33,"turns":6},{"damage":6,"enemies":"Orb Walker","floor":35,"turns":2},{"damage":2,"enemies":"3 Shapes","floor":37,"turns":4},{"damage":26,"enemies":"Mind Bloom Boss Battle","floor":39,"turns":4},{"damage":20,"enemies":"Reptomancer","floor":42,"turns":5},{"damage":30,"enemies":"Nemesis","floor":44,"turns":3},{"damage":8,"enemies":"Writhing Mass","floor":46,"turns":4},{"damage":27,"enemies":"3 Darklings","floor":48,"turns":2},{"damage":94,"enemies":"Time Eater","floor":50,"turns":8}],"seed_played":"-6422990008888989063","potions_obtained":[{"floor":1,"key":"Swift Potion"},{"floor":6,"key":"AttackPotion"},{"floor":12,"key":"Explosive Potion"},{"floor":16,"key":"SpeedPotion"},{"floor":31,"key":"Swift Potion"},{"floor":33,"key":"Energy Potion"},{"floor":35,"key":"LiquidBronze"},{"floor":39,"key":"SpeedPotion"},{"floor":48,"key":"LiquidBronze"}],"is_trial":false,"path_per_floor":["M","?","?","?","?","E","M","E","T","E","R","?","R","M","R","B",null,"M","?","M","$","?","R","E","$","T","R","M","M","R","M","R","B",null,"M","?","M","$","?","R","$","E","T","E","R","M","R","M","R","B",null],"character_chosen":"IRONCLAD","items_purchased":["Lee\u0027s Waffle","Membership Card","Pantograph","Inflame","Whetstone","Toy Ornithopter","SteroidPotion"],"campfire_rested":3,"item_purchase_floors":[21,25,25,38,38,38,38],"current_hp_per_floor":[68,73,56,56,56,30,36,40,40,22,22,20,45,44,44,19,69,69,69,64,92,92,92,92,92,92,92,70,60,60,62,62,48,81,83,71,77,77,72,72,72,60,60,43,70,70,70,49,76,11],"gold":153,"neow_bonus":"UPGRADE_CARD","is_prod":false,"is_daily":false,"chose_seed":false,"campfire_upgraded":8,"win_rate":0,"timestamp":1551952470,"path_taken":["M","?","?","?","?","E","?","E","T","E","R","?","R","M","R","BOSS","M","?","M","$","?","R","E","$","T","R","M","M","R","M","R","BOSS","M","?","M","$","?","R","?","E","T","E","R","?","R","M","R","BOSS"],"build_version":"2019-01-23","purchased_purges":1,"victory":true,"max_hp_per_floor":[80,85,85,85,85,85,85,85,85,85,85,85,85,85,85,85,85,85,85,85,92,92,92,92,92,92,92,92,92,92,92,92,92,92,92,92,92,92,92,92,92,92,92,92,92,92,92,92,92,92],"card_choices":[{"not_picked":["Reckless Charge","Entrench","Havoc"],"picked":"SKIP","floor":1},{"not_picked":["Iron Wave","Impervious"],"picked":"Cleave","floor":6},{"not_picked":["Sever Soul","Armaments","Anger"],"picked":"SKIP","floor":7},{"not_picked":["Heavy Blade","Power Through"],"picked":"Pommel Strike","floor":8},{"not_picked":["Flex","Rupture","Thunderclap"],"picked":"SKIP","floor":10},{"not_picked":["Cleave","Seeing Red"],"picked":"Double Tap","floor":12},{"not_picked":["Burning Pact","Evolve"],"picked":"Inflame","floor":14},{"not_picked":["Impervious","Feed"],"picked":"Offering","floor":16},{"not_picked":["Anger","Cleave"],"picked":"Uppercut","floor":18},{"not_picked":["Wild Strike","Second Wind+1","Iron Wave"],"picked":"SKIP","floor":20},{"not_picked":["Iron Wave","Warcry"],"picked":"Cleave+1","floor":24},{"not_picked":["Clash","Burning Pact","Power Through"],"picked":"SKIP","floor":28},{"not_picked":["Cleave","Warcry","Heavy Blade"],"picked":"SKIP","floor":29},{"not_picked":["Clash+1","Infernal Blade","Thunderclap"],"picked":"SKIP","floor":31},{"not_picked":["Burning Pact","Sword Boomerang+1","Armaments+1"],"picked":"SKIP","floor":35},{"not_picked":["Seeing Red","Clash","Flex"],"picked":"SKIP","floor":37},{"not_picked":["Blood for Blood","Entrench+1"],"picked":"Headbutt+1","floor":39},{"not_picked":["Uppercut","Thunderclap","Carnage"],"picked":"SKIP","floor":42},{"not_picked":["Heavy Blade+1","Shrug It Off","Pummel"],"picked":"SKIP","floor":44},{"not_picked":["Thunderclap","Havoc","Rupture+1"],"picked":"SKIP","floor":46},{"not_picked":["Warcry","Body Slam","Sword Boomerang"],"picked":"SKIP","floor":48}],"player_experience":244306,"relics_obtained":[{"floor":6,"key":"Red Skull"},{"floor":8,"key":"Bronze Scales"},{"floor":9,"key":"Pen Nib"},{"floor":10,"key":"Bird Faced Urn"},{"floor":12,"key":"Odd Mushroom"},{"floor":24,"key":"Self Forming Clay"},{"floor":26,"key":"Bag of Preparation"},{"floor":39,"key":"Turnip"},{"floor":42,"key":"Champion Belt"},{"floor":43,"key":"Dodecahedron"},{"floor":44,"key":"Bottled Flame"}],"event_choices":[{"damage_healed":0,"gold_gain":0,"player_choice":"Donut","damage_taken":0,"max_hp_gain":5,"max_hp_loss":0,"event_name":"Big Fish","floor":2,"gold_loss":0},{"damage_healed":0,"gold_gain":0,"player_choice":"Entered Light","damage_taken":17,"max_hp_gain":0,"max_hp_loss":0,"event_name":"Shining Light","floor":3,"gold_loss":0,"cards_upgraded":["Defend_R","Strike_R"]},{"damage_healed":0,"gold_gain":0,"player_choice":"Grow","damage_taken":0,"max_hp_gain":0,"max_hp_loss":0,"event_name":"Living Wall","floor":4,"gold_loss":0,"cards_upgraded":["Strike_R"]},{"damage_healed":0,"gold_gain":66,"player_choice":"Gained Gold","damage_taken":0,"max_hp_gain":0,"max_hp_loss":0,"event_name":"Golden Wing","floor":5,"gold_loss":0},{"damage_healed":0,"gold_gain":0,"player_choice":"Fought Mushrooms","damage_taken":0,"max_hp_gain":0,"max_hp_loss":0,"event_name":"Mushrooms","floor":12,"gold_loss":0},{"damage_healed":0,"gold_gain":0,"player_choice":"Inject Mutagens","damage_taken":0,"relics_obtained":["MutagenicStrength"],"max_hp_gain":0,"max_hp_loss":0,"event_name":"Drug Dealer","floor":19,"gold_loss":0},{"damage_healed":0,"gold_gain":0,"player_choice":"Ignored","damage_taken":0,"max_hp_gain":0,"max_hp_loss":0,"event_name":"Beggar","floor":22,"gold_loss":0},{"damage_healed":0,"gold_gain":0,"player_choice":"Embrace Madness","damage_taken":12,"max_hp_gain":0,"max_hp_loss":0,"event_name":"Winding Halls","floor":36,"gold_loss":0,"cards_obtained":["Madness","Madness"]},{"damage_healed":0,"gold_gain":0,"player_choice":"Fight","damage_taken":0,"max_hp_gain":0,"max_hp_loss":0,"event_name":"MindBloom","floor":39,"gold_loss":0}],"is_beta":false,"boss_relics":[{"not_picked":["Eternal Feather","Black Blood"],"picked":"Runic Pyramid"},{"not_picked":["Calling Bell","Cursed Key"],"picked":"Velvet Choker"}],"items_purged_floors":[41],"is_endless":false,"potions_floor_spawned":[1,6,12,16,31,33,35,39,42,48],"ascension_level":12}