{"gold_per_floor":[116,131,147,165,180,180,180,180,229,106,120,120,138,157,157,257,257,268,268,268,286,302,334,345,345],"floor_reached":25,"playtime":4061,"items_purged":["Strike_G"],"score":219,"play_id":"15fa2c72-082e-45cc-8dae-a1a3f4a66ca5","local_time":"20190301194308","is_ascension_mode":false,"campfire_choices":[{"floor":7,"key":"REST"},{"data":"Well Laid Plans","floor":15,"key":"SMITH"}],"neow_cost":"NONE","seed_source_timestamp":7189657738848,"circlet_count":0,"master_deck":["Defend_G","Defend_G","Defend_G+1","Defend_G","Defend_G","Strike_G","Strike_G","Strike_G+1","Strike_G","Survivor","Neutralize","Sucker Punch","Flying Knee","Outmaneuver","Backflip","Expertise","Acrobatics","Endless Agony","Well Laid Plans+1","After Image+1","Prepared+1","RitualDagger","Prepared","Burst","Quick Slash+1","PiercingWail"],"relics":["Ring of the Snake","Shuriken","Anchor","Philosopher\u0027s Stone","Blood Vial"],"potions_floor_usage":[],"damage_taken":[{"damage":2,"enemies":"Cultist","floor":1,"turns":6},{"damage":0,"enemies":"2 Louse","floor":2,"turns":3},{"damage":0,"enemies":"Jaw Worm","floor":3,"turns":4},{"damage":3,"enemies":"Red Slaver","floor":4,"turns":5},{"damage":0,"enemies":"2 Fungi Beasts","floor":5,"turns":4},{"damage":0,"enemies":"Blue Slaver","floor":11,"turns":3},{"damage":10,"enemies":"Lots of Slimes","floor":13,"turns":4},{"damage":0,"enemies":"Looter","floor":14,"turns":3},{"damage":31,"enemies":"Hexaghost","floor":16,"turns":15},{"damage":6,"enemies":"Shell Parasite","floor":18,"turns":7},{"damage":10,"enemies":"Spheric Guardian","floor":21,"turns":5},{"damage":2,"enemies":"Chosen and Byrds","floor":22,"turns":9},{"damage":33,"enemies":"Gremlin Leader","floor":23,"turns":8},{"damage":15,"enemies":"Snecko","floor":24,"turns":8},{"damage":12,"enemies":"Sentry and Sphere","floor":25,"turns":3}],"seed_played":"1414723399628016971","potions_obtained":[{"floor":2,"key":"EssenceOfSteel"},{"floor":5,"key":"GhostInAJar"},{"floor":13,"key":"GamblersBrew"},{"floor":14,"key":"Energy Potion"},{"floor":16,"key":"Weak Potion"},{"floor":21,"key":"Poison Potion"}],"is_trial":false,"path_per_floor":["M","M","M","M","M","?","R","?","T","$","M","?","M","M","R","B",null,"M","?","?","M","M","E","M","M"],"character_chosen":"THE_SILENT","items_purchased":["Acrobatics"],"campfire_rested":1,"item_purchase_floors":[10],"current_hp_per_floor":[75,75,75,72,72,57,77,74,74,74,74,74,64,64,64,33,77,71,65,65,55,53,20,7,0],"gold":345,"neow_bonus":"TEN_PERCENT_HP_BONUS","is_prod":false,"is_daily":false,"chose_seed":false,"campfire_upgraded":1,"win_rate":0.0,"timestamp":1551490988,"path_taken":["M","?","M","M","M","?","R","?","T","?","?","?","M","M","R","BOSS","M","?","?","?","M","E","M","M"],"build_version":"2019-01-23","purchased_purges":1,"victory":false,"max_hp_per_floor":[77,77,77,77,77,77,77,77,77,77,77,77,77,77,77,77,77,77,77,77,77,77,77,77,77],"card_choices":[{"not_picked":["Outmaneuver","Deflect"],"picked":"Sucker Punch","floor":1},{"not_picked":["Slice","PiercingWail"],"picked":"Flying Knee","floor":2},{"not_picked":["PiercingWail","Flechettes"],"picked":"Outmaneuver","floor":3},{"not_picked":["Riddle With Holes","Deadly Poison"],"picked":"Backflip","floor":4},{"not_picked":["Dodge and Roll","Choke"],"picked":"Expertise","floor":5},{"not_picked":["Sucker Punch","Outmaneuver","Poisoned Stab"],"picked":"SKIP","floor":11},{"not_picked":["Acrobatics","Sucker Punch"],"picked":"Endless Agony","floor":13},{"not_picked":["Acrobatics","Venomology"],"picked":"Well Laid Plans","floor":14},{"not_picked":["Bullet Time","Glass Knife"],"picked":"After Image","floor":16},{"not_picked":["Blur","Deflect"],"picked":"Prepared+1","floor":18},{"not_picked":["Deflect+1","Heel Hook"],"picked":"Prepared","floor":21},{"not_picked":["Poisoned Stab","Flying Knee"],"picked":"Burst","floor":22},{"not_picked":["Outmaneuver","Backflip+1"],"picked":"Quick Slash+1","floor":23},{"not_picked":["Acrobatics+1","Riddle With Holes"],"picked":"PiercingWail","floor":24}],"player_experience":1530,"relics_obtained":[{"floor":9,"key":"Anchor"},{"floor":23,"key":"Blood Vial"}],"event_choices":[{"damage_healed":0,"gold_gain":0,"player_choice":"Entered Light","damage_taken":15,"max_hp_gain":0,"max_hp_loss":0,"event_name":"Shining Light","floor":6,"gold_loss":0,"cards_upgraded":["Defend_G","Strike_G"]},{"damage_healed":0,"gold_gain":0,"player_choice":"Success","damage_taken":3,"relics_obtained":["Shuriken"],"max_hp_gain":0,"max_hp_loss":0,"event_name":"Scrap Ooze","floor":8,"gold_loss":0},{"damage_healed":0,"gold_gain":0,"player_choice":"Ignored","damage_taken":0,"max_hp_gain":0,"max_hp_loss":0,"event_name":"Liars Game","floor":12,"gold_loss":0},{"damage_healed":0,"gold_gain":0,"player_choice":"Joined the Cult","damage_taken":6,"max_hp_gain":0,"max_hp_loss":0,"event_name":"Nest","floor":19,"gold_loss":0,"cards_obtained":["RitualDagger"]},{"damage_healed":0,"gold_gain":0,"player_choice":"Upgraded","damage_taken":0,"max_hp_gain":0,"max_hp_loss":0,"event_name":"Upgrade Shrine","floor":20,"gold_loss":0,"cards_upgraded":["After Image"]}],"is_beta":false,"boss_relics":[{"not_picked":["WristBlade","Orrery"],"picked":"Philosopher\u0027s Stone"}],"items_purged_floors":[10],"is_endless":false,"potions_floor_spawned":[2,5,13,14,16,21],"killed_by":"Sentry and Sphere","ascension_level":0}