{"gold_per_floor":[17,17,33,33,57,57,73,73,73,1,45,60,104,127,127,255,255,270,270,290,313,58,97,97,120,174,214,214,4,23,42,42,162,162,178,199,199,199],"floor_reached":38,"playtime":2054,"items_purged":[],"score":621,"play_id":"d9c06263-2b60-4a81-8a83-741b82c78297","local_time":"20181101192823","is_ascension_mode":true,"campfire_choices":[{"data":"Zap","floor":6.0,"key":"SMITH"},{"data":"Double Energy","floor":8.0,"key":"SMITH"},{"data":"Darkness","floor":15.0,"key":"SMITH"},{"floor":24.0,"key":"REST"},{"data":"Fission","floor":28.0,"key":"SMITH"},{"floor":32,"key":"REST"}],"neow_cost":"NO_GOLD","seed_source_timestamp":273047957279919,"circlet_count":0,"master_deck":["Defend_B","Defend_B","Defend_B","Zap+1","Dualcast","BootSequence","Doom and Gloom","Double Energy+1","Compile Driver","Cold Snap","Glacier","Self Repair","Rebound","Darkness+1","Fission+1","Steam+1","All For One+1","Skim+1","White Noise+1","Coolheaded","Capacitor+1","Chill","Defragment+1","Ball Lightning+1","Thunder Strike","Compile Driver"],"special_seed":0,"relics":["Cracked Core","Golden Idol","Omamori","Gremlin Horn","DataDisk","Astrolabe","Cables","Pantograph","PreservedInsect","Incense Burner","Runic Capacitor","Nuclear Battery"],"potions_floor_usage":[36],"damage_taken":[{"damage":0.0,"enemies":"Cultist","floor":1.0,"turns":3.0},{"damage":0.0,"enemies":"Jaw Worm","floor":3.0,"turns":3.0},{"damage":0.0,"enemies":"2 Louse","floor":5.0,"turns":2.0},{"damage":0.0,"enemies":"Exordium Wildlife","floor":7.0,"turns":2.0},{"damage":9.0,"enemies":"Lagavulin","floor":11.0,"turns":7.0},{"damage":4.0,"enemies":"Red Slaver","floor":12.0,"turns":3.0},{"damage":21.0,"enemies":"3 Sentries","floor":13.0,"turns":6.0},{"damage":0.0,"enemies":"2 Fungi Beasts","floor":14.0,"turns":2.0},{"damage":21.0,"enemies":"Hexaghost","floor":16.0,"turns":6.0},{"damage":0.0,"enemies":"Chosen","floor":18.0,"turns":3.0},{"damage":10.0,"enemies":"2 Thieves","floor":20.0,"turns":3.0},{"damage":22.0,"enemies":"Chosen and Byrds","floor":21.0,"turns":5.0},{"damage":9.0,"enemies":"Book of Stabbing","floor":23.0,"turns":5.0},{"damage":14.0,"enemies":"Shelled Parasite and Fungi","floor":25.0,"turns":4.0},{"damage":18.0,"enemies":"Slavers","floor":27.0,"turns":3.0},{"damage":8.0,"enemies":"Centurion and Healer","floor":30.0,"turns":4.0},{"damage":0.0,"enemies":"3 Cultists","floor":31.0,"turns":3.0},{"damage":46,"enemies":"Automaton","floor":33,"turns":7},{"damage":44,"enemies":"3 Darklings","floor":35,"turns":4},{"damage":22,"enemies":"3 Shapes","floor":36,"turns":2},{"damage":27,"enemies":"Writhing Mass","floor":38,"turns":3}],"seed_played":"6348523512955666450","potions_obtained":[{"floor":3.0,"key":"Dexterity Potion"},{"floor":5.0,"key":"SteroidPotion"},{"floor":13.0,"key":"FocusPotion"},{"floor":16.0,"key":"GamblersBrew"},{"floor":21.0,"key":"Weak Potion"},{"floor":27.0,"key":"SpeedPotion"},{"floor":31.0,"key":"Weak Potion"},{"floor":33,"key":"SteroidPotion"}],"is_trial":false,"path_per_floor":["M","?","M","?","M","R","M","R","T","$","E","M","E","M","R","B",null,"M","?","M","M","$","E","R","M","T","E","R","$","M","M","R","B",null,"M","M","?"],"character_chosen":"DEFECT","items_purchased":["Self Repair","Cables","Runic Capacitor"],"campfire_rested":2,"item_purchase_floors":[10,22,29],"current_hp_per_floor":[68,50,50,75,75,75,75,75,75,75,73,75,61,68,68,54,70,70,70,60,45,45,36,58,44,44,33,33,33,32,32,54,36,65,28,6,6,0],"gold":199,"neow_bonus":"TRANSFORM_TWO_CARDS","is_prod":false,"is_daily":false,"chose_seed":false,"campfire_upgraded":4,"win_rate":0,"timestamp":1541114903,"path_taken":["M","?","M","?","?","R","M","R","T","$","E","M","E","M","R","BOSS","M","?","M","M","$","E","R","M","T","E","R","?","M","M","R","BOSS","M","?","?","M"],"build_version":"2018-10-25v2","purchased_purges":0,"victory":false,"max_hp_per_floor":[75,75,75,75,75,75,75,75,75,75,75,75,75,75,75,75,75,75,75,75,75,75,75,75,75,75,75,75,75,75,75,75,75,75,75,75,71,71],"card_choices":[{"not_picked":["Rebound","Static Discharge"],"picked":"Double Energy","floor":1.0},{"not_picked":["Reinforced Body","Capacitor"],"picked":"Compile Driver","floor":3.0},{"not_picked":["Beam Cell","Steam"],"picked":"Cold Snap","floor":5.0},{"not_picked":["Beam Cell","Hologram"],"picked":"Glacier","floor":7.0},{"not_picked":["Hologram","Stack","Leap"],"picked":"SKIP","floor":11.0},{"not_picked":["Hyperbeam","Barrage"],"picked":"Rebound","floor":12.0},{"not_picked":["Beam Cell","Barrage","Scrape"],"picked":"SKIP","floor":13.0},{"not_picked":["Compile Driver","Gash"],"picked":"Darkness","floor":14.0},{"not_picked":["Creative AI","All For One"],"picked":"Fission","floor":16.0},{"not_picked":["Coolheaded+1","Darkness"],"picked":"White Noise+1","floor":18.0},{"not_picked":["Rebound","Scrape","Undo+1"],"picked":"SKIP","floor":20.0},{"not_picked":["Auto Shields","Beam Cell"],"picked":"Coolheaded","floor":21.0},{"not_picked":["Consume","Turbo","Hologram"],"picked":"SKIP","floor":23.0},{"not_picked":["Double Energy","Beam Cell+1"],"picked":"Capacitor+1","floor":25.0},{"not_picked":["Meteor Strike","Ball Lightning"],"picked":"Chill","floor":27.0},{"not_picked":["Undo","Genetic Algorithm+1"],"picked":"Defragment+1","floor":30.0},{"not_picked":["Blizzard","Lockon+1"],"picked":"Ball Lightning+1","floor":31.0},{"not_picked":["Hyperbeam","Biased Cognition"],"picked":"Thunder Strike","floor":33},{"not_picked":["Sunder","Fusion"],"picked":"Compile Driver","floor":35},{"not_picked":["Scrape","Reinforced Body+1","Melter"],"picked":"SKIP","floor":36}],"player_experience":140815,"relics_obtained":[{"floor":9.0,"key":"Omamori"},{"floor":11.0,"key":"Gremlin Horn"},{"floor":13.0,"key":"DataDisk"},{"floor":23.0,"key":"Pantograph"},{"floor":26.0,"key":"PreservedInsect"},{"floor":27.0,"key":"Incense Burner"}],"event_choices":[{"damage_healed":0.0,"max_hp_gain":0.0,"max_hp_loss":0.0,"gold_gain":0.0,"event_name":"Golden Idol","player_choice":"Take Damage","floor":2.0,"gold_loss":0.0,"damage_taken":18.0,"relics_obtained":["Golden Idol"]},{"damage_healed":25.0,"max_hp_gain":0.0,"max_hp_loss":0.0,"gold_gain":0.0,"event_name":"Big Fish","player_choice":"Banana","floor":4.0,"gold_loss":0.0,"damage_taken":0.0},{"damage_healed":0.0,"max_hp_gain":0.0,"max_hp_loss":0.0,"gold_gain":0.0,"event_name":"Match and Keep!","player_choice":"0 cards matched","floor":19.0,"gold_loss":0.0,"damage_taken":0.0,"cards_obtained":[]},{"damage_healed":0,"gold_gain":0,"player_choice":"Max HP","damage_taken":0,"max_hp_gain":0,"max_hp_loss":4,"event_name":"Winding Halls","floor":37,"gold_loss":0}],"is_beta":false,"boss_relics":[{"not_picked":["Coffee Dripper","Cursed Key"],"picked":"Astrolabe"},{"not_picked":["Calling Bell","Tiny House"],"picked":"Nuclear Battery"}],"items_purged_floors":[],"is_endless":false,"potions_floor_spawned":[3,5,13,14,16,18,21,27,31,33,35],"killed_by":"Writhing Mass","ascension_level":9}