{"gold_per_floor":[109,124,124,136,101,129,129,141,194,194,38,57,69,83,83,83],"floor_reached":16,"playtime":804,"items_purged":[],"score":130,"play_id":"d0404028-a7f1-4e4a-8e0b-f28cae24d84a","local_time":"20190307041013","is_ascension_mode":true,"campfire_choices":[{"data":"Hologram","floor":7,"key":"SMITH"},{"floor":10,"key":"REST"},{"floor":15,"key":"REST"}],"neow_cost":"PERCENT_DAMAGE","seed_source_timestamp":8724322199108,"circlet_count":0,"master_deck":["Strike_B","Strike_B","Strike_B","Strike_B","Defend_B","Defend_B+1","Defend_B+1","Defend_B","Zap","Dualcast","Hologram+1","Capacitor","Hologram","Coolheaded","Seek","Cold Snap"],"relics":["Cracked Core","Ginger","Gremlin Horn","War Paint"],"potions_floor_usage":[8,16,16,16],"damage_taken":[{"damage":2,"enemies":"Jaw Worm","floor":1,"turns":3},{"damage":1,"enemies":"Cultist","floor":2,"turns":3},{"damage":0,"enemies":"2 Louse","floor":4,"turns":3},{"damage":52,"enemies":"Lagavulin","floor":6,"turns":8},{"damage":8,"enemies":"Large Slime","floor":8,"turns":7},{"damage":7,"enemies":"3 Louse","floor":12,"turns":2},{"damage":1,"enemies":"Blue Slaver","floor":13,"turns":5},{"damage":0,"enemies":"2 Fungi Beasts","floor":14,"turns":4},{"damage":48,"enemies":"Slime Boss","floor":16,"turns":9}],"seed_played":"-406143188051083141","potions_obtained":[{"floor":2,"key":"Ancient Potion"},{"floor":4,"key":"Energy Potion"},{"floor":8,"key":"LiquidBronze"},{"floor":13,"key":"AttackPotion"}],"is_trial":false,"path_per_floor":["M","M","?","M","?","E","R","M","T","R","$","M","M","M","R","B"],"character_chosen":"DEFECT","items_purchased":["Seek"],"campfire_rested":2,"item_purchase_floors":[11],"current_hp_per_floor":[52,51,51,51,69,17,17,9,9,31,31,24,23,23,45,0],"gold":83,"neow_bonus":"ONE_RARE_RELIC","is_prod":false,"is_daily":false,"chose_seed":false,"campfire_upgraded":1,"win_rate":0,"timestamp":1551953413,"path_taken":["M","M","?","?","?","E","R","M","T","R","$","M","M","M","R","BOSS"],"build_version":"2019-01-23","purchased_purges":0,"victory":false,"max_hp_per_floor":[75,75,75,75,75,75,75,75,75,75,75,75,75,75,75,75],"card_choices":[{"not_picked":["Sweeping Beam","Barrage"],"picked":"Hologram","floor":1},{"not_picked":["Rebound","FTL"],"picked":"Capacitor","floor":2},{"not_picked":["Redo","Stack","Sweeping Beam"],"picked":"SKIP","floor":4},{"not_picked":["Steam","Compile Driver"],"picked":"Hologram","floor":6},{"not_picked":["Sweeping Beam","Rebound"],"picked":"Coolheaded","floor":8},{"not_picked":["Steam","Loop"],"picked":"Cold Snap","floor":12},{"not_picked":["Turbo","Streamline","Sweeping Beam"],"picked":"SKIP","floor":13},{"not_picked":["Fusion","Sunder","Compile Driver"],"picked":"SKIP","floor":14}],"player_experience":246742,"relics_obtained":[{"floor":6,"key":"Gremlin Horn"},{"floor":9,"key":"War Paint"}],"event_choices":[{"damage_healed":0,"gold_gain":0,"player_choice":"Bought 0 Potions","damage_taken":0,"max_hp_gain":0,"max_hp_loss":0,"event_name":"The Woman in Blue","floor":3,"gold_loss":0},{"damage_healed":18,"gold_gain":0,"player_choice":"Healed","damage_taken":0,"max_hp_gain":0,"max_hp_loss":0,"event_name":"The Cleric","floor":5,"gold_loss":35}],"is_beta":false,"boss_relics":[],"items_purged_floors":[],"is_endless":false,"potions_floor_spawned":[2,4,8,13],"killed_by":"Slime Boss","ascension_level":5}