{"gold_per_floor":[316,329,329,47,62,62,80,28,28,54,54,54,67,94,94,94],"floor_reached":16,"playtime":1890,"items_purged":[],"score":116,"play_id":"a08f213b-905a-431b-9863-12bea2e16433","local_time":"20190201114900","is_ascension_mode":true,"campfire_choices":[{"data":"Secret Weapon","floor":6.0,"key":"SMITH"},{"data":"True Grit","floor":11,"key":"SMITH"},{"data":"True Grit","floor":12,"key":"SMITH"},{"data":"Defend_R","floor":15,"key":"SMITH"}],"neow_cost":"NO_GOLD","seed_source_timestamp":0,"circlet_count":0,"master_deck":["Strike_R","Strike_R","Strike_R","Strike_R","Strike_R","Defend_R","Defend_R","Defend_R","Defend_R+1","Bash","True Grit+1","True Grit+1","Secret Weapon+1","Flash of Steel","Pommel Strike","Iron Wave","Iron Wave","Cleave","Shockwave"],"special_seed":0,"relics":["Burning Blood","Old Coin","WingedGreaves","Unceasing Top","Ornamental Fan"],"potions_floor_usage":[16,16,16],"damage_taken":[{"damage":6.0,"enemies":"2 Louse","floor":1.0,"turns":4.0},{"damage":3.0,"enemies":"Cultist","floor":2.0,"turns":4.0},{"damage":6.0,"enemies":"Jaw Worm","floor":5.0,"turns":3.0},{"damage":1.0,"enemies":"2 Fungi Beasts","floor":7.0,"turns":4.0},{"damage":40.0,"enemies":"3 Sentries","floor":10.0,"turns":11.0},{"damage":0,"enemies":"Looter","floor":13,"turns":3},{"damage":28,"enemies":"Lagavulin","floor":14,"turns":7},{"damage":42,"enemies":"Hexaghost","floor":16,"turns":16}],"seed_played":"1798858203147294627","potions_obtained":[{"floor":2.0,"key":"SpeedPotion"},{"floor":5.0,"key":"BloodPotion"},{"floor":7.0,"key":"Fire Potion"}],"is_trial":false,"path_per_floor":["M","M","?","$","M","R","M","$","T","E","R","R","M","E","R","B"],"character_chosen":"IRONCLAD","items_purchased":["Secret Weapon","Flash of Steel","Iron Wave"],"campfire_rested":0,"item_purchase_floors":[4,4,8],"current_hp_per_floor":[80,80,80,80,80,80,80,80,80,46,46,46,52,30,30,0],"gold":94,"neow_bonus":"ONE_RARE_RELIC","is_prod":false,"is_daily":false,"chose_seed":false,"campfire_upgraded":4,"win_rate":0,"timestamp":1549018140,"path_taken":["M","M","?","$","M","R","M","$","T","E","R","R","M","E","R","BOSS"],"build_version":"2019-01-23","purchased_purges":0,"victory":false,"max_hp_per_floor":[80,80,80,80,80,80,80,80,80,80,80,80,80,80,80,80],"card_choices":[{"not_picked":["Sword Boomerang","Clothesline"],"picked":"True Grit","floor":1.0},{"not_picked":["Rupture","Clash"],"picked":"True Grit","floor":2.0},{"not_picked":["Carnage","Body Slam"],"picked":"Pommel Strike","floor":5.0},{"not_picked":["Reckless Charge","Wild Strike"],"picked":"Iron Wave","floor":7.0},{"not_picked":["Fiend Fire","Evolve","Armaments"],"picked":"SKIP","floor":10.0},{"not_picked":["Seeing Red","Anger"],"picked":"Cleave","floor":13},{"not_picked":["Spot Weakness","Clothesline"],"picked":"Shockwave","floor":14}],"player_experience":29187,"relics_obtained":[{"floor":9.0,"key":"WingedGreaves"},{"floor":10.0,"key":"Unceasing Top"},{"floor":14,"key":"Ornamental Fan"}],"event_choices":[{"damage_healed":0.0,"max_hp_gain":0.0,"max_hp_loss":0.0,"gold_gain":0.0,"event_name":"Golden Wing","player_choice":"Ignored","floor":3.0,"gold_loss":0.0,"damage_taken":0.0}],"is_beta":false,"boss_relics":[],"items_purged_floors":[],"is_endless":false,"potions_floor_spawned":[2,5,7],"killed_by":"Hexaghost","ascension_level":1}