{"gold_per_floor":[112,127,141,141,153,182,182,182,182,182,208,228,228,239,239,239],"floor_reached":16,"playtime":680,"items_purged":[],"score":224,"play_id":"190ff024-3498-4508-bfff-e167ce7179f1","local_time":"20190219100508","is_ascension_mode":true,"campfire_choices":[{"floor":7,"key":"REST"},{"data":"Body Slam","floor":10,"key":"SMITH"},{"data":"Pommel Strike","floor":15,"key":"SMITH"}],"neow_cost":"PERCENT_DAMAGE","seed_source_timestamp":185588437520863,"circlet_count":0,"master_deck":["AscendersBane","Strike_R","Strike_R","Strike_R","Strike_R","Defend_R","Defend_R","Defend_R","Defend_R","Bash","Flame Barrier","Rampage","Body Slam+1","Shrug It Off","Shrug It Off","Evolve","Pommel Strike+1"],"relics":["Burning Blood","Ice Cream","Matryoshka","Lantern","Calipers","Oddly Smooth Stone","Darkstone Periapt","Blue Candle"],"potions_floor_usage":[6],"damage_taken":[{"damage":10,"enemies":"2 Louse","floor":1,"turns":3},{"damage":7,"enemies":"Jaw Worm","floor":2,"turns":3},{"damage":7,"enemies":"Small Slimes","floor":3,"turns":3},{"damage":0,"enemies":"3 Louse","floor":5,"turns":5},{"damage":39,"enemies":"Lagavulin","floor":6,"turns":8},{"damage":2,"enemies":"3 Sentries","floor":11,"turns":9},{"damage":0,"enemies":"Looter","floor":12,"turns":3},{"damage":0,"enemies":"Large Slime","floor":14,"turns":7},{"damage":56,"enemies":"Hexaghost","floor":16,"turns":9}],"seed_played":"6763622082393308614","potions_obtained":[{"floor":1,"key":"Weak Potion"},{"floor":12,"key":"Ancient Potion"},{"floor":14,"key":"Fire Potion"}],"is_trial":false,"path_per_floor":["M","M","M","?","M","E","R","T","T","R","E","M","?","M","R","B"],"character_chosen":"IRONCLAD","items_purchased":[],"campfire_rested":1,"item_purchase_floors":[],"current_hp_per_floor":[46,45,44,37,43,10,32,32,32,32,36,42,47,53,53,0],"gold":239,"neow_bonus":"ONE_RARE_RELIC","is_prod":false,"is_daily":false,"chose_seed":false,"campfire_upgraded":2,"win_rate":0,"timestamp":1550588708,"path_taken":["M","M","M","?","M","E","R","?","T","R","E","M","?","M","R","BOSS"],"build_version":"2019-01-23","purchased_purges":0,"victory":false,"max_hp_per_floor":[75,75,75,75,75,75,75,75,75,75,75,75,80,80,80,80],"card_choices":[{"not_picked":["Body Slam","Wild Strike"],"picked":"Flame Barrier","floor":1},{"not_picked":["Evolve","Disarm"],"picked":"Rampage","floor":2},{"not_picked":["Pummel","Searing Blow"],"picked":"Body Slam","floor":3},{"not_picked":["Wild Strike","Headbutt"],"picked":"Shrug It Off","floor":5},{"not_picked":["Metallicize","Clash"],"picked":"Shrug It Off","floor":6},{"not_picked":["Pummel","Fiend Fire"],"picked":"Evolve","floor":11},{"not_picked":["Iron Wave","Rampage"],"picked":"Pommel Strike","floor":12},{"not_picked":["Clash","Rupture","Anger"],"picked":"SKIP","floor":14}],"player_experience":670266,"relics_obtained":[{"floor":6,"key":"Matryoshka"},{"floor":8,"key":"Lantern"},{"floor":8,"key":"Calipers"},{"floor":9,"key":"Oddly Smooth Stone"},{"floor":9,"key":"Darkstone Periapt"},{"floor":11,"key":"Blue Candle"}],"event_choices":[{"cards_removed":["Strike_R"],"damage_healed":0,"gold_gain":0,"player_choice":"Card Removal","damage_taken":7,"max_hp_gain":0,"max_hp_loss":0,"event_name":"Golden Wing","floor":4,"gold_loss":0},{"damage_healed":0,"gold_gain":0,"player_choice":"Donut","damage_taken":0,"max_hp_gain":5,"max_hp_loss":0,"event_name":"Big Fish","floor":13,"gold_loss":0}],"is_beta":false,"boss_relics":[],"items_purged_floors":[],"is_endless":false,"potions_floor_spawned":[1,12,14],"killed_by":"Hexaghost","ascension_level":20}