{"gold_per_floor":[112,112,112,122,272,272,289,289,313,313,338,358,55,0,0,71,71,52,62,62],"floor_reached":20,"playtime":909,"items_purged":["Strike_B"],"score":344,"play_id":"939c9482-ea2c-47bf-84f1-310cb976115f","local_time":"20190223211653","is_ascension_mode":true,"campfire_choices":[{"data":"Compile Driver","floor":6,"key":"SMITH"},{"data":"Cold Snap","floor":8,"key":"SMITH"},{"data":"Rebound","floor":10,"key":"SMITH"},{"data":"Conserve Battery","floor":15,"key":"SMITH"}],"neow_cost":"TEN_PERCENT_HP_LOSS","seed_source_timestamp":2238602285300,"circlet_count":0,"master_deck":["AscendersBane","Strike_B","Strike_B","Strike_B","Defend_B","Defend_B","Defend_B","Defend_B","Zap+1","Dualcast","Rebound+1","Compile Driver+1","Doubt","Cold Snap+1","Sweeping Beam","Conserve Battery+1","Ball Lightning","Fission","BootSequence","Doom and Gloom"],"relics":["Cracked Core","Nunchaku","Potion Belt","Ginger","Strawberry","Darkstone Periapt","Black Star"],"potions_floor_usage":[11],"damage_taken":[{"damage":4,"enemies":"2 Louse","floor":1,"turns":3},{"damage":2,"enemies":"Jaw Worm","floor":4,"turns":3},{"damage":0,"enemies":"Small Slimes","floor":7,"turns":2},{"damage":6,"enemies":"Gremlin Nob","floor":11,"turns":3},{"damage":26,"enemies":"Exordium Wildlife","floor":12,"turns":3},{"damage":28,"enemies":"The Guardian","floor":16,"turns":13},{"damage":19,"enemies":"2 Thieves","floor":18,"turns":5},{"damage":29,"enemies":"3 Byrds","floor":19,"turns":8},{"damage":12,"enemies":"Sentry and Sphere","floor":20,"turns":3}],"seed_played":"8480752568958906911","potions_obtained":[{"floor":1,"key":"FearPotion"},{"floor":11,"key":"FocusPotion"},{"floor":16,"key":"Strength Potion"}],"is_trial":false,"path_per_floor":["M","?","?","M","?","R","M","R","T","R","E","M","$","?","R","B",null,"M","M","M"],"character_chosen":"DEFECT","items_purchased":["Strawberry","Ball Lightning"],"campfire_rested":0,"item_purchase_floors":[13,13],"current_hp_per_floor":[60,65,65,63,63,63,63,63,63,63,57,31,38,38,38,10,60,41,12,0],"gold":62,"neow_bonus":"ONE_RARE_RELIC","is_prod":false,"is_daily":false,"chose_seed":false,"campfire_upgraded":4,"win_rate":0,"timestamp":1550974613,"path_taken":["M","?","?","M","?","R","M","R","T","R","E","M","$","?","R","BOSS","M","M","?"],"build_version":"2019-01-23","purchased_purges":1,"victory":false,"max_hp_per_floor":[64,69,69,69,69,69,69,69,69,69,69,69,76,76,76,76,76,76,76,76],"card_choices":[{"not_picked":["Double Energy","Chaos"],"picked":"Rebound","floor":1},{"not_picked":["Aggregate","Hologram"],"picked":"Compile Driver","floor":4},{"not_picked":["Rebound","Turbo"],"picked":"Cold Snap","floor":7},{"not_picked":["Barrage","Gash"],"picked":"Sweeping Beam","floor":11},{"not_picked":["Go for the Eyes","White Noise"],"picked":"Conserve Battery","floor":12},{"not_picked":["Meteor Strike","All For One"],"picked":"Fission","floor":16},{"not_picked":["Beam Cell","Streamline+1"],"picked":"BootSequence","floor":18},{"not_picked":["Reinforced Body","Go for the Eyes"],"picked":"Doom and Gloom","floor":19}],"player_experience":705514,"relics_obtained":[{"floor":9,"key":"Potion Belt"},{"floor":11,"key":"Ginger"}],"event_choices":[{"damage_healed":0,"gold_gain":0,"player_choice":"Donut","damage_taken":0,"max_hp_gain":5,"max_hp_loss":0,"event_name":"Big Fish","floor":2,"gold_loss":0},{"damage_healed":0,"gold_gain":0,"player_choice":"Grow","damage_taken":0,"max_hp_gain":0,"max_hp_loss":0,"event_name":"Living Wall","floor":3,"gold_loss":0,"cards_upgraded":["Zap"]},{"damage_healed":0,"gold_gain":150,"player_choice":"AGREE","damage_taken":0,"max_hp_gain":0,"max_hp_loss":0,"event_name":"Liars Game","floor":5,"gold_loss":0,"cards_obtained":["Doubt"]},{"damage_healed":0,"gold_gain":0,"player_choice":"Paid Gold","damage_taken":0,"relics_obtained":["Darkstone Periapt"],"max_hp_gain":0,"max_hp_loss":0,"event_name":"WeMeetAgain","floor":14,"gold_loss":55}],"is_beta":false,"boss_relics":[{"not_picked":["Coffee Dripper","Fusion Hammer"],"picked":"Black Star"}],"items_purged_floors":[13],"is_endless":false,"potions_floor_spawned":[1,11,16],"killed_by":"Sentry and Sphere","ascension_level":20}