{"gold_per_floor":[119,119,12,87,97,97,127,127,127,146,175,186,186,198,198,269,269,281,300,3,21,32,32,66,84,110,110],"floor_reached":27,"playtime":1127,"items_purged":["Regret"],"score":466,"play_id":"ae2e793f-f5e9-4834-8eaf-5402278fdd84","local_time":"20181104220158","is_ascension_mode":true,"campfire_choices":[{"data":"Zap","floor":6,"key":"SMITH"},{"floor":8,"key":"REST"},{"data":"Dualcast","floor":13,"key":"SMITH"},{"floor":15,"key":"REST"},{"floor":23,"key":"REST"}],"neow_cost":"PERCENT_DAMAGE","seed_source_timestamp":123530028808549,"circlet_count":0,"master_deck":["AscendersBane","Strike_B","Strike_B","Strike_B","Defend_B","Defend_B","Defend_B","Defend_B","Zap+1","Dualcast+1","Doom and Gloom","Flash of Steel","Cold Snap","Glacier","Electrodynamics","Clumsy","Writhe","Compile Driver","Loop+1","Chill","Glacier"],"relics":["Cracked Core","Oddly Smooth Stone","Vajra","Letter Opener","Calling Bell","Bronze Scales","Frozen Egg 2","Incense Burner","ClockworkSouvenir","Mummified Hand","Strawberry"],"potions_floor_usage":[16,18,18,21,25,27],"damage_taken":[{"damage":2,"enemies":"Jaw Worm","floor":1,"turns":4},{"damage":1,"enemies":"Cultist","floor":5,"turns":4},{"damage":30,"enemies":"Gremlin Nob","floor":7,"turns":4},{"damage":2,"enemies":"Small Slimes","floor":10,"turns":3},{"damage":7,"enemies":"Lagavulin","floor":11,"turns":7},{"damage":4,"enemies":"Exordium Wildlife","floor":12,"turns":4},{"damage":0,"enemies":"2 Fungi Beasts","floor":14,"turns":2},{"damage":47,"enemies":"Hexaghost","floor":16,"turns":14},{"damage":16,"enemies":"2 Thieves","floor":18,"turns":3},{"damage":1,"enemies":"Spheric Guardian","floor":19,"turns":4},{"damage":8,"enemies":"Centurion and Healer","floor":21,"turns":6},{"damage":21,"enemies":"Sentry and Sphere","floor":22,"turns":6},{"damage":23,"enemies":"Gremlin Leader","floor":24,"turns":6},{"damage":0,"enemies":"Shelled Parasite and Fungi","floor":25,"turns":5},{"damage":30,"enemies":"Slavers","floor":27,"turns":2}],"seed_played":"-7853308701962020435","potions_obtained":[{"floor":1,"key":"Fire Potion"},{"floor":5,"key":"EntropicBrew"},{"floor":19,"key":"Fire Potion"},{"floor":24,"key":"LiquidBronze"}],"is_trial":false,"path_per_floor":["M","?","$","?","M","R","E","R","T","M","E","M","R","M","R","B",null,"M","M","$","M","M","R","E","M","T","E"],"character_chosen":"DEFECT","items_purchased":["Flash of Steel","ClockworkSouvenir"],"campfire_rested":3,"item_purchase_floors":[3,20],"current_hp_per_floor":[58,58,58,47,46,46,16,41,41,39,32,28,28,28,53,6,65,49,48,48,40,19,44,21,21,28,0],"gold":110,"neow_bonus":"TWENTY_PERCENT_HP_BONUS","is_prod":false,"is_daily":false,"chose_seed":false,"campfire_upgraded":2,"win_rate":0,"timestamp":1541386918,"path_taken":["M","?","?","?","?","R","E","R","T","M","E","M","R","M","R","BOSS","M","M","$","M","M","R","E","M","T","E"],"build_version":"2018-11-01","purchased_purges":1,"victory":false,"max_hp_per_floor":[85,85,85,85,85,85,85,85,85,85,85,85,85,85,85,85,85,85,85,85,85,85,85,85,85,92,92],"card_choices":[{"not_picked":["Stack","Barrage"],"picked":"Doom and Gloom","floor":1},{"not_picked":["Gash","Redo"],"picked":"Cold Snap","floor":5},{"not_picked":["Blizzard","Hologram"],"picked":"Glacier","floor":7},{"not_picked":["Stack","Streamline","Turbo"],"picked":"SKIP","floor":10},{"not_picked":["Streamline","Ball Lightning","Gash"],"picked":"SKIP","floor":11},{"not_picked":["Double Energy","Coolheaded"],"picked":"Electrodynamics","floor":12},{"not_picked":["Steam","Capacitor","Aggregate"],"picked":"SKIP","floor":14},{"not_picked":["Cold Snap","Barrage"],"picked":"Compile Driver","floor":18},{"not_picked":["Ball Lightning","Beam Cell"],"picked":"Loop+1","floor":19},{"not_picked":["Redo","Streamline","Coolheaded"],"picked":"SKIP","floor":21},{"not_picked":["Compile Driver","Hello World+1"],"picked":"Chill","floor":22},{"not_picked":["Meteor Strike","Chaos","Aggregate"],"picked":"SKIP","floor":24},{"not_picked":["Compile Driver","Redo"],"picked":"Glacier","floor":25}],"player_experience":200310,"relics_obtained":[{"floor":7,"key":"Oddly Smooth Stone"},{"floor":9,"key":"Vajra"},{"floor":11,"key":"Letter Opener"},{"floor":17,"key":"Bronze Scales"},{"floor":17,"key":"Frozen Egg 2"},{"floor":17,"key":"Incense Burner"},{"floor":24,"key":"Mummified Hand"},{"floor":26,"key":"Strawberry"}],"event_choices":[{"cards_removed":["Strike_B"],"damage_healed":0,"gold_gain":0,"player_choice":"Purged","damage_taken":0,"max_hp_gain":0,"max_hp_loss":0,"event_name":"Purifier","floor":2,"gold_loss":0},{"damage_healed":0,"gold_gain":75,"player_choice":"Gather Gold","damage_taken":11,"max_hp_gain":0,"max_hp_loss":0,"event_name":"World of Goop","floor":4,"gold_loss":0}],"is_beta":false,"boss_relics":[{"not_picked":["Busted Crown","Runic Pyramid"],"picked":"Calling Bell"}],"items_purged_floors":[20],"is_endless":false,"potions_floor_spawned":[1,5,12,19,24],"killed_by":"Slavers","ascension_level":16}