{"gold_per_floor":[112,12,12,27,27,27,40,40,64,98,98,98,127,2,2,81,81,96,114,114],"floor_reached":20,"playtime":623,"items_purged":["Strike_R"],"score":360,"play_id":"6efaeee5-aa60-431f-8c59-cbd375b3601a","local_time":"20181129113350","is_ascension_mode":true,"campfire_choices":[{"floor":6,"key":"REST"},{"data":"Bludgeon","floor":8,"key":"SMITH"},{"data":"Shockwave","floor":11,"key":"SMITH"},{"floor":15,"key":"REST"}],"neow_cost":"NONE","seed_source_timestamp":1289707446400759,"circlet_count":0,"master_deck":["AscendersBane","Strike_R","Strike_R","Strike_R","Strike_R","Defend_R","Defend_R","Defend_R","Defend_R","Bash","Bludgeon+1","Battle Trance","Shrug It Off","Battle Trance","Shockwave+1","Inflame","Demon Form","True Grit","Pommel Strike"],"relics":["Burning Blood","Pantograph","Happy Flower","Sundial","Matryoshka","Vajra","Philosopher\u0027s Stone"],"potions_floor_usage":[16,16,20],"damage_taken":[{"damage":12,"enemies":"Jaw Worm","floor":1,"turns":2},{"damage":6,"enemies":"2 Louse","floor":4,"turns":3},{"damage":0,"enemies":"Cultist","floor":7,"turns":3},{"damage":17,"enemies":"Lagavulin","floor":10,"turns":5},{"damage":10,"enemies":"3 Sentries","floor":13,"turns":7},{"damage":9,"enemies":"Slime Boss","floor":16,"turns":6},{"damage":20,"enemies":"Shell Parasite","floor":18,"turns":5},{"damage":22,"enemies":"Spheric Guardian","floor":19,"turns":4},{"damage":48,"enemies":"Snake Plant","floor":20,"turns":3}],"seed_played":"3134359976843136691","potions_obtained":[{"floor":4,"key":"LiquidBronze"},{"floor":5,"key":"Fire Potion"},{"floor":10,"key":"PowerPotion"},{"floor":16,"key":"GamblersBrew"}],"is_trial":false,"path_per_floor":["M","$","?","M","?","R","M","R","T","E","R","$","E","?","R","B",null,"M","M","M"],"character_chosen":"IRONCLAD","items_purchased":["Shrug It Off"],"campfire_rested":2,"item_purchase_floors":[2],"current_hp_per_floor":[62,62,27,27,27,49,55,55,55,44,44,44,40,40,62,72,74,60,44,0],"gold":114,"neow_bonus":"ONE_RANDOM_RARE_CARD","is_prod":false,"is_daily":false,"chose_seed":false,"campfire_upgraded":2,"win_rate":0,"timestamp":1543509230,"path_taken":["M","$","?","M","?","R","?","R","T","E","R","?","E","?","R","BOSS","M","M","M"],"build_version":"2018-11-15","purchased_purges":1,"victory":false,"max_hp_per_floor":[75,75,75,75,75,75,75,75,75,75,75,75,75,75,75,75,75,75,75,75],"card_choices":[{"not_picked":["Armaments","Twin Strike"],"picked":"Battle Trance","floor":1},{"not_picked":["True Grit","Thunderclap"],"picked":"Battle Trance","floor":4},{"not_picked":["Pommel Strike","Hemokinesis"],"picked":"Shockwave","floor":7},{"not_picked":["Fire Breathing","Twin Strike"],"picked":"Inflame","floor":10},{"not_picked":["Intimidate","Clash","Armaments"],"picked":"SKIP","floor":13},{"not_picked":["Limit Break","Exhume"],"picked":"Demon Form","floor":16},{"not_picked":["Iron Wave+1","Headbutt"],"picked":"True Grit","floor":18},{"not_picked":["Rampage","Infernal Blade"],"picked":"Pommel Strike","floor":19}],"player_experience":543883,"relics_obtained":[{"floor":9,"key":"Happy Flower"},{"floor":10,"key":"Sundial"},{"floor":13,"key":"Matryoshka"}],"event_choices":[{"damage_healed":0,"gold_gain":0,"player_choice":"Success","damage_taken":35,"relics_obtained":["Pantograph"],"max_hp_gain":0,"max_hp_loss":0,"event_name":"Scrap Ooze","floor":3,"gold_loss":0},{"damage_healed":0,"gold_gain":0,"player_choice":"Got Potions","damage_taken":0,"max_hp_gain":0,"max_hp_loss":0,"event_name":"Lab","floor":5,"gold_loss":0},{"damage_healed":0,"gold_gain":0,"player_choice":"Paid Gold","damage_taken":0,"relics_obtained":["Vajra"],"max_hp_gain":0,"max_hp_loss":0,"event_name":"WeMeetAgain","floor":14,"gold_loss":125}],"is_beta":false,"boss_relics":[{"not_picked":["Empty Cage","Orrery"],"picked":"Philosopher\u0027s Stone"}],"items_purged_floors":[2],"is_endless":false,"potions_floor_spawned":[4,10,16],"killed_by":"Snake Plant","ascension_level":20}