{"gold_per_floor":[111,123,123,3,78,104,104,122,122,134,150,168],"floor_reached":12,"playtime":1233,"items_purged":[],"score":82,"play_id":"99416b5e-82f9-4dd9-a1cc-3bb11cc69997","local_time":"20190128195859","is_ascension_mode":false,"campfire_choices":[{"data":"Predator","floor":7,"key":"SMITH"}],"neow_cost":"NONE","seed_source_timestamp":28871251757246,"circlet_count":0,"master_deck":["Defend_G","Defend_G","Defend_G","Defend_G","Defend_G","Strike_G","Strike_G","Strike_G","Strike_G","Strike_G","Survivor","Neutralize","Blur","Predator+1","Neutralize","Die Die Die","Noxious Fumes","Quick Slash","Blade Dance","Dash","Night Terror","Finisher","Flying Knee"],"relics":["Ring of the Snake","Meat on the Bone","Frozen Egg 2"],"potions_floor_usage":[12],"damage_taken":[{"damage":0,"enemies":"2 Louse","floor":1,"turns":4},{"damage":0,"enemies":"Cultist","floor":2,"turns":5},{"damage":22,"enemies":"3 Sentries","floor":6,"turns":8},{"damage":0,"enemies":"Jaw Worm","floor":8,"turns":4},{"damage":0,"enemies":"Blue Slaver","floor":10,"turns":3},{"damage":3,"enemies":"Large Slime","floor":11,"turns":5},{"damage":6,"enemies":"3 Louse","floor":12,"turns":4}],"seed_played":"1803912603077539295","potions_obtained":[{"floor":1,"key":"Strength Potion"},{"floor":8,"key":"Block Potion"},{"floor":11,"key":"Ancient Potion"},{"floor":12,"key":"GhostInAJar"}],"is_trial":false,"path_per_floor":["M","M","?","$","?","E","R","M","T","M","M","M"],"character_chosen":"THE_SILENT","items_purchased":["Noxious Fumes","Quick Slash"],"campfire_rested":0,"item_purchase_floors":[4,4],"current_hp_per_floor":[77,77,77,77,66,44,44,44,44,44,41,47],"gold":168,"neow_bonus":"TEN_PERCENT_HP_BONUS","is_prod":false,"is_daily":false,"chose_seed":false,"campfire_upgraded":1,"win_rate":0.0,"timestamp":1548701939,"path_taken":["M","M","?","?","?","E","R","M","T","M","M","M"],"build_version":"2019-01-23","purchased_purges":0,"victory":false,"max_hp_per_floor":[77,77,77,77,77,77,77,77,77,77,77,77],"card_choices":[{"not_picked":["All Out Attack","Poisoned Stab"],"picked":"Blur","floor":1},{"not_picked":["Blur","Acrobatics"],"picked":"Predator","floor":2},{"not_picked":["Dagger Throw","Leg Sweep"],"picked":"Blade Dance","floor":6},{"not_picked":["Quick Slash","Distraction"],"picked":"Dash","floor":8},{"not_picked":["Predator","Choke"],"picked":"Night Terror","floor":10},{"not_picked":["Blade Dance","PiercingWail"],"picked":"Finisher","floor":11},{"not_picked":["Backflip","Bouncing Flask"],"picked":"Flying Knee","floor":12}],"player_experience":11809,"relics_obtained":[{"floor":6,"key":"Meat on the Bone"},{"floor":9,"key":"Frozen Egg 2"}],"event_choices":[{"damage_healed":0,"gold_gain":0,"player_choice":"2 cards matched","damage_taken":0,"max_hp_gain":0,"max_hp_loss":0,"event_name":"Match and Keep!","floor":3,"gold_loss":0,"cards_obtained":["Neutralize","Die Die Die"]},{"damage_healed":0,"gold_gain":75,"player_choice":"Gather Gold","damage_taken":11,"max_hp_gain":0,"max_hp_loss":0,"event_name":"World of Goop","floor":5,"gold_loss":0}],"is_beta":false,"boss_relics":[],"items_purged_floors":[],"is_endless":false,"potions_floor_spawned":[1,8,11,12],"killed_by":"3 Louse","ascension_level":0}