{"gold_per_floor":[112,129,204,214,214,242,242,270,270,270,288,305,332,347,347,420,420,433,463,513,523,573,573,573,603,627,627,607,607,619,646,646,723,723,741,751,751,751,11,11,233,233,233,259,259,259],"floor_reached":46,"playtime":2233,"items_purged":["All For One+1"],"score":1079,"play_id":"e427f917-6e77-4694-8808-f440df68b622","local_time":"20190225224849","is_ascension_mode":true,"campfire_choices":[{"data":"Doom and Gloom","floor":7.0,"key":"SMITH"},{"data":"Zap","floor":10.0,"key":"SMITH"},{"floor":15.0,"key":"REST"},{"floor":23.0,"key":"REST"},{"data":"Defragment","floor":27.0,"key":"SMITH"},{"data":"Creative AI","floor":29.0,"key":"SMITH"},{"floor":32.0,"key":"REST"},{"floor":40.0,"key":"REST"},{"data":"Echo Form","floor":42.0,"key":"SMITH"},{"floor":45.0,"key":"REST"}],"neow_cost":"NONE","seed_source_timestamp":14835369096996,"circlet_count":0,"master_deck":["AscendersBane","Zap+1","Dualcast","Static Discharge","Doom and Gloom+1","Seek","Ball Lightning","Creative AI+1","Coolheaded","Cold Snap+1","Auto Shields","BootSequence","Reboot","Amplify","Sunder+1","Storm","Hologram","Defragment+1","Fusion","Reinforced Body","Leap","Consume+1","Compile Driver+1","Echo Form+1","Core Surge+1","Conserve Battery+1","Go for the Eyes+1","White Noise+1"],"special_seed":0,"relics":["FrozenCore","Art of War","Incense Burner","Molten Egg 2","Shovel","Pandora\u0027s Box","Red Mask","Blood Vial","Strawberry","Boot","Matryoshka","Meat on the Bone","Toxic Egg 2","Kunai","Gambling Chip","Bird Faced Urn"],"potions_floor_usage":[],"damage_taken":[{"damage":0.0,"enemies":"2 Louse","floor":1.0,"turns":3.0},{"damage":9.0,"enemies":"Small Slimes","floor":2.0,"turns":4.0},{"damage":1.0,"enemies":"Cultist","floor":4.0,"turns":3.0},{"damage":15.0,"enemies":"Lagavulin","floor":6.0,"turns":7.0},{"damage":25.0,"enemies":"3 Sentries","floor":8.0,"turns":5.0},{"damage":11.0,"enemies":"Exordium Thugs","floor":11.0,"turns":4.0},{"damage":8.0,"enemies":"Blue Slaver","floor":12.0,"turns":3.0},{"damage":8.0,"enemies":"Gremlin Nob","floor":13.0,"turns":4.0},{"damage":2.0,"enemies":"2 Fungi Beasts","floor":14.0,"turns":2.0},{"damage":27.0,"enemies":"Hexaghost","floor":16.0,"turns":9.0},{"damage":15.0,"enemies":"2 Thieves","floor":18.0,"turns":4.0},{"damage":0.0,"enemies":"Masked Bandits","floor":19.0,"turns":2.0},{"damage":15.0,"enemies":"Chosen","floor":21.0,"turns":4.0},{"damage":0.0,"enemies":"Gremlin Leader","floor":25.0,"turns":6.0},{"damage":13.0,"enemies":"Centurion and Healer","floor":30.0,"turns":6.0},{"damage":33.0,"enemies":"Book of Stabbing","floor":31.0,"turns":6.0},{"damage":18.0,"enemies":"Champ","floor":33.0,"turns":11.0},{"damage":35.0,"enemies":"3 Darklings","floor":35.0,"turns":5.0},{"damage":0.0,"enemies":"3 Shapes","floor":36.0,"turns":6.0},{"damage":47.0,"enemies":"Nemesis","floor":44.0,"turns":9.0},{"damage":76,"enemies":"Reptomancer","floor":46,"turns":2}],"seed_played":"-8057514947566089502","potions_obtained":[{"floor":1.0,"key":"SpeedPotion"},{"floor":6.0,"key":"LiquidBronze"},{"floor":8.0,"key":"SteroidPotion"},{"floor":12.0,"key":"Regen Potion"},{"floor":13.0,"key":"LiquidBronze"},{"floor":19.0,"key":"Swift Potion"},{"floor":31.0,"key":"SkillPotion"},{"floor":33.0,"key":"FocusPotion"}],"is_trial":false,"path_per_floor":["M","M","?","M","?","E","R","E","T","R","M","M","E","M","R","B",null,"M","?","?","M","T","R","?","E","T","R","?","R","M","E","R","B",null,"M","M","?","?","$","R","?","R","T","E","R","E"],"character_chosen":"DEFECT","items_purchased":["Go for the Eyes+1","Meat on the Bone","Toxic Egg 2","PowerPotion"],"campfire_rested":5,"item_purchase_floors":[39,39,39,39],"current_hp_per_floor":[64,55,44,43,66,51,51,26,26,26,15,7,11,9,30,3,54,39,39,32,17,17,38,52,61,61,61,61,61,50,19,42,26,65,32,34,34,34,34,57,57,57,57,24,47,0],"gold":259,"neow_bonus":"RANDOM_COMMON_RELIC","is_prod":false,"is_daily":false,"chose_seed":false,"campfire_upgraded":5,"win_rate":0,"timestamp":1551152929,"path_taken":["M","M","?","M","?","E","R","E","T","R","M","M","E","M","R","BOSS","M","?","?","?","?","R","?","E","T","R","?","R","M","E","R","BOSS","M","?","?","?","$","R","?","R","T","E","R","E"],"build_version":"2019-01-23","purchased_purges":1,"victory":false,"max_hp_per_floor":[71,71,71,71,71,71,71,71,71,71,71,71,71,71,71,71,71,71,71,71,71,71,71,71,78,78,78,78,78,78,78,78,78,78,78,78,78,78,78,78,78,78,78,78,78,78],"card_choices":[{"not_picked":["Leap","Hologram"],"picked":"Static Discharge","floor":1.0},{"not_picked":["Streamline","Capacitor"],"picked":"Doom and Gloom","floor":2.0},{"not_picked":["Leap","Capacitor"],"picked":"Seek","floor":4.0},{"not_picked":["Hello World","Hologram"],"picked":"Ball Lightning","floor":6.0},{"not_picked":["Stack","Leap"],"picked":"Creative AI","floor":8.0},{"not_picked":["Scrape+1","Turbo","Loop"],"picked":"SKIP","floor":11.0},{"not_picked":["Gash+1","Rip and Tear+1"],"picked":"Coolheaded","floor":12.0},{"not_picked":["Compile Driver+1","Coolheaded"],"picked":"Cold Snap+1","floor":13.0},{"not_picked":["Rip and Tear+1","Multi-Cast"],"picked":"Auto Shields","floor":14.0},{"not_picked":["Creative AI","Fission"],"picked":"All For One+1","floor":16.0},{"not_picked":["Gash+1","Doom and Gloom+1"],"picked":"Reinforced Body","floor":18.0},{"not_picked":["Sunder+1","Gash+1"],"picked":"Leap","floor":21.0},{"not_picked":["Sunder+1","Fission"],"picked":"Consume+1","floor":25.0},{"not_picked":["Beam Cell+1","Rebound+1"],"picked":"Compile Driver+1","floor":30.0},{"not_picked":["Hologram","Conserve Battery+1"],"picked":"Echo Form","floor":31.0},{"not_picked":["Meteor Strike+1","Multi-Cast"],"picked":"Core Surge+1","floor":33.0},{"not_picked":["Redo","Steam"],"picked":"Conserve Battery+1","floor":35.0},{"not_picked":["Rebound+1","Sweeping Beam+1","Blizzard+1"],"picked":"SKIP","floor":36.0},{"not_picked":["Turbo+1","Aggregate+1"],"picked":"White Noise+1","floor":44.0}],"player_experience":713862,"relics_obtained":[{"floor":6.0,"key":"Incense Burner"},{"floor":8.0,"key":"Molten Egg 2"},{"floor":13.0,"key":"Shovel"},{"floor":19.0,"key":"Red Mask"},{"floor":22.0,"key":"Blood Vial"},{"floor":25.0,"key":"Strawberry"},{"floor":26.0,"key":"Boot"},{"floor":31.0,"key":"Matryoshka"},{"floor":43.0,"key":"Kunai"},{"floor":43.0,"key":"Gambling Chip"},{"floor":44.0,"key":"Bird Faced Urn"}],"event_choices":[{"damage_healed":0.0,"max_hp_gain":0.0,"max_hp_loss":0.0,"gold_gain":75.0,"event_name":"World of Goop","player_choice":"Gather Gold","floor":3.0,"gold_loss":0.0,"damage_taken":11.0},{"damage_healed":23.0,"max_hp_gain":0.0,"max_hp_loss":0.0,"gold_gain":0.0,"event_name":"Big Fish","player_choice":"Banana","floor":5.0,"gold_loss":0.0,"damage_taken":0.0},{"damage_healed":0.0,"max_hp_gain":0.0,"max_hp_loss":0.0,"gold_gain":0.0,"event_name":"Masked Bandits","player_choice":"Fought Bandits","floor":19.0,"gold_loss":0.0,"damage_taken":0.0},{"damage_healed":0.0,"max_hp_gain":0.0,"max_hp_loss":0.0,"gold_gain":50.0,"event_name":"FaceTrader","player_choice":"Touch","floor":20.0,"gold_loss":0.0,"damage_taken":7.0},{"damage_healed":14.0,"max_hp_gain":0.0,"max_hp_loss":0.0,"gold_gain":0.0,"event_name":"The Library","player_choice":"Heal","floor":24.0,"gold_loss":0.0,"damage_taken":0.0},{"damage_healed":0.0,"max_hp_gain":0.0,"max_hp_loss":0.0,"gold_gain":0.0,"event_name":"The Woman in Blue","player_choice":"Bought 1 Potion","floor":28.0,"gold_loss":0.0,"damage_taken":0.0},{"damage_healed":0.0,"max_hp_gain":0.0,"max_hp_loss":0.0,"gold_gain":0.0,"event_name":"The Moai Head","player_choice":"Ignored","floor":37.0,"gold_loss":0.0,"damage_taken":0.0},{"damage_healed":0.0,"max_hp_gain":0.0,"max_hp_loss":0.0,"gold_gain":0.0,"event_name":"SensoryStone","player_choice":"Memory 1","floor":38.0,"gold_loss":0.0,"damage_taken":0.0},{"damage_healed":0.0,"max_hp_gain":0.0,"max_hp_loss":0.0,"gold_gain":222.0,"event_name":"Tomb of Lord Red Mask","player_choice":"Wore Mask","floor":41.0,"gold_loss":0.0,"damage_taken":0.0}],"is_beta":false,"boss_relics":[{"not_picked":["Ectoplasm","Cursed Key"],"picked":"Pandora\u0027s Box"},{"not_picked":["Empty Cage","Calling Bell"],"picked":"FrozenCore"}],"items_purged_floors":[39],"is_endless":false,"potions_floor_spawned":[1,6,8,12,13,19,31,33,36],"killed_by":"Reptomancer","ascension_level":20}