{"path_per_floor":["M","M","M","M","?","R","M","E","T","?","E","?","R","$","R","B",null,"M","M","$","?","?","E","R","M","T","R","M","R","M","?","R"],"character_chosen":"DEFECT","items_purchased":["Static Discharge","Omamori","Gash"],"gold_per_floor":[111,127,140,154,154,154,174,207,207,207,239,314,314,16,16,118,118,136,146,12,12,12,40,40,51,98,98,114,114,133,133,133,133],"floor_reached":33,"campfire_rested":7,"playtime":1379,"current_hp_per_floor":[75,68,62,52,52,74,64,45,45,30,24,13,35,35,57,27,75,57,54,54,54,75,5,27,33,33,55,38,60,59,59,75,0],"items_purged":["Strike_B","Defend_B"],"gold":133,"score":275,"play_id":"3cf70ee2-50c1-460a-9408-f1c7b44e6251","local_time":"20180502003631","is_prod":false,"is_daily":false,"chose_seed":false,"is_ascension_mode":false,"campfire_upgraded":0,"timestamp":1525242991,"path_taken":["M","M","M","M","?","R","M","E","T","?","E","?","R","$","R","BOSS","M","M","$","?","?","E","R","M","T","R","?","R","M","?","R","BOSS"],"build_version":"2018-05-01","seed_source_timestamp":1761321935759945,"purchased_purges":2,"victory":false,"master_deck":["Strike_B","Strike_B","Defend_B","Defend_B","Defend_B","Zap","Dualcast","Barrage+1","Capacitor","Impulse","Ball Lightning","Go for the Eyes+1","Barrage+1","Self Repair","Static Discharge","Fission","Streamline+1","Loop","Leap","Capacitor","Skim","Amplify","Heatsinks+1","Gash+1","Stack+1","Tempest+1","Fusion","Stack+1","Buffer","Reprieve","Fusion","Chaos","Storm"],"max_hp_per_floor":[75,75,75,75,75,75,75,75,75,75,75,75,75,75,75,75,75,75,75,75,75,75,75,75,75,75,75,75,75,75,75,75,75],"relics":["Cracked Core","Oddly Smooth Stone","Molten Egg 2","Centennial Puzzle","Mercury Hourglass","Omamori","Nloth\u0027s Gift","Meat on the Bone","Dream Catcher"],"card_choices":[{"not_picked":["Doom and Gloom","Conserve Battery"],"picked":"Barrage","floor":1},{"not_picked":["Barrage","Force Field"],"picked":"Capacitor","floor":2},{"not_picked":["Doom and Gloom","Go for the Eyes"],"picked":"Impulse","floor":3},{"not_picked":["Steam Power","Go for the Eyes"],"picked":"Ball Lightning","floor":4},{"not_picked":["Scrape","Hologram"],"picked":"Go for the Eyes","floor":7},{"not_picked":["Self Repair","Cold Snap"],"picked":"Barrage","floor":8},{"not_picked":["Barrage","Doom and Gloom"],"picked":"Self Repair","floor":11},{"not_picked":["All For One","Nova"],"picked":"Fission","floor":16},{"not_picked":["Turbo","Axe Kick"],"picked":"Streamline","floor":17},{"not_picked":["Turbo","Steam Power"],"picked":"Loop","floor":17},{"not_picked":["Recycle","Undo"],"picked":"Leap","floor":17},{"not_picked":["Turbo","Stack"],"picked":"Capacitor","floor":17},{"not_picked":["Leap","Hologram"],"picked":"Skim","floor":17},{"not_picked":["Blaster","Coolheaded"],"picked":"Amplify","floor":18},{"not_picked":["Barrage","Impulse"],"picked":"Heatsinks","floor":19},{"not_picked":["Capacitor","Skim"],"picked":"Stack","floor":23},{"not_picked":["Streamline","Skim"],"picked":"Tempest","floor":25},{"not_picked":["Genetic Algorithm","Glacier"],"picked":"Fusion","floor":27},{"not_picked":["Cold Snap","Ball Lightning"],"picked":"Stack","floor":28},{"not_picked":["Stack","Hologram"],"picked":"Buffer","floor":29},{"not_picked":["Rebound","Chill"],"picked":"Reprieve","floor":30},{"not_picked":["Leap","Cold Snap"],"picked":"Storm","floor":32}],"player_experience":330441,"potions_floor_usage":[11,19,23,23,23,28],"damage_taken":[{"damage":0,"enemies":"2 Louse","floor":1,"turns":3},{"damage":7,"enemies":"Jaw Worm","floor":2,"turns":3},{"damage":6,"enemies":"Cultist","floor":3,"turns":3},{"damage":10,"enemies":"Large Slime","floor":4,"turns":5},{"damage":10,"enemies":"Looter","floor":7,"turns":3},{"damage":19,"enemies":"Lagavulin","floor":8,"turns":5},{"damage":6,"enemies":"Gremlin Nob","floor":11,"turns":3},{"damage":30,"enemies":"Hexaghost","floor":16,"turns":6},{"damage":25,"enemies":"Chosen","floor":18,"turns":4},{"damage":17,"enemies":"3 Byrds","floor":19,"turns":4},{"damage":70,"enemies":"Slavers","floor":23,"turns":5},{"damage":20,"enemies":"Sentry and Sphere","floor":25,"turns":5},{"damage":17,"enemies":"Chosen and Byrds","floor":28,"turns":5},{"damage":27,"enemies":"Centurion and Healer","floor":30,"turns":9},{"damage":76,"enemies":"Collector","floor":33,"turns":7}],"event_choices":[{"event_name":"Living Wall","player_choice":"Forget","floor":5,"damage_taken":0},{"event_name":"Shining Light","player_choice":"Entered Light","floor":10,"damage_taken":0},{"event_name":"World of Goop","player_choice":"Gather Gold","floor":12,"damage_taken":0},{"event_name":"N\u0027loth","player_choice":"Traded a Orrery","floor":21,"damage_taken":0},{"event_name":"The Library","player_choice":"Heal","floor":22,"damage_taken":0},{"event_name":"Match and Keep!","player_choice":"2 cards matched","floor":31,"damage_taken":0}],"boss_relics":[{"not_picked":["Pandora\u0027s Box","Lizard Tail"],"picked":"Orrery"}],"potions_floor_spawned":[1,2,11,18,19,25],"seed_played":"8830180257077652808","killed_by":"Collector","ascension_level":0,"is_trial":false}