{"path_per_floor":["M","?","?","T","M","M","R","M","T","?","$","E","R","M","R","B",null,"M"],"character_chosen":"DEFECT","items_purchased":["Capacitor"],"gold_per_floor":[114,114,64,64,84,103,103,120,198,198,73,105,105,120,120,218,218,238,238],"floor_reached":19,"campfire_rested":3,"playtime":625,"current_hp_per_floor":[74,67,67,67,66,55,79,75,75,75,75,33,57,48,72,13,82,47,0],"items_purged":["Strike_B"],"gold":238,"score":167,"play_id":"b1090da0-4cc9-4181-a96d-3069440695b8","local_time":"20180501142103","is_prod":false,"is_daily":false,"chose_seed":false,"is_ascension_mode":false,"campfire_upgraded":0,"timestamp":1525206063,"path_taken":["M","?","?","?","M","M","R","M","T","?","$","E","R","M","R","BOSS","M","?"],"build_version":"2018-04-30","seed_source_timestamp":1725140900222233,"purchased_purges":1,"victory":false,"master_deck":["Strike_B","Strike_B","Defend_B","Defend_B","Defend_B","Zap","Genetic Algorithm","Tempest","Genetic Algorithm","Capacitor","Capacitor","Turbo","Echo Form","Conserve Battery"],"max_hp_per_floor":[82,82,82,82,82,82,82,82,82,82,82,82,82,82,82,82,82,82,82],"relics":["Cracked Core","Cables","Letter Opener","Vajra","Inserter"],"card_choices":[{"not_picked":["Cold Snap","Axe Kick"],"picked":"Genetic Algorithm","floor":1},{"not_picked":["Darkness","Cold Snap"],"picked":"Tempest","floor":5},{"not_picked":["Capacitor","Force Field"],"picked":"Genetic Algorithm","floor":6},{"not_picked":["Beam Cell","Cold Snap"],"picked":"Capacitor","floor":8},{"not_picked":["Beam Cell","Barrage"],"picked":"Turbo","floor":14},{"not_picked":["Redo","Biased Cognition"],"picked":"Echo Form","floor":16},{"not_picked":["Darkness","Glacier"],"picked":"Conserve Battery","floor":18}],"player_experience":325178,"potions_floor_usage":[16,16,16],"damage_taken":[{"damage":8,"enemies":"Small Slimes","floor":1,"turns":2},{"damage":1,"enemies":"2 Louse","floor":5,"turns":3},{"damage":11,"enemies":"Jaw Worm","floor":6,"turns":3},{"damage":4,"enemies":"Large Slime","floor":8,"turns":4},{"damage":42,"enemies":"Lagavulin","floor":12,"turns":7},{"damage":9,"enemies":"Exordium Wildlife","floor":14,"turns":4},{"damage":74,"enemies":"Hexaghost","floor":16,"turns":10},{"damage":35,"enemies":"3 Byrds","floor":18,"turns":4},{"damage":49,"enemies":"Masked Bandits","floor":19,"turns":4}],"event_choices":[{"event_name":"Golden Wing","player_choice":"Card Removal","floor":2,"damage_taken":0},{"event_name":"The Cleric","player_choice":"Card Removal","floor":3,"damage_taken":0},{"event_name":"Living Wall","player_choice":"Forget","floor":10,"damage_taken":0},{"event_name":"Masked Bandits","player_choice":"Fought over 238 gold","floor":19,"damage_taken":0}],"boss_relics":[{"not_picked":["Cursed Key","Orrery"],"picked":"Inserter"}],"potions_floor_spawned":[1,8,12,14],"seed_played":"6213710427329214622","killed_by":"Masked Bandits","ascension_level":0,"is_trial":false}