{"gold_per_floor":[212,287,297,35,49,49,59,59,59,391,405,66,66,79,79,155,155,170,95,95,113,113,128,128],"floor_reached":24,"playtime":1192,"items_purged":["Strike_R"],"score":386,"play_id":"2d0ac0dd-a8ff-4b26-ba56-f154d2a0cf4c","local_time":"20181128221155","is_ascension_mode":true,"campfire_choices":[{"floor":6,"key":"REST"},{"data":"Bash","floor":8,"key":"SMITH"},{"data":"Disarm","floor":13,"key":"SMITH"},{"floor":15,"key":"REST"}],"neow_cost":"NONE","seed_source_timestamp":1241023032655465,"circlet_count":0,"master_deck":["AscendersBane","Strike_R","Strike_R","Defend_R","Defend_R","Defend_R","Defend_R","Bash+1","Thunderclap","Disarm+1","Flame Barrier","Battle Trance","Shrug It Off","Metallicize","Bludgeon","Demon Form","Carnage","Carnage+1","Battle Trance","Shrug It Off"],"relics":["Burning Blood","Paper Frog","Dodecahedron","Old Coin","Prayer Wheel","Sozu"],"potions_floor_usage":[10,11,16],"damage_taken":[{"damage":15,"enemies":"Small Slimes","floor":1,"turns":6},{"damage":14,"enemies":"Jaw Worm","floor":3,"turns":5},{"damage":4,"enemies":"Cultist","floor":5,"turns":4},{"damage":7,"enemies":"3 Louse","floor":7,"turns":4},{"damage":13,"enemies":"3 Sentries","floor":10,"turns":7},{"damage":20,"enemies":"Gremlin Gang","floor":11,"turns":8},{"damage":26,"enemies":"Large Slime","floor":14,"turns":8},{"damage":24,"enemies":"The Guardian","floor":16,"turns":16},{"damage":35,"enemies":"Spheric Guardian","floor":18,"turns":9},{"damage":5,"enemies":"Chosen","floor":21,"turns":5},{"damage":21,"enemies":"Snake Plant","floor":23,"turns":4},{"damage":28,"enemies":"Chosen and Byrds","floor":24,"turns":5}],"seed_played":"613692310057572857","potions_obtained":[{"floor":3,"key":"PowerPotion"},{"floor":10,"key":"Block Potion"},{"floor":14,"key":"Swift Potion"}],"is_trial":false,"path_per_floor":["M","?","M","$","M","R","M","R","T","E","M","$","R","M","R","B",null,"M","$","?","M","?","M","M"],"character_chosen":"IRONCLAD","items_purchased":["Paper Frog","Prayer Wheel"],"campfire_rested":2,"item_purchase_floors":[4,12],"current_hp_per_floor":[59,48,40,40,42,64,63,63,63,56,42,42,42,22,44,26,63,34,34,34,35,35,20,0],"gold":128,"neow_bonus":"HUNDRED_GOLD","is_prod":false,"is_daily":false,"chose_seed":false,"campfire_upgraded":2,"win_rate":0,"timestamp":1543461115,"path_taken":["M","?","M","$","M","R","M","R","T","E","M","$","R","M","R","BOSS","M","$","?","?","?","M","M"],"build_version":"2018-11-15","purchased_purges":1,"victory":false,"max_hp_per_floor":[75,75,75,75,75,75,75,75,75,75,75,75,75,75,75,75,75,75,75,75,75,75,75,75],"card_choices":[{"not_picked":["Dual Wield","Dropkick"],"picked":"Thunderclap","floor":1},{"not_picked":["Perfected Strike","Iron Wave"],"picked":"Disarm","floor":3},{"not_picked":["Clothesline","Heavy Blade"],"picked":"Flame Barrier","floor":5},{"not_picked":["Sentinel","Anger"],"picked":"Battle Trance","floor":7},{"not_picked":["Double Tap","Cleave"],"picked":"Shrug It Off","floor":10},{"not_picked":["Cleave","Thunderclap","True Grit"],"picked":"SKIP","floor":11},{"not_picked":["Headbutt","Corruption"],"picked":"Metallicize","floor":14},{"not_picked":["Heavy Blade","Sword Boomerang","True Grit"],"picked":"SKIP","floor":14},{"not_picked":["Berserk","Limit Break"],"picked":"Bludgeon","floor":16},{"not_picked":["Perfected Strike","Sentinel"],"picked":"Demon Form","floor":18},{"not_picked":["Perfected Strike","True Grit","Heavy Blade"],"picked":"SKIP","floor":18},{"not_picked":["Perfected Strike","Armaments"],"picked":"Carnage+1","floor":21},{"not_picked":["Blood for Blood","Sever Soul"],"picked":"Battle Trance","floor":21},{"not_picked":["Wild Strike","Dropkick"],"picked":"Shrug It Off","floor":23},{"not_picked":["Reckless Charge","Intimidate","Entrench"],"picked":"SKIP","floor":23}],"player_experience":533948,"relics_obtained":[{"floor":9,"key":"Dodecahedron"},{"floor":10,"key":"Old Coin"}],"event_choices":[{"damage_healed":0,"gold_gain":75,"player_choice":"Gather Gold","damage_taken":11,"max_hp_gain":0,"max_hp_loss":0,"event_name":"World of Goop","floor":2,"gold_loss":0},{"damage_healed":0,"gold_gain":0,"cards_transformed":["Strike_R"],"player_choice":"Transformed","damage_taken":0,"max_hp_gain":0,"max_hp_loss":0,"event_name":"Transmorgrifier","floor":20,"gold_loss":0,"cards_obtained":["Carnage"]},{"cards_removed":["Strike_R"],"damage_healed":0,"gold_gain":0,"player_choice":"Card Removal","damage_taken":0,"max_hp_gain":0,"max_hp_loss":0,"event_name":"Wheel of Change","floor":22,"gold_loss":0}],"is_beta":false,"boss_relics":[{"not_picked":["Velvet Choker","Empty Cage"],"picked":"Sozu"}],"items_purged_floors":[19],"is_endless":false,"potions_floor_spawned":[3,10,14,23],"killed_by":"Chosen and Byrds","ascension_level":19}