{"gold_per_floor":[11,11,31,31,50,83,83,118,171,181,256,5,35,55,55,150,150,169,169,188,188,45,45,77,77,77,93,104,104,121,154,154,257,257,267,267,367,367,383,383,32,32,87,18,0,10,10,10,10,10],"floor_reached":50,"playtime":4985,"items_purged":[],"score":510,"play_id":"8764195d-ee19-4cde-a837-b99da0e047bf","local_time":"20190307234306","is_ascension_mode":true,"campfire_choices":[{"data":"Barricade","floor":7,"key":"SMITH"},{"floor":15,"key":"REST"},{"data":"Impervious","floor":23,"key":"SMITH"},{"floor":25,"key":"REST"},{"floor":29,"key":"REST"},{"floor":32,"key":"REST"},{"data":"True Grit","floor":40,"key":"SMITH"},{"data":"Rampage","floor":42,"key":"SMITH"},{"floor":47,"key":"REST"},{"floor":49,"key":"REST"}],"neow_cost":"NO_GOLD","seed_source_timestamp":2004220189089876,"circlet_count":0,"master_deck":["Strike_R","Strike_R","Strike_R","Defend_R","Defend_R","Defend_R","Defend_R","Barricade+1","Carnage","Entrench","Flame Barrier","Bludgeon","Inflame","Iron Wave","Flame Barrier","Impervious+1","Shrug It Off","Rage","Battle Trance","Barricade","Infernal Blade","Seeing Red","Pommel Strike+1","Dual Wield+1","Juggernaut+1","Clumsy","Normality","Clumsy","True Grit+1","Rampage+1","Entrench","Sentinel","Shrug It Off"],"relics":["Burning Blood","Potion Belt","Anchor","Tiny Chest","Shuriken","Odd Mushroom","Sozu","Strawberry","Frozen Egg 2","Gremlin Horn","Matryoshka","Calling Bell","Happy Flower","Kunai","Magic Flower","Charon\u0027s Ashes","Pear","Boot","Bottled Lightning","Red Mask","Mercury Hourglass","Bottled Tornado"],"potions_floor_usage":[6,8,16],"damage_taken":[{"damage":1,"enemies":"Cultist","floor":1,"turns":4},{"damage":7,"enemies":"Small Slimes","floor":3,"turns":4},{"damage":4,"enemies":"2 Louse","floor":5,"turns":3},{"damage":26,"enemies":"Lagavulin","floor":6,"turns":5},{"damage":18,"enemies":"3 Sentries","floor":8,"turns":10},{"damage":2,"enemies":"Blue Slaver","floor":10,"turns":3},{"damage":19,"enemies":"The Mushroom Lair","floor":13,"turns":6},{"damage":1,"enemies":"3 Louse","floor":14,"turns":4},{"damage":6,"enemies":"The Guardian","floor":16,"turns":19},{"damage":5,"enemies":"Chosen","floor":18,"turns":6},{"damage":10,"enemies":"Spheric Guardian","floor":20,"turns":6},{"damage":54,"enemies":"Gremlin Leader","floor":24,"turns":16},{"damage":52,"enemies":"3 Cultists","floor":27,"turns":10},{"damage":0,"enemies":"Snake Plant","floor":28,"turns":5},{"damage":0,"enemies":"Chosen and Byrds","floor":30,"turns":6},{"damage":18,"enemies":"Slavers","floor":31,"turns":6},{"damage":32,"enemies":"Collector","floor":33,"turns":21},{"damage":7,"enemies":"3 Shapes","floor":35,"turns":8},{"damage":18,"enemies":"Mind Bloom Boss Battle","floor":37,"turns":10},{"damage":6,"enemies":"Orb Walker","floor":39,"turns":3},{"damage":66,"enemies":"Transient","floor":46,"turns":5},{"damage":88,"enemies":"Donu and Deca","floor":50,"turns":8}],"seed_played":"-4258509119675412725","potions_obtained":[{"floor":1,"key":"Fire Potion"},{"floor":3,"key":"Fire Potion"},{"floor":13,"key":"Dexterity Potion"}],"is_trial":false,"path_per_floor":["M","$","M","?","M","E","R","E","T","M","?","$","?","M","R","B",null,"M","?","M","?","$","R","E","R","T","M","M","R","M","E","R","B",null,"M","?","?","?","M","R","$","R","T","$","?","M","R","T","R","B"],"character_chosen":"IRONCLAD","items_purchased":["Shuriken","Strawberry","Pear","Rampage","Entrench","Sentinel"],"campfire_rested":6,"item_purchase_floors":[12,22,41,41,41,44],"current_hp_per_floor":[80,80,79,79,80,60,60,48,48,52,41,41,28,33,57,57,80,80,80,76,76,83,83,35,61,61,15,21,47,53,41,67,41,87,87,87,78,78,81,81,91,91,91,91,91,34,61,61,88,0],"gold":10,"neow_bonus":"THREE_RARE_CARDS","is_prod":false,"is_daily":false,"chose_seed":false,"campfire_upgraded":4,"win_rate":0,"timestamp":1552020186,"path_taken":["M","?","M","?","M","E","R","E","T","M","?","$","?","?","R","BOSS","M","?","M","?","$","R","E","R","T","?","M","R","M","E","R","BOSS","M","?","?","?","M","R","$","R","T","$","?","M","R","?","R","BOSS"],"build_version":"2019-01-23","purchased_purges":0,"victory":false,"max_hp_per_floor":[80,80,80,80,80,80,80,80,80,80,80,80,80,80,80,80,80,80,80,80,80,87,87,87,87,87,87,87,87,87,87,87,87,87,87,87,87,83,83,83,93,93,93,93,93,93,93,93,93,93],"card_choices":[{"not_picked":["Dark Embrace","Juggernaut"],"picked":"Barricade","floor":0},{"not_picked":["Perfected Strike","Heavy Blade"],"picked":"Warcry","floor":1},{"not_picked":["Warcry","Heavy Blade"],"picked":"Carnage","floor":3},{"not_picked":["Flex","Clash"],"picked":"Entrench","floor":5},{"not_picked":["Anger","Reckless Charge"],"picked":"Flame Barrier","floor":6},{"not_picked":["Sword Boomerang","Power Through"],"picked":"Bludgeon","floor":8},{"not_picked":["Pummel","Anger"],"picked":"Inflame","floor":10},{"not_picked":["Sword Boomerang","True Grit"],"picked":"Iron Wave","floor":13},{"not_picked":["Corruption","Pommel Strike"],"picked":"Flame Barrier","floor":14},{"not_picked":["Limit Break","Barricade"],"picked":"Impervious","floor":16},{"not_picked":["Seeing Red","Headbutt"],"picked":"Shrug It Off","floor":18},{"not_picked":["Flex","Carnage","Sword Boomerang"],"picked":"SKIP","floor":20},{"not_picked":["Sword Boomerang","Anger"],"picked":"Infernal Blade","floor":24},{"not_picked":["Rupture+1","Heavy Blade+1"],"picked":"Seeing Red","floor":27},{"not_picked":["Heavy Blade","Anger","Twin Strike"],"picked":"SKIP","floor":28},{"not_picked":["Iron Wave","Dropkick+1"],"picked":"Pommel Strike+1","floor":30},{"not_picked":["Heavy Blade","Flex"],"picked":"Dual Wield+1","floor":31},{"not_picked":["Exhume","Fiend Fire"],"picked":"Juggernaut+1","floor":33},{"not_picked":["Twin Strike+1","Headbutt"],"picked":"True Grit","floor":35},{"not_picked":["Intimidate+1","Sword Boomerang+1","Perfected Strike"],"picked":"SKIP","floor":39},{"not_picked":["Heavy Blade","Blood for Blood+1"],"picked":"Shrug It Off","floor":46}],"player_experience":94697,"relics_obtained":[{"floor":6,"key":"Potion Belt"},{"floor":8,"key":"Anchor"},{"floor":9,"key":"Tiny Chest"},{"floor":13,"key":"Odd Mushroom"},{"floor":24,"key":"Frozen Egg 2"},{"floor":26,"key":"Gremlin Horn"},{"floor":31,"key":"Matryoshka"},{"floor":34,"key":"Happy Flower"},{"floor":34,"key":"Kunai"},{"floor":34,"key":"Magic Flower"},{"floor":37,"key":"Charon\u0027s Ashes"},{"floor":43,"key":"Boot"},{"floor":43,"key":"Bottled Lightning"},{"floor":48,"key":"Mercury Hourglass"},{"floor":48,"key":"Bottled Tornado"}],"event_choices":[{"damage_healed":0,"gold_gain":0,"player_choice":"Ignored","damage_taken":0,"max_hp_gain":0,"max_hp_loss":0,"event_name":"Golden Idol","floor":4,"gold_loss":0},{"damage_healed":0,"gold_gain":75,"player_choice":"Gather Gold","damage_taken":11,"max_hp_gain":0,"max_hp_loss":0,"event_name":"World of Goop","floor":11,"gold_loss":0},{"damage_healed":0,"gold_gain":0,"player_choice":"Fought Mushrooms","damage_taken":0,"max_hp_gain":0,"max_hp_loss":0,"event_name":"Mushrooms","floor":13,"gold_loss":0},{"damage_healed":0,"gold_gain":0,"cards_transformed":["Bash","Strike_R"],"player_choice":"Became Test Subject","damage_taken":0,"max_hp_gain":0,"max_hp_loss":0,"event_name":"Drug Dealer","floor":19,"gold_loss":0,"cards_obtained":["Rage","Battle Trance"]},{"damage_healed":0,"gold_gain":0,"cards_transformed":["Warcry"],"player_choice":"Transformed","damage_taken":0,"max_hp_gain":0,"max_hp_loss":0,"event_name":"Transmorgrifier","floor":21,"gold_loss":0,"cards_obtained":["Barricade"]},{"cards_removed":["Strike_R"],"damage_healed":0,"gold_gain":0,"player_choice":"Removed Attack","damage_taken":0,"max_hp_gain":0,"max_hp_loss":0,"event_name":"Falling","floor":36,"gold_loss":0},{"damage_healed":0,"gold_gain":0,"player_choice":"Fight","damage_taken":0,"max_hp_gain":0,"max_hp_loss":0,"event_name":"MindBloom","floor":37,"gold_loss":0},{"damage_healed":0,"gold_gain":0,"player_choice":"Max HP","damage_taken":0,"max_hp_gain":0,"max_hp_loss":4,"event_name":"Winding Halls","floor":38,"gold_loss":0},{"damage_healed":0,"gold_gain":0,"player_choice":"Paid","damage_taken":0,"relics_obtained":["Red Mask"],"max_hp_gain":0,"max_hp_loss":0,"event_name":"Tomb of Lord Red Mask","floor":45,"gold_loss":18}],"is_beta":false,"boss_relics":[{"not_picked":["Eternal Feather","Mark of Pain"],"picked":"Sozu"},{"not_picked":["Empty Cage","Runic Cube"],"picked":"Calling Bell"}],"items_purged_floors":[],"is_endless":false,"potions_floor_spawned":[1,3,13,24,28,31,33,39,46],"killed_by":"Donu and Deca","ascension_level":1}