{"gold_per_floor":[116,116,134,154,169,169,195,195,195,195,213,225,260,274,274,352,352,365,365,379,379],"floor_reached":21,"playtime":969,"items_purged":[],"score":386,"play_id":"3bf4620f-2f8f-413f-8329-27064f5229b8","local_time":"20190213141639","is_ascension_mode":true,"campfire_choices":[{"data":"Flechettes","floor":6,"key":"SMITH"},{"data":"Crippling Poison","floor":8,"key":"SMITH"},{"floor":15,"key":"REST"}],"neow_cost":"NONE","seed_source_timestamp":700063529868150,"circlet_count":0,"master_deck":["AscendersBane","Survivor","Neutralize","Poisoned Stab+1","Flechettes+1","Quick Slash","Crippling Poison+1","Caltrops","Corpse Explosion","Skewer","Concentrate","Unload","Backflip+1","All Out Attack","Finisher","Corpse Explosion","Malaise","Bouncing Flask"],"relics":["Ring of the Snake","Girya","Mercury Hourglass","Dodecahedron","Pandora\u0027s Box"],"potions_floor_usage":[7,18],"damage_taken":[{"damage":1,"enemies":"Small Slimes","floor":1,"turns":5},{"damage":0,"enemies":"2 Louse","floor":3,"turns":4},{"damage":1,"enemies":"Cultist","floor":4,"turns":3},{"damage":0,"enemies":"2 Fungi Beasts","floor":5,"turns":4},{"damage":22,"enemies":"Gremlin Nob","floor":7,"turns":4},{"damage":3,"enemies":"Looter","floor":11,"turns":3},{"damage":2,"enemies":"Exordium Wildlife","floor":12,"turns":3},{"damage":12,"enemies":"3 Sentries","floor":13,"turns":7},{"damage":0,"enemies":"3 Louse","floor":14,"turns":2},{"damage":42,"enemies":"The Guardian","floor":16,"turns":11},{"damage":10,"enemies":"2 Thieves","floor":18,"turns":2},{"damage":12,"enemies":"Shell Parasite","floor":20,"turns":4},{"damage":37,"enemies":"Shelled Parasite and Fungi","floor":21,"turns":2}],"seed_played":"3846806766079595013","potions_obtained":[{"floor":7,"key":"Fruit Juice"},{"floor":12,"key":"Energy Potion"},{"floor":16,"key":"Block Potion"},{"floor":20,"key":"SteroidPotion"}],"is_trial":false,"path_per_floor":["M","?","M","M","M","R","E","R","T","?","M","M","E","M","R","B",null,"M","?","M","M"],"character_chosen":"THE_SILENT","items_purchased":[],"campfire_rested":1,"item_purchase_floors":[],"current_hp_per_floor":[58,58,58,57,57,57,40,40,40,40,37,35,23,23,44,2,54,44,44,32,0],"gold":379,"neow_bonus":"REMOVE_CARD","is_prod":false,"is_daily":false,"chose_seed":false,"campfire_upgraded":2,"win_rate":0,"timestamp":1550085399,"path_taken":["M","?","M","M","M","R","E","R","T","?","M","M","E","M","R","BOSS","M","?","?","M"],"build_version":"2019-01-23","purchased_purges":0,"victory":false,"max_hp_per_floor":[66,66,66,66,66,66,71,71,71,71,71,71,71,71,71,71,71,71,71,71,71],"card_choices":[{"not_picked":["Slice","Setup"],"picked":"Poisoned Stab","floor":1},{"not_picked":["Cloak And Dagger","Deflect"],"picked":"Flechettes","floor":3},{"not_picked":["Escape Plan","Infinite Blades"],"picked":"Quick Slash","floor":4},{"not_picked":["Night Terror","Cloak And Dagger"],"picked":"Crippling Poison","floor":5},{"not_picked":["Riddle With Holes","Prepared","Poisoned Stab"],"picked":"SKIP","floor":7},{"not_picked":["Finisher","Choke","Predator"],"picked":"SKIP","floor":11},{"not_picked":["Slice","Sucker Punch","Tactician"],"picked":"SKIP","floor":12},{"not_picked":["Dagger Throw","Night Terror","Dash"],"picked":"SKIP","floor":13},{"not_picked":["Reflex","Calculated Gamble"],"picked":"Caltrops","floor":14},{"not_picked":["Grand Finale","Adrenaline"],"picked":"Corpse Explosion","floor":16},{"not_picked":["Underhanded Strike+1","Reflex","Dagger Throw"],"picked":"SKIP","floor":18},{"not_picked":["Blade Dance+1","Bane","Sucker Punch+1"],"picked":"SKIP","floor":20}],"player_experience":640833,"relics_obtained":[{"floor":7,"key":"Girya"},{"floor":9,"key":"Mercury Hourglass"},{"floor":13,"key":"Dodecahedron"}],"event_choices":[{"damage_healed":0,"gold_gain":0,"player_choice":"Grow","damage_taken":0,"max_hp_gain":0,"max_hp_loss":0,"event_name":"Living Wall","floor":2,"gold_loss":0,"cards_upgraded":["Poisoned Stab"]},{"damage_healed":0,"gold_gain":0,"player_choice":"Ignored","damage_taken":0,"max_hp_gain":0,"max_hp_loss":0,"event_name":"Liars Game","floor":10,"gold_loss":0},{"damage_healed":0,"gold_gain":0,"player_choice":"Upgraded","damage_taken":0,"max_hp_gain":0,"max_hp_loss":0,"event_name":"Upgrade Shrine","floor":19,"gold_loss":0,"cards_upgraded":["Backflip"]}],"is_beta":false,"boss_relics":[{"not_picked":["Velvet Choker","White Beast Statue"],"picked":"Pandora\u0027s Box"}],"items_purged_floors":[],"is_endless":false,"potions_floor_spawned":[7,12,16,20],"killed_by":"Shelled Parasite and Fungi","ascension_level":20}