{"path_per_floor":["M","?","?","M","$","M","M","R","T","R","E","R","?","E","R","B",null,"M","$","M","M"],"character_chosen":"DEFECT","items_purchased":["Capacitor"],"gold_per_floor":[112,112,62,76,1,21,40,40,40,40,75,75,75,102,102,201,201,216,62,72,83,83],"floor_reached":22,"campfire_rested":3,"playtime":788,"current_hp_per_floor":[69,57,57,57,57,57,46,68,68,68,51,73,73,53,75,45,75,48,48,42,19,0],"items_purged":["Strike_B","Defend_B"],"gold":83,"score":194,"play_id":"9c7dc82c-3d1d-4be6-bab4-6ef1a7914c2b","local_time":"20180428064554","is_prod":false,"is_daily":false,"chose_seed":false,"is_ascension_mode":false,"campfire_upgraded":1,"timestamp":1524919554,"path_taken":["M","?","?","M","$","M","M","R","T","R","E","R","?","E","R","BOSS","M","$","M","M","M"],"build_version":"2018-04-27v3","seed_source_timestamp":1438458112767174,"purchased_purges":2,"victory":false,"master_deck":["Strike_B","Strike_B","Defend_B","Zap","Dualcast","Reboot","Heatsinks","Streamline","Gash","Gash+1","Loop","Machine Learning","Static Discharge","Amplify","Capacitor","Barrage"],"max_hp_per_floor":[75,75,75,75,75,75,75,75,75,75,75,75,75,75,75,75,75,75,75,75,75,75],"relics":["Cracked Core","Gremlin Horn","Pen Nib","Omamori","Centennial Puzzle","Inserter"],"card_choices":[{"not_picked":["Streamline","Beam Cell"],"picked":"Heatsinks","floor":1},{"not_picked":["Sweeping Beam","Coolheaded"],"picked":"Streamline","floor":4},{"not_picked":["All For One","Sunder"],"picked":"Gash","floor":6},{"not_picked":["Leap","Self Repair"],"picked":"Gash","floor":7},{"not_picked":["Rebound","Skim"],"picked":"Loop","floor":11},{"not_picked":["Axe Kick","Reinforced Body"],"picked":"Static Discharge","floor":14},{"not_picked":["Prime","Multi-Cast"],"picked":"Amplify","floor":16},{"not_picked":["Beam Cell","Skim"],"picked":"Barrage","floor":20}],"player_experience":304147,"potions_floor_usage":[16,22,22,22],"damage_taken":[{"damage":6,"enemies":"Jaw Worm","floor":1,"turns":3},{"damage":0,"enemies":"2 Louse","floor":4,"turns":2},{"damage":0,"enemies":"Small Slimes","floor":6,"turns":2},{"damage":11,"enemies":"3 Louse","floor":7,"turns":3},{"damage":17,"enemies":"3 Sentries","floor":11,"turns":6},{"damage":20,"enemies":"Gremlin Nob","floor":14,"turns":4},{"damage":30,"enemies":"Slime Boss","floor":16,"turns":7},{"damage":27,"enemies":"Spheric Guardian","floor":18,"turns":4},{"damage":6,"enemies":"3 Byrds","floor":20,"turns":2},{"damage":23,"enemies":"Centurion and Healer","floor":21,"turns":4},{"damage":36,"enemies":"3 Cultists","floor":22,"turns":3}],"event_choices":[{"event_name":"Scrap Ooze","player_choice":"success","floor":2,"damage_taken":12},{"event_name":"The Cleric","player_choice":"Card Removal","floor":3,"damage_taken":0},{"event_name":"Transmorgrifier","player_choice":"Transform","floor":13,"damage_taken":0}],"boss_relics":[{"not_picked":["White Beast Statue","Lizard Tail"],"picked":"Inserter"}],"potions_floor_spawned":[7,16,18,21],"seed_played":"-6613530873771962255","killed_by":"3 Cultists","ascension_level":0,"is_trial":false}