{"gold_per_floor":[115,133,133,149,149,149,149,165,165,165,189,222,241,241],"floor_reached":14,"playtime":1550,"items_purged":[],"score":92,"play_id":"68f7a6dd-3d50-4fc9-bc71-55aa5297c60c","local_time":"20190307145641","is_ascension_mode":false,"campfire_choices":[{"data":"Backstab","floor":6,"key":"SMITH"},{"data":"Distraction","floor":10,"key":"SMITH"}],"neow_cost":"NONE","seed_source_timestamp":15727823553195,"circlet_count":0,"master_deck":["Defend_G","Defend_G","Defend_G","Defend_G","Strike_G","Strike_G","Strike_G","Strike_G","Survivor","Neutralize","Acrobatics","Deflect","Backstab+1","Distraction+1","Backflip","PiercingWail","Crippling Poison"],"relics":["Ring of the Snake","Golden Idol","Unceasing Top","Shovel"],"potions_floor_usage":[],"damage_taken":[{"damage":2,"enemies":"2 Louse","floor":1,"turns":4},{"damage":8,"enemies":"Jaw Worm","floor":2,"turns":5},{"damage":2,"enemies":"Cultist","floor":4,"turns":4},{"damage":0,"enemies":"3 Louse","floor":8,"turns":3},{"damage":0,"enemies":"2 Fungi Beasts","floor":11,"turns":4},{"damage":21,"enemies":"3 Sentries","floor":12,"turns":14},{"damage":0,"enemies":"Red Slaver","floor":13,"turns":5},{"damage":35,"enemies":"3 Sentries","floor":14,"turns":10}],"seed_played":"6073129554997241607","potions_obtained":[{"floor":1,"key":"FairyPotion"},{"floor":11,"key":"Weak Potion"},{"floor":12,"key":"Dexterity Potion"}],"is_trial":false,"path_per_floor":["M","M","?","M","?","R","?","M","T","R","M","E","M","?"],"character_chosen":"THE_SILENT","items_purchased":[],"campfire_rested":0,"item_purchase_floors":[],"current_hp_per_floor":[75,67,48,46,39,39,39,39,39,39,39,18,18,0],"gold":241,"neow_bonus":"TEN_PERCENT_HP_BONUS","is_prod":false,"is_daily":false,"chose_seed":false,"campfire_upgraded":2,"win_rate":0.0,"timestamp":1551967001,"path_taken":["M","M","?","M","?","R","?","?","T","R","M","E","M","?"],"build_version":"2019-01-23","purchased_purges":0,"victory":false,"max_hp_per_floor":[77,77,77,77,77,77,77,77,77,77,77,77,77,77],"card_choices":[{"not_picked":["Riddle With Holes","Deadly Poison"],"picked":"Acrobatics","floor":1},{"not_picked":["Poisoned Stab","Dagger Throw"],"picked":"Deflect","floor":2},{"not_picked":["Dagger Throw","Dagger Spray"],"picked":"Backstab","floor":4},{"not_picked":["Dagger Spray","Deadly Poison"],"picked":"Distraction","floor":8},{"not_picked":["PiercingWail","Deadly Poison"],"picked":"Backflip","floor":11},{"not_picked":["Choke","Bane"],"picked":"PiercingWail","floor":12},{"not_picked":["Glass Knife","Quick Slash"],"picked":"Crippling Poison","floor":13}],"player_experience":52495,"relics_obtained":[{"floor":9,"key":"Unceasing Top"},{"floor":12,"key":"Shovel"}],"event_choices":[{"damage_healed":0,"gold_gain":0,"player_choice":"Take Damage","damage_taken":19,"relics_obtained":["Golden Idol"],"max_hp_gain":0,"max_hp_loss":0,"event_name":"Golden Idol","floor":3,"gold_loss":0},{"cards_removed":["Defend_G"],"damage_healed":0,"gold_gain":0,"player_choice":"Card Removal","damage_taken":7,"max_hp_gain":0,"max_hp_loss":0,"event_name":"Golden Wing","floor":5,"gold_loss":0},{"cards_removed":["Strike_G"],"damage_healed":0,"gold_gain":0,"player_choice":"Purged","damage_taken":0,"max_hp_gain":0,"max_hp_loss":0,"event_name":"Purifier","floor":7,"gold_loss":0},{"damage_healed":0,"gold_gain":0,"player_choice":"Searched \u00271\u0027 times","damage_taken":0,"max_hp_gain":0,"max_hp_loss":0,"event_name":"Dead Adventurer","floor":14,"gold_loss":0}],"is_beta":false,"boss_relics":[],"items_purged_floors":[],"is_endless":false,"potions_floor_spawned":[1,11,12],"killed_by":"3 Sentries","ascension_level":0}