{"path_per_floor":["M","$","M","M","M","E","R","M","T","M","?","R","?","M","R","B",null,"M","?","$","M","?","R","E","R","T","M","?"],"character_chosen":"DEFECT","items_purchased":["Cold Snap","Capacitor"],"gold_per_floor":[112,14,32,42,53,88,88,99,126,138,138,138,238,255,255,358,358,372,297,144,161,161,161,191,191,242,254,254,254],"floor_reached":29,"campfire_rested":3,"playtime":1514,"current_hp_per_floor":[69,69,69,69,37,23,45,43,43,38,63,63,63,63,63,40,75,44,44,44,8,8,38,21,51,51,15,15,0],"items_purged":["Strike_B","Defend_B"],"gold":254,"score":270,"play_id":"114e06fb-bc42-48af-ad2c-ef486526ad68","local_time":"20180427115434","is_prod":false,"is_daily":false,"chose_seed":false,"is_ascension_mode":false,"campfire_upgraded":2,"timestamp":1524851674,"path_taken":["M","$","M","M","M","E","R","M","T","M","?","R","?","M","R","BOSS","M","?","?","M","?","R","E","R","T","M","?","M"],"build_version":"2018-04-26v2","seed_source_timestamp":1369850678953617,"purchased_purges":2,"victory":false,"master_deck":["Defend_B","Defend_B","Zap","Dualcast","Blaster","Cold Snap","Genetic Algorithm+1","Chaos","Chaos+1","Heatsinks","Impulse","Aggregate","Beam Cell","Creative AI","Impulse","Capacitor","Darkness","Redo","Hello World","Bite","Bite","Bite","Bite","Bite"],"max_hp_per_floor":[75,75,75,75,75,75,75,75,75,75,75,75,75,75,75,75,75,75,75,75,75,75,75,75,75,75,75,75,75],"relics":["Cracked Core","Anchor","Bronze Scales","Eternal Feather","Ancient Tea Set"],"card_choices":[{"not_picked":["Capacitor","Cold Snap"],"picked":"Blaster","floor":1},{"not_picked":["Beam Cell","Leap"],"picked":"Genetic Algorithm","floor":3},{"not_picked":["Stack","Capacitor"],"picked":"Chaos","floor":4},{"not_picked":["Steam Power","Rip and Tear"],"picked":"Chaos","floor":5},{"not_picked":["Cold Snap","Force Field"],"picked":"Heatsinks","floor":6},{"not_picked":["Flux Capacitor","Cold Snap"],"picked":"Impulse","floor":8},{"not_picked":["Glacier","Leap"],"picked":"Aggregate","floor":10},{"not_picked":["Streamline","Steam Power"],"picked":"Beam Cell","floor":14},{"not_picked":["Reboot","Multi-Cast"],"picked":"Creative AI","floor":16},{"not_picked":["Blaster","Streamline"],"picked":"Impulse","floor":18},{"not_picked":["Leap","Go for the Eyes"],"picked":"Darkness","floor":21},{"not_picked":["Axe Kick","Beam Cell"],"picked":"Redo","floor":24},{"not_picked":["Skim","Beam Cell"],"picked":"Hello World","floor":27}],"player_experience":286259,"potions_floor_usage":[6,6,16,24,24,29],"damage_taken":[{"damage":6,"enemies":"Jaw Worm","floor":1,"turns":4},{"damage":0,"enemies":"Cultist","floor":3,"turns":2},{"damage":0,"enemies":"2 Louse","floor":4,"turns":2},{"damage":32,"enemies":"Gremlin Gang","floor":5,"turns":5},{"damage":14,"enemies":"3 Sentries","floor":6,"turns":6},{"damage":2,"enemies":"2 Fungi Beasts","floor":8,"turns":3},{"damage":5,"enemies":"3 Louse","floor":10,"turns":2},{"damage":0,"enemies":"Large Slime","floor":14,"turns":4},{"damage":38,"enemies":"The Guardian","floor":16,"turns":12},{"damage":31,"enemies":"Chosen","floor":18,"turns":6},{"damage":36,"enemies":"3 Byrds","floor":21,"turns":4},{"damage":32,"enemies":"Book of Stabbing","floor":24,"turns":5},{"damage":38,"enemies":"Cultist and Chosen","floor":27,"turns":5},{"damage":24,"enemies":"Centurion and Healer","floor":29,"turns":5}],"event_choices":[{"event_name":"Big Fish","player_choice":"Banana","floor":11,"damage_taken":0},{"event_name":"Golden Shrine","player_choice":"Pray","floor":13,"damage_taken":0},{"event_name":"Beggar","player_choice":"Gave Gold","floor":19,"damage_taken":0},{"event_name":"Drug Dealer","player_choice":"Ignored","floor":22,"damage_taken":0},{"event_name":"Vampires","player_choice":"Became a vampire (Vial)","floor":28,"damage_taken":0}],"boss_relics":[{"not_picked":["Ectoplasm","Sozu"],"picked":"Eternal Feather"}],"potions_floor_spawned":[3,4,10,16,18,27],"seed_played":"9055510504482244370","killed_by":"Centurion and Healer","ascension_level":0,"is_trial":false}