{"gold_per_floor":[118,118,193,20,34,34,51,77,77,77,89,89,100,117,117,214,214,226,226,226,226,126,126,136,136,136,136,56,74,74,106,106,106],"floor_reached":33,"playtime":4932,"items_purged":["Strike_G","Pain"],"score":302,"play_id":"e7a6fc48-eb53-4975-ade6-bd0948f52b7b","local_time":"20190122232610","is_ascension_mode":true,"campfire_choices":[{"data":"Dash","floor":6.0,"key":"SMITH"},{"floor":15.0,"key":"REST"},{"floor":23,"key":"REST"},{"data":"Setup","floor":25,"key":"SMITH"},{"floor":32,"key":"REST"}],"neow_cost":"NONE","seed_source_timestamp":0,"circlet_count":0,"master_deck":["Defend_G","Defend_G","Defend_G","Defend_G","Defend_G","Strike_G","Strike_G+1","Strike_G","Survivor","Neutralize","Deadly Poison+1","PiercingWail","Dash+1","Bouncing Flask","Well Laid Plans","All Out Attack","Deadly Poison","Setup+1","Night Terror","Clumsy","Sucker Punch+1","Necronomicurse","Parasite","RitualDagger","Dodge and Roll","Catalyst","Setup","Riddle With Holes","Caltrops+1"],"special_seed":0,"relics":["White Beast Statue","Blue Candle","Bronze Scales","Calling Bell","Anchor","Ninja Scroll","The Specimen","Necronomicon","Meat on the Bone","Bag of Preparation"],"potions_floor_usage":[18,29,31,33,33,33],"damage_taken":[{"damage":0.0,"enemies":"Jaw Worm","floor":1.0,"turns":7.0},{"damage":4.0,"enemies":"Small Slimes","floor":5.0,"turns":5.0},{"damage":8.0,"enemies":"Cultist","floor":7.0,"turns":5.0},{"damage":11.0,"enemies":"3 Sentries","floor":8.0,"turns":7.0},{"damage":0.0,"enemies":"Blue Slaver","floor":11.0,"turns":3.0},{"damage":13.0,"enemies":"Large Slime","floor":13.0,"turns":4.0},{"damage":0.0,"enemies":"2 Fungi Beasts","floor":14.0,"turns":3.0},{"damage":16.0,"enemies":"Hexaghost","floor":16.0,"turns":8.0},{"damage":10,"enemies":"Spheric Guardian","floor":18,"turns":5},{"damage":0,"enemies":"Chosen","floor":24,"turns":4},{"damage":6,"enemies":"Snecko","floor":29,"turns":5},{"damage":39,"enemies":"Book of Stabbing","floor":31,"turns":6},{"damage":53,"enemies":"Champ","floor":33,"turns":11}],"seed_played":"1263566071717733928","potions_obtained":[{"floor":1.0,"key":"SpeedPotion"},{"floor":5.0,"key":"Poison Potion"},{"floor":7.0,"key":"Explosive Potion"},{"floor":8.0,"key":"Strength Potion"},{"floor":11.0,"key":"SteroidPotion"},{"floor":13.0,"key":"Strength Potion"},{"floor":14.0,"key":"SpeedPotion"},{"floor":16.0,"key":"Block Potion"},{"floor":18,"key":"Dexterity Potion"},{"floor":24,"key":"EssenceOfSteel"},{"floor":29,"key":"Dexterity Potion"},{"floor":31,"key":"Weak Potion"}],"is_trial":false,"path_per_floor":["M","$","?","$","M","R","M","E","T","?","M","?","M","M","R","B",null,"M","?","?","?","$","R","M","R","T","?","$","M","T","E","R","B"],"character_chosen":"THE_SILENT","items_purchased":["PiercingWail","Dash","Setup"],"campfire_rested":3,"item_purchase_floors":[4,4,28],"current_hp_per_floor":[70,70,59,59,55,55,47,36,36,22,22,22,9,9,30,14,70,60,44,44,38,38,59,59,59,59,59,59,53,53,26,47,0],"gold":106,"neow_bonus":"BOSS_RELIC","is_prod":false,"is_daily":false,"chose_seed":false,"campfire_upgraded":2,"win_rate":0,"timestamp":1548217570,"path_taken":["M","$","?","$","M","R","M","E","T","?","M","?","?","M","R","BOSS","M","?","?","?","$","R","M","R","T","?","$","?","?","E","R","BOSS"],"build_version":"2019-01-17v2","purchased_purges":2,"victory":false,"max_hp_per_floor":[70,70,70,70,70,70,70,70,70,70,70,70,70,70,70,70,70,70,70,70,70,70,70,70,70,70,70,70,70,70,70,70,70],"card_choices":[{"not_picked":["Flechettes","Blade Dance"],"picked":"Deadly Poison","floor":1.0},{"not_picked":["Quick Slash","Riddle With Holes"],"picked":"Bouncing Flask","floor":5.0},{"not_picked":["Accuracy","Caltrops"],"picked":"Well Laid Plans","floor":7.0},{"not_picked":["Endless Agony","Skewer"],"picked":"All Out Attack","floor":8.0},{"not_picked":["Slice","Quick Slash"],"picked":"Deadly Poison","floor":11.0},{"not_picked":["Flying Knee","Noxious Fumes"],"picked":"Setup","floor":13.0},{"not_picked":["Dodge and Roll","Flying Knee","Heel Hook"],"picked":"SKIP","floor":14.0},{"not_picked":["Die Die Die","Venomology"],"picked":"Night Terror","floor":16.0},{"not_picked":["Finisher","Dagger Throw+1"],"picked":"Sucker Punch+1","floor":18},{"not_picked":["Masterful Stab","Dagger Throw"],"picked":"Dodge and Roll","floor":24},{"not_picked":["Catalyst","PiercingWail+1"],"picked":"Riddle With Holes","floor":29},{"not_picked":["Poisoned Stab+1","Finisher+1"],"picked":"Caltrops+1","floor":31}],"player_experience":148187,"relics_obtained":[{"floor":8.0,"key":"Blue Candle"},{"floor":9.0,"key":"Bronze Scales"},{"floor":17.0,"key":"Anchor"},{"floor":17.0,"key":"Ninja Scroll"},{"floor":17.0,"key":"The Specimen"},{"floor":19,"key":"Necronomicon"},{"floor":26,"key":"Meat on the Bone"},{"floor":31,"key":"Bag of Preparation"}],"event_choices":[{"damage_healed":0.0,"max_hp_gain":0.0,"max_hp_loss":0.0,"gold_gain":75.0,"event_name":"World of Goop","player_choice":"Gather Gold","floor":3.0,"gold_loss":0.0,"damage_taken":11.0},{"damage_healed":0.0,"max_hp_gain":0.0,"max_hp_loss":0.0,"gold_gain":0.0,"event_name":"Shining Light","player_choice":"Entered Light","floor":10.0,"gold_loss":0.0,"damage_taken":14.0,"cards_upgraded":["Deadly Poison","Strike_G"]},{"cards_removed":["Strike_G"],"damage_healed":0.0,"max_hp_gain":0.0,"max_hp_loss":0.0,"gold_gain":0.0,"event_name":"Bonfire Elementals","player_choice":"Offered Basic","floor":12.0,"gold_loss":0.0,"damage_taken":0.0},{"damage_healed":0,"gold_gain":0,"player_choice":"Obtained Book","damage_taken":16,"max_hp_gain":0,"max_hp_loss":0,"event_name":"Cursed Tome","floor":19,"gold_loss":0},{"damage_healed":0,"gold_gain":0,"cards_transformed":["Doubt","Injury"],"player_choice":"Became Test Subject","damage_taken":0,"max_hp_gain":0,"max_hp_loss":0,"event_name":"Drug Dealer","floor":20,"gold_loss":0,"cards_obtained":["Parasite","Pain"]},{"damage_healed":0,"gold_gain":0,"player_choice":"Joined the Cult","damage_taken":6,"max_hp_gain":0,"max_hp_loss":0,"event_name":"Nest","floor":21,"gold_loss":0,"cards_obtained":["RitualDagger"]},{"damage_healed":0,"gold_gain":0,"player_choice":"Read","damage_taken":0,"max_hp_gain":0,"max_hp_loss":0,"event_name":"The Library","floor":27,"gold_loss":0,"cards_obtained":["Catalyst"]}],"is_beta":false,"boss_relics":[{"not_picked":["HoveringKite","Cursed Key"],"picked":"Calling Bell"}],"items_purged_floors":[4,22],"is_endless":false,"potions_floor_spawned":[1,5,7,8,11,13,14,16,18,24,29,31],"killed_by":"Champ","ascension_level":3}