{"gold_per_floor":[215,215,231,406,140,140,168,168,221,254,254,154,154,29,29,148,148,161,11,11,11,11,52,52,70,138,138,36,67,90,3,3,3],"floor_reached":33,"playtime":1443,"items_purged":["Regret","Doubt","Injury","Strike_B"],"score":453,"play_id":"a46e1fd9-5436-4f86-896e-1d3f4f938a57","local_time":"20181102131734","is_ascension_mode":true,"campfire_choices":[{"data":"Zap","floor":6,"key":"SMITH"},{"data":"Go for the Eyes","floor":8,"key":"SMITH"},{"floor":15,"key":"REST"},{"floor":27,"key":"REST"},{"floor":32,"key":"REST"}],"neow_cost":"NONE","seed_source_timestamp":337889102935386,"circlet_count":0,"master_deck":["AscendersBane","Strike_B","Strike_B","Strike_B","Defend_B+1","Defend_B","Defend_B+1","Defend_B","Zap+1","Dualcast","Conserve Battery","Rip and Tear","Go for the Eyes+1","Biased Cognition","White Noise+1","Darkness+1","Coolheaded","Hologram+1","Self Repair"],"relics":["Cracked Core","Turnip","MealTicket","Symbiotic Virus","PreservedInsect","Regal Pillow","Golden Idol","Runic Pyramid","Mango","Shuriken","Potion Belt"],"potions_floor_usage":[23,29,33,33,33],"damage_taken":[{"damage":0,"enemies":"Small Slimes","floor":1,"turns":3},{"damage":4,"enemies":"2 Louse","floor":3,"turns":3},{"damage":31,"enemies":"3 Sentries","floor":7,"turns":7},{"damage":15,"enemies":"Gremlin Nob","floor":10,"turns":3},{"damage":22,"enemies":"The Guardian","floor":16,"turns":12},{"damage":0,"enemies":"Chosen","floor":18,"turns":4},{"damage":29,"enemies":"Gremlin Leader","floor":23,"turns":5},{"damage":4,"enemies":"Shell Parasite","floor":25,"turns":3},{"damage":37,"enemies":"Slavers","floor":29,"turns":5},{"damage":12,"enemies":"Chosen and Byrds","floor":30,"turns":5},{"damage":95,"enemies":"Collector","floor":33,"turns":9}],"seed_played":"-9183370071319421965","potions_obtained":[{"floor":18,"key":"Poison Potion"},{"floor":29,"key":"Weak Potion"},{"floor":30,"key":"Regen Potion"}],"is_trial":false,"path_per_floor":["M","?","M","?","$","R","E","R","T","E","?","$","?","$","R","B",null,"M","$","?","?","?","E","?","M","T","R","$","E","M","$","R","B"],"character_chosen":"DEFECT","items_purchased":["MealTicket","Coolheaded","SkillPotion","PowerPotion","Self Repair"],"campfire_rested":3,"item_purchase_floors":[5,28,28,31,31],"current_hp_per_floor":[68,68,64,64,64,64,33,33,33,18,18,18,3,13,50,28,63,63,73,73,59,43,28,28,24,24,67,77,40,28,28,71,0],"gold":3,"neow_bonus":"HUNDRED_GOLD","is_prod":false,"is_daily":false,"chose_seed":false,"campfire_upgraded":2,"win_rate":0,"timestamp":1541179054,"path_taken":["M","?","M","?","$","R","E","R","T","E","?","?","?","$","R","BOSS","M","$","?","?","?","E","?","M","T","R","$","E","M","?","R","BOSS"],"build_version":"2018-11-01","purchased_purges":4,"victory":false,"max_hp_per_floor":[75,75,75,75,75,75,75,75,75,75,75,75,75,75,75,75,75,75,75,75,80,80,94,94,94,94,94,94,94,94,94,94,94],"card_choices":[{"not_picked":["Aggregate","Skim"],"picked":"Conserve Battery","floor":1},{"not_picked":["Blizzard","Turbo"],"picked":"Rip and Tear","floor":3},{"not_picked":["Skim","Doom and Gloom"],"picked":"Go for the Eyes","floor":7},{"not_picked":["Ball Lightning","Rip and Tear","Beam Cell"],"picked":"SKIP","floor":10},{"not_picked":["Echo Form","Meteor Strike"],"picked":"Biased Cognition","floor":16},{"not_picked":["Rebound","Steam"],"picked":"White Noise+1","floor":18},{"not_picked":["Aggregate","Scrape+1","Beam Cell"],"picked":"SKIP","floor":23},{"not_picked":["Stack","Force Field"],"picked":"Darkness+1","floor":25},{"not_picked":["Compile Driver+1","Go for the Eyes","Lockon"],"picked":"SKIP","floor":29},{"not_picked":["Fusion","Static Discharge"],"picked":"Hologram+1","floor":30}],"player_experience":152230,"relics_obtained":[{"floor":7,"key":"Symbiotic Virus"},{"floor":9,"key":"PreservedInsect"},{"floor":10,"key":"Regal Pillow"},{"floor":23,"key":"Mango"},{"floor":26,"key":"Shuriken"},{"floor":29,"key":"Potion Belt"}],"event_choices":[{"damage_healed":0,"gold_gain":0,"player_choice":"Box","damage_taken":0,"relics_obtained":["Turnip"],"max_hp_gain":0,"max_hp_loss":0,"event_name":"Big Fish","floor":2,"gold_loss":0,"cards_obtained":["Regret"]},{"damage_healed":0,"gold_gain":175,"player_choice":"AGREE","damage_taken":0,"max_hp_gain":0,"max_hp_loss":0,"event_name":"Liars Game","floor":4,"gold_loss":0,"cards_obtained":["Doubt"]},{"damage_healed":0,"gold_gain":0,"player_choice":"Take Wound","damage_taken":0,"relics_obtained":["Golden Idol"],"max_hp_gain":0,"max_hp_loss":0,"event_name":"Golden Idol","floor":11,"gold_loss":0,"cards_obtained":["Injury"]},{"damage_healed":0,"gold_gain":0,"player_choice":"Entered Light","damage_taken":15,"max_hp_gain":0,"max_hp_loss":0,"event_name":"Shining Light","floor":13,"gold_loss":0,"cards_upgraded":["Defend_B","Defend_B"]},{"damage_healed":0,"gold_gain":0,"player_choice":"Ignored","damage_taken":0,"max_hp_gain":0,"max_hp_loss":0,"event_name":"The Mausoleum","floor":20,"gold_loss":0},{"damage_healed":0,"gold_gain":0,"player_choice":"Shed Blood","damage_taken":19,"max_hp_gain":5,"max_hp_loss":0,"event_name":"Forgotten Altar","floor":21,"gold_loss":0},{"damage_healed":0,"gold_gain":0,"player_choice":"Obtained Book","damage_taken":16,"max_hp_gain":0,"max_hp_loss":0,"event_name":"Cursed Tome","floor":22,"gold_loss":0}],"is_beta":false,"boss_relics":[{"not_picked":["Snecko Eye","Ectoplasm"],"picked":"Runic Pyramid"}],"items_purged_floors":[5,12,14,19],"is_endless":false,"potions_floor_spawned":[18,29,30],"killed_by":"Collector","ascension_level":10}