{"gold_per_floor":[119,131,151,151,176,209,209,221,248,248,263,263,285,20,20,98,98,109,120,120,90,102,102,128,128,128,147,160,190,5,24,24,101,101,117,131,150,13,33,33,47,47],"floor_reached":42,"playtime":1485,"items_purged":["Strike_R"],"score":982,"play_id":"7a09b528-03e8-4bbe-902b-4ebe47954d72","local_time":"20181128092155","is_ascension_mode":true,"campfire_choices":[{"floor":7,"key":"REST"},{"data":"Bludgeon","floor":10,"key":"SMITH"},{"floor":15,"key":"REST"},{"floor":23,"key":"REST"},{"floor":25,"key":"REST"},{"floor":32,"key":"REST"},{"floor":40,"key":"REST"}],"neow_cost":"NONE","seed_source_timestamp":1194528298603424,"circlet_count":0,"master_deck":["AscendersBane","Strike_R","Strike_R","Strike_R","Strike_R+1","Defend_R","Defend_R","Defend_R+1","Defend_R","Bash+1","Battle Trance","Infernal Blade+1","Headbutt","Bludgeon+1","Shrug It Off","Evolve","Inflame","Pummel","Immolate","Shockwave","Whirlwind","Barricade","Shrug It Off","Uppercut","Shrug It Off","Disarm"],"relics":["Burning Blood","Omamori","Vajra","Orichalcum","Odd Mushroom","Membership Card","Snecko Eye","Lantern","Matryoshka","Torii","Meat on the Bone","Philosopher\u0027s Stone","Ancient Tea Set"],"potions_floor_usage":[6,16,16,24,29,31,36,36,42],"damage_taken":[{"damage":12,"enemies":"Jaw Worm","floor":1,"turns":3},{"damage":5,"enemies":"2 Louse","floor":2,"turns":3},{"damage":6,"enemies":"Cultist","floor":3,"turns":3},{"damage":35,"enemies":"Lagavulin","floor":6,"turns":4},{"damage":12,"enemies":"Lots of Slimes","floor":8,"turns":4},{"damage":5,"enemies":"Blue Slaver","floor":11,"turns":2},{"damage":27,"enemies":"The Mushroom Lair","floor":13,"turns":4},{"damage":0,"enemies":"Slime Boss","floor":16,"turns":4},{"damage":0,"enemies":"2 Thieves","floor":18,"turns":2},{"damage":17,"enemies":"Shell Parasite","floor":19,"turns":3},{"damage":5,"enemies":"Sentry and Sphere","floor":22,"turns":3},{"damage":29,"enemies":"Gremlin Leader","floor":24,"turns":4},{"damage":0,"enemies":"Snecko","floor":27,"turns":3},{"damage":9,"enemies":"Centurion and Healer","floor":28,"turns":3},{"damage":32,"enemies":"Slavers","floor":29,"turns":3},{"damage":16,"enemies":"Shelled Parasite and Fungi","floor":31,"turns":2},{"damage":23,"enemies":"Collector","floor":33,"turns":5},{"damage":35,"enemies":"3 Shapes","floor":35,"turns":1},{"damage":18,"enemies":"3 Darklings","floor":36,"turns":3},{"damage":25,"enemies":"Jaw Worm Horde","floor":37,"turns":2},{"damage":28,"enemies":"4 Shapes","floor":39,"turns":3},{"damage":18,"enemies":"3 Darklings","floor":41,"turns":3},{"damage":72,"enemies":"Giant Head","floor":42,"turns":6}],"seed_played":"6655949227520967918","potions_obtained":[{"floor":1,"key":"SteroidPotion"},{"floor":3,"key":"Strength Potion"},{"floor":8,"key":"Strength Potion"},{"floor":21,"key":"SpeedPotion"},{"floor":21,"key":"Poison Potion"},{"floor":24,"key":"Swift Potion"},{"floor":28,"key":"Energy Potion"},{"floor":29,"key":"GamblersBrew"},{"floor":33,"key":"BloodPotion"},{"floor":41,"key":"Swift Potion"}],"is_trial":false,"path_per_floor":["M","M","M","?","T","E","R","M","T","R","M","?","?","$","R","B",null,"M","M","?","?","M","R","E","R","T","M","M","E","$","M","R","B",null,"M","M","M","$","M","R","M","E"],"character_chosen":"IRONCLAD","items_purchased":["Membership Card","Pummel","Shockwave","Meat on the Bone","Disarm","Ancient Tea Set"],"campfire_rested":6,"item_purchase_floors":[14,14,30,30,38,38],"current_hp_per_floor":[62,63,63,63,63,34,56,50,50,50,51,28,7,7,29,35,65,71,60,39,39,40,64,41,65,65,71,68,42,42,44,68,51,73,56,52,45,45,35,59,47,0],"gold":47,"neow_bonus":"UPGRADE_CARD","is_prod":false,"is_daily":false,"chose_seed":false,"campfire_upgraded":1,"win_rate":0,"timestamp":1543414915,"path_taken":["M","M","M","?","?","E","R","M","T","R","M","?","?","$","R","BOSS","M","M","?","?","M","R","E","R","T","M","M","E","$","M","R","BOSS","M","M","?","$","M","R","M","E"],"build_version":"2018-11-15","purchased_purges":1,"victory":false,"max_hp_per_floor":[75,75,75,75,75,75,75,75,75,75,75,75,75,75,75,75,75,75,75,80,80,80,80,80,80,80,80,80,80,80,80,80,80,80,80,80,80,80,80,80,80,80],"card_choices":[{"not_picked":["Bloodletting","Havoc"],"picked":"Battle Trance","floor":1},{"not_picked":["Metallicize","Perfected Strike"],"picked":"Infernal Blade","floor":2},{"not_picked":["Heavy Blade","Clash"],"picked":"Headbutt","floor":3},{"not_picked":["Burning Pact","Dropkick"],"picked":"Bludgeon","floor":6},{"not_picked":["Dropkick","Disarm"],"picked":"Shrug It Off","floor":8},{"not_picked":["Flex","Pummel"],"picked":"Evolve","floor":11},{"not_picked":["Spot Weakness","Thunderclap"],"picked":"Inflame","floor":13},{"not_picked":["Juggernaut","Fiend Fire"],"picked":"Immolate","floor":16},{"not_picked":["Rupture","Anger","Warcry"],"picked":"SKIP","floor":18},{"not_picked":["Searing Blow","Iron Wave","Twin Strike"],"picked":"SKIP","floor":19},{"not_picked":["Seeing Red","Iron Wave","Anger"],"picked":"SKIP","floor":22},{"not_picked":["Thunderclap","Entrench","Sword Boomerang"],"picked":"SKIP","floor":24},{"not_picked":["Hemokinesis","Anger","Power Through+1"],"picked":"SKIP","floor":27},{"not_picked":["Twin Strike+1","Thunderclap","Iron Wave"],"picked":"SKIP","floor":28},{"not_picked":["Reckless Charge","Fire Breathing","Dropkick"],"picked":"SKIP","floor":29},{"not_picked":["Rampage+1","Flame Barrier"],"picked":"Whirlwind","floor":31},{"not_picked":["Exhume","Fiend Fire"],"picked":"Barricade","floor":33},{"not_picked":["Clash","Hemokinesis"],"picked":"Shrug It Off","floor":35},{"not_picked":["Armaments","Body Slam","Uppercut"],"picked":"SKIP","floor":36},{"not_picked":["Armaments","Body Slam"],"picked":"Uppercut","floor":36},{"not_picked":["Body Slam","Dropkick"],"picked":"Shrug It Off","floor":37},{"not_picked":["Seeing Red","Infernal Blade","Iron Wave"],"picked":"SKIP","floor":39},{"not_picked":["True Grit","Heavy Blade","Seeing Red"],"picked":"SKIP","floor":41}],"player_experience":527796,"relics_obtained":[{"floor":5,"key":"Omamori"},{"floor":6,"key":"Vajra"},{"floor":9,"key":"Orichalcum"},{"floor":13,"key":"Odd Mushroom"},{"floor":24,"key":"Lantern"},{"floor":26,"key":"Matryoshka"},{"floor":29,"key":"Torii"}],"event_choices":[{"damage_healed":0,"gold_gain":0,"player_choice":"Grow","damage_taken":0,"max_hp_gain":0,"max_hp_loss":0,"event_name":"Living Wall","floor":4,"gold_loss":0,"cards_upgraded":["Infernal Blade"]},{"damage_healed":0,"gold_gain":0,"player_choice":"Entered Light","damage_taken":23,"max_hp_gain":0,"max_hp_loss":0,"event_name":"Shining Light","floor":12,"gold_loss":0,"cards_upgraded":["Defend_R","Strike_R"]},{"damage_healed":0,"gold_gain":0,"player_choice":"Fought Mushrooms","damage_taken":0,"max_hp_gain":0,"max_hp_loss":0,"event_name":"Mushrooms","floor":13,"gold_loss":0},{"damage_healed":0,"gold_gain":0,"player_choice":"Shed Blood","damage_taken":26,"max_hp_gain":5,"max_hp_loss":0,"event_name":"Forgotten Altar","floor":20,"gold_loss":0},{"damage_healed":0,"gold_gain":0,"player_choice":"Bought 2 Potions","damage_taken":0,"max_hp_gain":0,"max_hp_loss":0,"event_name":"The Woman in Blue","floor":21,"gold_loss":0}],"is_beta":false,"boss_relics":[{"not_picked":["Runic Dome","Tiny House"],"picked":"Snecko Eye"},{"not_picked":["White Beast Statue","Orrery"],"picked":"Philosopher\u0027s Stone"}],"items_purged_floors":[38],"is_endless":false,"potions_floor_spawned":[1,3,8,24,28,29,33,35,41],"killed_by":"Giant Head","ascension_level":18}