{"gold_per_floor":[118,133,150,6,25,25,52,52,52,69,89,120,120,120],"floor_reached":14,"playtime":530,"items_purged":[],"score":153,"play_id":"3fcefcb1-4fa9-40de-9c03-7c239b3b049b","local_time":"20181102141801","is_ascension_mode":true,"campfire_choices":[{"data":"Zap","floor":6,"key":"SMITH"},{"floor":8,"key":"REST"}],"neow_cost":"NONE","seed_source_timestamp":342430344798075,"circlet_count":0,"master_deck":["AscendersBane","Strike_B","Strike_B","Strike_B","Defend_B","Defend_B","Defend_B","Defend_B","Zap+1","Dualcast","Ball Lightning","Rebound","Loop","Ball Lightning","Go for the Eyes","Fission+1","Rebound+1","Beam Cell+1","All For One+1"],"relics":["Cracked Core","Regal Pillow","Molten Egg 2","Letter Opener","Meat on the Bone"],"potions_floor_usage":[12],"damage_taken":[{"damage":0,"enemies":"Cultist","floor":1,"turns":4},{"damage":0,"enemies":"Small Slimes","floor":2,"turns":3},{"damage":7,"enemies":"Jaw Worm","floor":3,"turns":3},{"damage":14,"enemies":"3 Louse","floor":5,"turns":3},{"damage":35,"enemies":"3 Sentries","floor":7,"turns":5},{"damage":8,"enemies":"Blue Slaver","floor":10,"turns":2},{"damage":15,"enemies":"Gremlin Gang","floor":11,"turns":3},{"damage":12,"enemies":"Gremlin Nob","floor":12,"turns":3},{"damage":15,"enemies":"Lagavulin","floor":14,"turns":3}],"seed_played":"2417459545440944900","potions_obtained":[{"floor":3,"key":"Weak Potion"},{"floor":7,"key":"Fire Potion"},{"floor":11,"key":"SpeedPotion"}],"is_trial":false,"path_per_floor":["M","M","M","$","M","R","E","R","T","M","M","E","?","E"],"character_chosen":"DEFECT","items_purchased":["Regal Pillow"],"campfire_rested":1,"item_purchase_floors":[4],"current_hp_per_floor":[68,68,61,61,47,47,12,49,49,41,26,14,14,0],"gold":120,"neow_bonus":"TRANSFORM_CARD","is_prod":false,"is_daily":false,"chose_seed":false,"campfire_upgraded":1,"win_rate":0,"timestamp":1541182681,"path_taken":["M","M","?","?","?","R","E","R","T","M","M","E","?","E"],"build_version":"2018-11-01","purchased_purges":0,"victory":false,"max_hp_per_floor":[75,75,75,75,75,75,75,75,75,75,75,75,75,75],"card_choices":[{"not_picked":["Steam Power","Ball Lightning"],"picked":"Rebound","floor":1},{"not_picked":["Skim","Stack"],"picked":"Loop","floor":2},{"not_picked":["Steam Power","Leap"],"picked":"Ball Lightning","floor":3},{"not_picked":["Tempest","Beam Cell"],"picked":"Go for the Eyes","floor":5},{"not_picked":["Blizzard","Meteor Strike"],"picked":"Fission","floor":7},{"not_picked":["Hologram","Reinforced Body"],"picked":"Rebound+1","floor":10},{"not_picked":["Barrage+1","Leap"],"picked":"Beam Cell+1","floor":11},{"not_picked":["Steam","Ball Lightning+1"],"picked":"All For One+1","floor":12}],"player_experience":156719,"relics_obtained":[{"floor":7,"key":"Molten Egg 2"},{"floor":9,"key":"Letter Opener"},{"floor":12,"key":"Meat on the Bone"}],"event_choices":[{"damage_healed":0,"gold_gain":0,"player_choice":"Grow","damage_taken":0,"max_hp_gain":0,"max_hp_loss":0,"event_name":"Living Wall","floor":13,"gold_loss":0,"cards_upgraded":["Fission"]}],"is_beta":false,"boss_relics":[],"items_purged_floors":[],"is_endless":false,"potions_floor_spawned":[3,7,11],"killed_by":"Lagavulin","ascension_level":10}