{"gold_per_floor":[119,119,119,140,208,208,221,265,341,414,433,448,448,472,472,596,596,611,112,130,55,55,55,88,88,88,113,137,137,153,153],"floor_reached":31,"playtime":2757,"items_purged":["Strike_R"],"score":282,"play_id":"009b014a-9bf7-4991-b55f-d89e34815348","local_time":"20190131012056","is_ascension_mode":false,"campfire_choices":[{"data":"Evolve","floor":6,"key":"SMITH"},{"floor":13,"key":"REST"},{"floor":15,"key":"REST"},{"floor":23,"key":"REST"},{"data":"Metallicize","floor":25,"key":"SMITH"},{"floor":29,"key":"REST"}],"neow_cost":"NONE","seed_source_timestamp":573744158858100,"circlet_count":0,"master_deck":["Strike_R","Strike_R","Strike_R","Defend_R+1","Defend_R","Defend_R+1","Bash","Evolve+1","Anger","Armaments+1","Offering+1","Shrug It Off+1","Ghostly Armor+1","Thinking Ahead+1","Metallicize+1","Armaments+1","Sentinel+1","True Grit+1"],"relics":["Burning Blood","Golden Idol","Shuriken","Strawberry","Toxic Egg 2","Gremlin Horn","Philosopher\u0027s Stone","Lantern","Molten Egg 2","Boot","War Paint"],"potions_floor_usage":[12,12,16,24,24],"damage_taken":[{"damage":1,"enemies":"2 Louse","floor":1,"turns":4},{"damage":0,"enemies":"Small Slimes","floor":4,"turns":4},{"damage":22,"enemies":"Jaw Worm","floor":7,"turns":5},{"damage":36,"enemies":"Lagavulin","floor":8,"turns":7},{"damage":12,"enemies":"Looter","floor":11,"turns":4},{"damage":20,"enemies":"Gremlin Gang","floor":12,"turns":6},{"damage":8,"enemies":"Red Slaver","floor":14,"turns":4},{"damage":53,"enemies":"Hexaghost","floor":16,"turns":10},{"damage":68,"enemies":"3 Byrds","floor":18,"turns":7},{"damage":3,"enemies":"Chosen","floor":20,"turns":6},{"damage":6,"enemies":"Gremlin Leader","floor":24,"turns":6},{"damage":19,"enemies":"Snecko","floor":27,"turns":7},{"damage":26,"enemies":"Snake Plant","floor":28,"turns":4},{"damage":6,"enemies":"Centurion and Healer","floor":30,"turns":9},{"damage":59,"enemies":"Cultist and Chosen","floor":31,"turns":6}],"seed_played":"-934790737348078296","potions_obtained":[{"floor":1,"key":"Strength Potion"},{"floor":4,"key":"SpeedPotion"},{"floor":8,"key":"EssenceOfSteel"},{"floor":14,"key":"Energy Potion"},{"floor":20,"key":"Energy Potion"},{"floor":24,"key":"Dexterity Potion"},{"floor":27,"key":"Weak Potion"},{"floor":30,"key":"SpeedPotion"}],"is_trial":false,"path_per_floor":["M","?","?","M","T","R","M","E","T","T","M","M","R","M","R","B",null,"M","$","M","?","T","R","E","R","T","M","M","R","M","M"],"character_chosen":"IRONCLAD","items_purchased":["Ghostly Armor+1","Thinking Ahead+1","Lantern","Metallicize"],"campfire_rested":4,"item_purchase_floors":[19,19,19,19],"current_hp_per_floor":[88,81,81,81,81,81,65,42,42,42,36,22,48,46,72,25,88,26,26,29,29,29,55,55,55,55,42,22,48,48,0],"gold":153,"neow_bonus":"TEN_PERCENT_HP_BONUS","is_prod":false,"is_daily":false,"chose_seed":false,"campfire_upgraded":2,"win_rate":0.0,"timestamp":1548858056,"path_taken":["M","?","?","M","?","R","M","E","T","?","?","M","R","M","R","BOSS","M","$","M","?","?","R","E","R","T","?","?","R","M","M"],"build_version":"2019-01-23","purchased_purges":1,"victory":false,"max_hp_per_floor":[88,81,81,81,81,81,81,88,88,88,88,88,88,88,88,88,88,88,88,88,88,88,88,88,88,88,88,88,88,88,88],"card_choices":[{"not_picked":["Heavy Blade","Iron Wave"],"picked":"Evolve","floor":1},{"not_picked":["Sentinel","Havoc","Dual Wield"],"picked":"SKIP","floor":4},{"not_picked":["Cleave","Second Wind"],"picked":"Anger","floor":7},{"not_picked":["Blood for Blood","Berserk","Perfected Strike"],"picked":"SKIP","floor":8},{"not_picked":["Entrench+1","Havoc+1"],"picked":"Armaments+1","floor":11},{"not_picked":["Wild Strike","Cleave","Sword Boomerang"],"picked":"SKIP","floor":12},{"not_picked":["Twin Strike","Heavy Blade","Body Slam"],"picked":"SKIP","floor":14},{"not_picked":["Bludgeon","Fiend Fire"],"picked":"Offering+1","floor":16},{"not_picked":["Second Wind+1","Reckless Charge"],"picked":"Shrug It Off+1","floor":18},{"not_picked":["Heavy Blade","Rampage","Iron Wave+1"],"picked":"SKIP","floor":20},{"not_picked":["Clash+1","Heavy Blade+1"],"picked":"Armaments+1","floor":24},{"not_picked":["Corruption","Searing Blow+1","Perfected Strike+1"],"picked":"SKIP","floor":27},{"not_picked":["Pommel Strike+1","Headbutt+1"],"picked":"Sentinel+1","floor":28},{"not_picked":["Searing Blow+1","Havoc+1"],"picked":"True Grit+1","floor":30}],"player_experience":54792,"relics_obtained":[{"floor":5,"key":"Shuriken"},{"floor":8,"key":"Strawberry"},{"floor":9,"key":"Toxic Egg 2"},{"floor":10,"key":"Gremlin Horn"},{"floor":22,"key":"Molten Egg 2"},{"floor":24,"key":"Boot"},{"floor":26,"key":"War Paint"}],"event_choices":[{"damage_healed":0,"gold_gain":0,"player_choice":"Lose Max HP","damage_taken":0,"relics_obtained":["Golden Idol"],"max_hp_gain":0,"max_hp_loss":7,"event_name":"Golden Idol","floor":2,"gold_loss":0},{"cards_removed":["Strike_R"],"damage_healed":0,"gold_gain":0,"player_choice":"Forget","damage_taken":0,"max_hp_gain":0,"max_hp_loss":0,"event_name":"Living Wall","floor":3,"gold_loss":0},{"cards_removed":["Defend_R"],"damage_healed":0,"gold_gain":0,"player_choice":"Gave Gold","damage_taken":0,"max_hp_gain":0,"max_hp_loss":0,"event_name":"Beggar","floor":21,"gold_loss":75}],"is_beta":false,"boss_relics":[{"not_picked":["Black Star","Runic Dome"],"picked":"Philosopher\u0027s Stone"}],"items_purged_floors":[19],"is_endless":false,"potions_floor_spawned":[1,4,8,14,20,24,27,30],"killed_by":"Cultist and Chosen","ascension_level":0}