{"gold_per_floor":[118,118,132,132,207,207,248,248,275,24,24,24],"floor_reached":12,"playtime":311,"items_purged":[],"score":148,"play_id":"0330fb26-4278-4f03-ad11-3e7bcd16a21b","local_time":"20190215191752","is_ascension_mode":true,"campfire_choices":[{"data":"Go for the Eyes","floor":6,"key":"SMITH"},{"floor":8,"key":"REST"},{"floor":11,"key":"REST"}],"neow_cost":"NONE","seed_source_timestamp":11368012658373,"circlet_count":0,"master_deck":["AscendersBane","Strike_B","Strike_B","Strike_B","Strike_B","Defend_B","Defend_B","Defend_B","Defend_B","Zap","Dualcast","Gash","Injury","Go for the Eyes+1","Compile Driver","Genetic Algorithm"],"relics":["Cracked Core","Centennial Puzzle","Golden Idol","Question Card","Strawberry","Bag of Marbles"],"potions_floor_usage":[12],"damage_taken":[{"damage":2,"enemies":"Jaw Worm","floor":1,"turns":3},{"damage":1,"enemies":"2 Louse","floor":3,"turns":2},{"damage":46,"enemies":"Lagavulin","floor":7,"turns":8},{"damage":56,"enemies":"Gremlin Nob","floor":12,"turns":4}],"seed_played":"-7886755012163923366","potions_obtained":[{"floor":1,"key":"Explosive Potion"},{"floor":3,"key":"SteroidPotion"}],"is_trial":false,"path_per_floor":["M","?","M","?","?","R","E","R","T","$","R","E"],"character_chosen":"DEFECT","items_purchased":["Genetic Algorithm","Bag of Marbles"],"campfire_rested":2,"item_purchase_floors":[10,10],"current_hp_per_floor":[62,62,61,61,50,50,4,25,32,32,55,0],"gold":24,"neow_bonus":"RANDOM_COMMON_RELIC","is_prod":false,"is_daily":false,"chose_seed":false,"campfire_upgraded":1,"win_rate":0,"timestamp":1550276272,"path_taken":["M","?","M","?","?","R","E","R","T","$","R","E"],"build_version":"2019-01-23","purchased_purges":0,"victory":false,"max_hp_per_floor":[71,71,71,71,71,71,71,71,78,78,78,78],"card_choices":[{"not_picked":["Chaos","Reinforced Body"],"picked":"Gash","floor":1},{"not_picked":["Chill","Redo"],"picked":"Go for the Eyes","floor":3},{"not_picked":["Stack","Fission"],"picked":"Compile Driver","floor":7}],"player_experience":647478,"relics_obtained":[{"floor":7,"key":"Question Card"},{"floor":9,"key":"Strawberry"}],"event_choices":[{"damage_healed":0,"gold_gain":0,"player_choice":"Take Wound","damage_taken":0,"relics_obtained":["Golden Idol"],"max_hp_gain":0,"max_hp_loss":0,"event_name":"Golden Idol","floor":2,"gold_loss":0,"cards_obtained":["Injury"]},{"damage_healed":0,"gold_gain":0,"player_choice":"Ignored","damage_taken":0,"max_hp_gain":0,"max_hp_loss":0,"event_name":"Liars Game","floor":4,"gold_loss":0},{"damage_healed":0,"gold_gain":75,"player_choice":"Gather Gold","damage_taken":11,"max_hp_gain":0,"max_hp_loss":0,"event_name":"World of Goop","floor":5,"gold_loss":0}],"is_beta":false,"boss_relics":[],"items_purged_floors":[],"is_endless":false,"potions_floor_spawned":[1,3],"killed_by":"Gremlin Nob","ascension_level":20}