{"gold_per_floor":[119,137,137,157,232,232,3,32,83,83,83],"floor_reached":11,"playtime":355,"items_purged":[],"score":142,"play_id":"c9813bd4-e23e-464f-865c-23b3ac46e7c6","local_time":"20190221192218","is_ascension_mode":true,"campfire_choices":[{"data":"Zap","floor":6,"key":"SMITH"},{"data":"Rebound","floor":10,"key":"SMITH"}],"neow_cost":"CURSE","seed_source_timestamp":392176819329159,"circlet_count":0,"master_deck":["AscendersBane","Strike_B","Strike_B","Strike_B","Strike_B","Defend_B","Defend_B","Defend_B","Defend_B","Zap+1","Dualcast","Parasite","Reboot","Go for the Eyes","Redo","Rebound+1","Self Repair"],"relics":["Cracked Core","Oddly Smooth Stone","Blood Vial","Pen Nib"],"potions_floor_usage":[8,8],"damage_taken":[{"damage":0,"enemies":"2 Louse","floor":1,"turns":2},{"damage":14,"enemies":"Jaw Worm","floor":2,"turns":4},{"damage":0,"enemies":"Small Slimes","floor":4,"turns":2},{"damage":22,"enemies":"Lagavulin","floor":8,"turns":5},{"damage":66,"enemies":"Gremlin Nob","floor":11,"turns":4}],"seed_played":"-513949072202256523","potions_obtained":[{"floor":1,"key":"PowerPotion"}],"is_trial":false,"path_per_floor":["M","M","?","M","?","R","$","E","T","R","E"],"character_chosen":"DEFECT","items_purchased":["Oddly Smooth Stone","Fire Potion"],"campfire_rested":0,"item_purchase_floors":[7,7],"current_hp_per_floor":[64,50,71,71,60,60,60,38,38,38,0],"gold":83,"neow_bonus":"THREE_RARE_CARDS","is_prod":false,"is_daily":false,"chose_seed":false,"campfire_upgraded":2,"win_rate":0,"timestamp":1550794938,"path_taken":["M","M","?","M","?","R","$","E","T","R","E"],"build_version":"2019-01-23","purchased_purges":0,"victory":false,"max_hp_per_floor":[71,71,71,71,71,71,71,71,71,71,71],"card_choices":[{"not_picked":["Rainbow","Hyperbeam"],"picked":"Reboot","floor":0},{"not_picked":["Reprogram","Double Energy"],"picked":"Go for the Eyes","floor":1},{"not_picked":["Scrape","Heatsinks"],"picked":"Redo","floor":2},{"not_picked":["Fusion","Coolheaded"],"picked":"Rebound","floor":4},{"not_picked":["Thunder Strike","Fusion"],"picked":"Self Repair","floor":8}],"player_experience":689499,"relics_obtained":[{"floor":8,"key":"Blood Vial"},{"floor":9,"key":"Pen Nib"}],"event_choices":[{"damage_healed":23,"gold_gain":0,"player_choice":"Banana","damage_taken":0,"max_hp_gain":0,"max_hp_loss":0,"event_name":"Big Fish","floor":3,"gold_loss":0},{"damage_healed":0,"gold_gain":75,"player_choice":"Gather Gold","damage_taken":11,"max_hp_gain":0,"max_hp_loss":0,"event_name":"World of Goop","floor":5,"gold_loss":0}],"is_beta":false,"boss_relics":[],"items_purged_floors":[],"is_endless":false,"potions_floor_spawned":[1],"killed_by":"Gremlin Nob","ascension_level":20}