{"path_per_floor":["M","?","?","$","M","R","$","R","T","M","R","$","M","M","R","B",null,"M","$","M","?","?","R","M","R","T","?","T","M","E","M","R","B",null,"M","M"],"character_chosen":"DEFECT","items_purchased":[],"gold_per_floor":[118,118,118,43,62,62,62,62,110,124,124,24,34,51,51,156,186,203,78,94,184,184,184,199,199,252,252,252,268,301,311,311,413,413,433,443,443],"floor_reached":37,"campfire_rested":3,"playtime":1432,"current_hp_per_floor":[68,54,54,54,51,51,51,51,51,41,41,41,38,31,31,9,73,53,53,51,35,19,40,13,34,34,83,83,65,26,16,40,12,83,60,35,0],"items_purged":["Defend_B","Strike_B","Defend_B"],"gold":443,"score":379,"play_id":"bb51bf0c-90b5-47dd-850a-f71382cd78e3","local_time":"20180428100548","is_prod":false,"is_daily":false,"chose_seed":false,"is_ascension_mode":false,"campfire_upgraded":4,"timestamp":1524931548,"path_taken":["M","?","?","$","M","R","?","R","T","?","R","$","M","M","R","BOSS","M","$","M","?","?","R","M","R","T","?","?","M","E","M","R","BOSS","M","?","M"],"build_version":"2018-04-27v3","seed_source_timestamp":1449807388506028,"purchased_purges":3,"victory":false,"master_deck":["Zap+1","Dualcast","Prime+1","Go for the Eyes+1","Static Discharge+1","Static Discharge+1","Machine Learning","Sweeping Beam","Static Discharge","Tempest","Rebound","Capacitor","Storm"],"max_hp_per_floor":[68,68,68,68,68,68,68,68,68,68,68,68,68,68,68,68,73,73,73,73,73,73,73,73,73,73,83,83,83,83,83,83,83,83,83,83,83],"relics":["Cracked Core","Pen Nib","Tiny House","Nilry\u0027s Codex","Whetstone","Omamori","Happy Flower","Pandora\u0027s Box"],"card_choices":[{"not_picked":["Creative AI","Meteor Strike"],"picked":"Prime","floor":0},{"not_picked":["Rebound","Stack"],"picked":"Go for the Eyes","floor":1},{"not_picked":["Cold Snap","Axe Kick"],"picked":"Static Discharge","floor":5},{"not_picked":["Creative AI","Echo Form"],"picked":"Rainbow","floor":16},{"not_picked":["Genetic Algorithm","Skim"],"picked":"Static Discharge","floor":24},{"not_picked":["Meteor Strike","All For One"],"picked":"Machine Learning","floor":33},{"not_picked":["Steam Power","Stack"],"picked":"Capacitor","floor":35},{"not_picked":["FTL","Rebound"],"picked":"Storm","floor":36}],"player_experience":315299,"potions_floor_usage":[16,18,18,30,30,30,33,35],"damage_taken":[{"damage":0,"enemies":"2 Louse","floor":1,"turns":2},{"damage":3,"enemies":"Jaw Worm","floor":5,"turns":3},{"damage":10,"enemies":"Small Slimes","floor":10,"turns":2},{"damage":3,"enemies":"Exordium Wildlife","floor":13,"turns":3},{"damage":7,"enemies":"Blue Slaver","floor":14,"turns":2},{"damage":22,"enemies":"The Guardian","floor":16,"turns":10},{"damage":20,"enemies":"2 Thieves","floor":18,"turns":2},{"damage":2,"enemies":"3 Byrds","floor":20,"turns":3},{"damage":27,"enemies":"3 Cultists","floor":24,"turns":4},{"damage":18,"enemies":"Sentry and Sphere","floor":29,"turns":3},{"damage":48,"enemies":"Slavers","floor":30,"turns":3},{"damage":10,"enemies":"Snecko","floor":31,"turns":3},{"damage":28,"enemies":"Collector","floor":33,"turns":5},{"damage":23,"enemies":"Flame Bruiser 1 Orb","floor":35,"turns":3},{"damage":25,"enemies":"3 Shapes","floor":36,"turns":3},{"damage":36,"enemies":"Flame Bruiser 2 Orb","floor":37,"turns":2}],"event_choices":[{"event_name":"Shining Light","player_choice":"Entered Light","floor":2,"damage_taken":0},{"event_name":"Living Wall","player_choice":"Forget","floor":3,"damage_taken":0},{"event_name":"Knowing Skull","player_choice":"GOLD ","floor":21,"damage_taken":0},{"event_name":"Cursed Tome","player_choice":"Obtained Book","floor":22,"damage_taken":0},{"event_name":"Bonfire Elementals","player_choice":"RARE","floor":27,"damage_taken":0}],"boss_relics":[{"not_picked":["Cursed Key","Philosopher\u0027s Stone"],"picked":"Tiny House"},{"not_picked":["Lizard Tail","Eternal Feather"],"picked":"Pandora\u0027s Box"}],"potions_floor_spawned":[13,14,16,24,29,31,33],"seed_played":"4040212183524066489","killed_by":"Flame Bruiser 2 Orb","ascension_level":0,"is_trial":false}