{"path_per_floor":["M","?","M","M","?","R","E","$","T","M","R","M","?","M","R","B",null,"M","?","M","$","?","R"],"character_chosen":"DEFECT","items_purchased":["Genetic Algorithm","Thunder Strike","Prime"],"gold_per_floor":[116,116,129,141,216,216,245,31,31,43,43,55,55,73,73,173,173,186,186,196,36,0,0,0],"floor_reached":24,"campfire_rested":3,"playtime":736,"current_hp_per_floor":[75,75,75,75,64,64,45,45,45,28,50,32,20,20,42,22,75,44,30,10,10,10,43,0],"items_purged":[],"gold":0,"score":196,"play_id":"40b3d4ad-8ced-4105-adad-495eaca5b613","local_time":"20180427130151","is_prod":false,"is_daily":false,"chose_seed":false,"is_ascension_mode":false,"campfire_upgraded":1,"timestamp":1524855711,"path_taken":["M","?","M","M","?","R","E","$","T","?","R","M","?","M","R","BOSS","M","?","M","$","?","R","M"],"build_version":"2018-04-26v2","seed_source_timestamp":1374666423880196,"purchased_purges":0,"victory":false,"master_deck":["Strike_B","Strike_B","Strike_B","Strike_B","Defend_B","Defend_B","Defend_B","Zap+1","Dualcast","Leap","Ball Lightning","Auto Shields","All For One","Genetic Algorithm","Thunder Strike","Sweeping Beam","Go for the Eyes","Loop","Echo Form","Prime"],"max_hp_per_floor":[75,75,75,75,75,75,75,75,75,75,75,75,75,75,75,75,75,77,82,84,84,84,84,84],"relics":["Cracked Core","NeowsBlessing","Omamori","Mummified Hand","Singing Bowl","Eternal Feather"],"card_choices":[{"not_picked":["Reinforced Body","Hello World"],"picked":"Leap","floor":1},{"not_picked":["Leap","Barrage"],"picked":"Ball Lightning","floor":3},{"not_picked":["Barrage","Coolheaded"],"picked":"Auto Shields","floor":4},{"not_picked":["Aggregate","Go for the Eyes"],"picked":"All For One","floor":7},{"not_picked":["Doom and Gloom","Darkness"],"picked":"Sweeping Beam","floor":10},{"not_picked":["Sweeping Beam","Coolheaded"],"picked":"Go for the Eyes","floor":12},{"not_picked":["Rebound","Sweeping Beam"],"picked":"Loop","floor":14},{"not_picked":["Multi-Cast","Biased Cognition"],"picked":"Echo Form","floor":16}],"player_experience":290965,"potions_floor_usage":[14,16,16],"damage_taken":[{"damage":0,"enemies":"Small Slimes","floor":1,"turns":1},{"damage":0,"enemies":"Jaw Worm","floor":3,"turns":1},{"damage":0,"enemies":"Cultist","floor":4,"turns":1},{"damage":19,"enemies":"Gremlin Nob","floor":7,"turns":4},{"damage":17,"enemies":"Lots of Slimes","floor":10,"turns":4},{"damage":18,"enemies":"3 Louse","floor":12,"turns":3},{"damage":0,"enemies":"Blue Slaver","floor":14,"turns":2},{"damage":20,"enemies":"Hexaghost","floor":16,"turns":9},{"damage":33,"enemies":"2 Thieves","floor":18,"turns":5},{"damage":22,"enemies":"Spheric Guardian","floor":20,"turns":5},{"damage":48,"enemies":"Cultist and Chosen","floor":24,"turns":5}],"event_choices":[{"event_name":"Living Wall","player_choice":"Forget","floor":2,"damage_taken":0},{"event_name":"World of Goop","player_choice":"Gather Gold","floor":5,"damage_taken":0},{"event_name":"Scrap Ooze","player_choice":"success","floor":13,"damage_taken":12},{"event_name":"Forgotten Altar","player_choice":"Shed Blood","floor":19,"damage_taken":0},{"event_name":"Masked Bandits","player_choice":"Paid Bandits 36 gold","floor":22,"damage_taken":0}],"boss_relics":[{"not_picked":["Philosopher\u0027s Stone","Velvet Choker"],"picked":"Eternal Feather"}],"potions_floor_spawned":[1,4,14],"seed_played":"-20756014481019163","killed_by":"Cultist and Chosen","ascension_level":0,"is_trial":false}