{"path_per_floor":["M","M","?","?","?","R","E","M","T","R","E","M","M","$","R","B",null,"M","?","?","M","M","R","?","M","T"],"character_chosen":"THE_SILENT","items_purchased":["Apotheosis","Flying Knee"],"gold_per_floor":[119,137,137,137,137,137,165,179,179,179,210,228,248,0,0,99,99,119,119,119,134,145,145,145,145,172],"floor_reached":27,"campfire_rested":4,"playtime":2111,"current_hp_per_floor":[62,62,62,48,48,69,42,35,35,70,49,30,25,25,61,24,70,61,68,47,30,30,68,68,28,28],"items_purged":[],"gold":172,"play_id":"a1cbd05c-e996-41dc-8879-a03a123bb17d","is_prod":false,"is_daily":false,"campfire_rituals":0,"campfire_upgraded":0,"is_hardmode":false,"path_taken":["M","M","?","?","?","R","E","M","T","R","E","?","M","$","R","BOSS","M","?","?","M","?","R","?","?","T","E"],"build_version":"2017-12-14-PROD1","purchased_purges":0,"victory":false,"master_deck":["Defend_G","Defend_G","Defend_G","Defend_G","Defend_G","Strike_G","Strike_G","Strike_G","Strike_G","Survivor","Neutralize","Bouncing Flask","Deadly Poison","Sucker Punch","Poisoned Stab","Prepared","Wraith Form","Prepared","Noxious Fumes","Apotheosis","Flying Knee","Bullet Time","Deflect","Good Instincts","Dodge and Roll","Tools of the Trade","Deadly Poison"],"max_hp_per_floor":[70,70,70,70,70,70,70,70,70,70,70,70,70,70,70,70,70,70,77,77,77,77,77,77,77,77],"relics":["Ring of the Snake","Regal Pillow","Thread and Needle","Molten Egg","The Specimen","Strawberry","Bag of Marbles"],"campfire_meditates":0,"card_choices":[{"not_picked":["Dash","Predator"],"picked":"Bouncing Flask"},{"not_picked":["Dagger Spray","Distraction"],"picked":"Deadly Poison"},{"not_picked":["Dodge and Roll","Acrobatics"],"picked":"Poisoned Stab"},{"not_picked":["Dagger Throw","Calculated Gamble"],"picked":"Prepared"},{"not_picked":["Slice","Dagger Throw"],"picked":"Wraith Form"},{"not_picked":["PiercingWail","Poisoned Stab"],"picked":"Prepared"},{"not_picked":["Flechettes","Dagger Throw"],"picked":"Noxious Fumes"},{"not_picked":["Glass Knife","Die Die Die"],"picked":"Bullet Time"},{"not_picked":["PiercingWail","Dagger Spray"],"picked":"Deflect"},{"not_picked":["Backflip","Deflect"],"picked":"Dodge and Roll"},{"not_picked":["Dagger Spray","Slice"],"picked":"Tools of the Trade"},{"not_picked":["PiercingWail","Quick Slash"],"picked":"Deadly Poison"}],"player_experience":1833,"potions_floor_usage":[27,27,27],"damage_taken":[{"damage":8,"enemies":"Blue Slaver","floor":1,"turns":5},{"damage":0,"enemies":"Cultist","floor":2,"turns":3},{"damage":27,"enemies":"Gremlin Nob","floor":7,"turns":4},{"damage":7,"enemies":"Looter","floor":8,"turns":3},{"damage":21,"enemies":"3 Sentries","floor":11,"turns":8},{"damage":19,"enemies":"Exordium Wildlife","floor":12,"turns":4},{"damage":5,"enemies":"Exordium Thugs","floor":13,"turns":4},{"damage":37,"enemies":"Hexaghost","floor":16,"turns":8},{"damage":9,"enemies":"3 Byrds","floor":18,"turns":5},{"damage":17,"enemies":"Spheric Guardian","floor":21,"turns":4},{"damage":0,"enemies":"Snecko","floor":22,"turns":4},{"damage":40,"enemies":"3 Cultists","floor":25,"turns":6},{"damage":30,"enemies":"Gremlin Leader","floor":27,"turns":5}],"event_choices":[{"event_name":"Living Wall","player_choice":"Change","floor":3,"damage_taken":0},{"event_name":"Shining Light","player_choice":"Entered Light","floor":4,"damage_taken":0},{"event_name":"The Lab","player_choice":"Got Potions","floor":5,"damage_taken":0},{"event_name":"The Mausoleum","player_choice":"Yes","floor":19,"damage_taken":0},{"event_name":"Knowing Skull","player_choice":"21","floor":20,"damage_taken":0},{"event_name":"Drug Dealer","player_choice":"Ignored","floor":24,"damage_taken":0}],"boss_relics":[{"not_picked":["Snecko Eye","Velvet Choker"],"picked":"The Specimen"}],"potions_floor_spawned":[1,7,16,18,22],"seed_played":"-6720158853823049713","killed_by":"Gremlin Leader","is_trial":false}