{"gold_per_floor":[119,136,211,228,16,16,16,0,25,25,52,62,62,80,80,80],"floor_reached":16,"playtime":1150,"items_purged":[],"score":100,"play_id":"ea3baa5d-d3fe-42ed-a1ea-8e0a7d86a1bf","local_time":"20190130053455","is_ascension_mode":false,"campfire_choices":[{"data":"Demon Form","floor":7,"key":"SMITH"},{"data":"Rage","floor":10,"key":"SMITH"},{"data":"Blood for Blood","floor":13,"key":"SMITH"},{"floor":15,"key":"REST"}],"neow_cost":"NONE","seed_source_timestamp":504189686357600,"circlet_count":0,"master_deck":["Strike_R","Strike_R","Strike_R","Strike_R","Defend_R","Defend_R","Defend_R","Defend_R","Bash","Demon Form+1","Rage+1","Clothesline","Thunderclap","Inflame","Panache","Anger","Bloodletting","Blood for Blood+1","Fire Breathing"],"relics":["Burning Blood","Smiling Mask","Pen Nib"],"potions_floor_usage":[11,12],"damage_taken":[{"damage":6,"enemies":"Jaw Worm","floor":1,"turns":4},{"damage":4,"enemies":"2 Louse","floor":2,"turns":3},{"damage":7,"enemies":"Small Slimes","floor":4,"turns":4},{"damage":1,"enemies":"Looter","floor":8,"turns":4},{"damage":35,"enemies":"3 Sentries","floor":11,"turns":7},{"damage":6,"enemies":"Exordium Thugs","floor":12,"turns":4},{"damage":9,"enemies":"Blue Slaver","floor":14,"turns":3},{"damage":67,"enemies":"The Guardian","floor":16,"turns":8}],"seed_played":"412477360642671503","potions_obtained":[{"floor":1,"key":"Poison Potion"},{"floor":11,"key":"Fire Potion"}],"is_trial":false,"path_per_floor":["M","M","?","M","$","?","R","M","T","R","E","M","R","M","R","B"],"character_chosen":"IRONCLAD","items_purchased":["Inflame","Panache"],"campfire_rested":1,"item_purchase_floors":[5,5],"current_hp_per_floor":[80,80,69,68,68,68,68,73,73,73,44,44,44,41,65,0],"gold":80,"neow_bonus":"ONE_RANDOM_RARE_CARD","is_prod":false,"is_daily":false,"chose_seed":false,"campfire_upgraded":3,"win_rate":0.0,"timestamp":1548786895,"path_taken":["M","M","?","M","$","?","R","M","T","R","E","M","R","M","R","BOSS"],"build_version":"2019-01-23","purchased_purges":0,"victory":false,"max_hp_per_floor":[80,80,80,80,80,80,80,80,80,80,80,80,80,80,80,80],"card_choices":[{"not_picked":["Dual Wield","Body Slam"],"picked":"Rage","floor":1},{"not_picked":["Iron Wave","Reckless Charge"],"picked":"Clothesline","floor":2},{"not_picked":["Headbutt","Twin Strike"],"picked":"Thunderclap","floor":4},{"not_picked":["Rupture","Twin Strike"],"picked":"Anger","floor":8},{"not_picked":["Uppercut","Sword Boomerang"],"picked":"Bloodletting","floor":11},{"not_picked":["Power Through","Armaments"],"picked":"Blood for Blood","floor":12},{"not_picked":["Reckless Charge","Perfected Strike"],"picked":"Fire Breathing","floor":14}],"player_experience":48660,"relics_obtained":[{"floor":9,"key":"Smiling Mask"},{"floor":11,"key":"Pen Nib"}],"event_choices":[{"damage_healed":0,"gold_gain":75,"player_choice":"Gather Gold","damage_taken":11,"max_hp_gain":0,"max_hp_loss":0,"event_name":"World of Goop","floor":3,"gold_loss":0},{"cards_removed":["Strike_R"],"damage_healed":0,"gold_gain":0,"player_choice":"Forget","damage_taken":0,"max_hp_gain":0,"max_hp_loss":0,"event_name":"Living Wall","floor":6,"gold_loss":0}],"is_beta":false,"boss_relics":[],"items_purged_floors":[],"is_endless":false,"potions_floor_spawned":[1,11],"killed_by":"The Guardian","ascension_level":0}