{"gold_per_floor":[118,134,134,83,83,83,94,52,132,132,132,164,164,164,164,237,237,137,154,54,73,73,73,73,73,73,73,89,89,99,109,109,109],"floor_reached":33,"playtime":1941,"items_purged":["Strike_G"],"score":486,"play_id":"deb4f7c0-5894-4007-9410-f54e4128319a","local_time":"20190306011019","is_ascension_mode":true,"campfire_choices":[{"data":"Noxious Fumes","floor":6.0,"key":"SMITH"},{"floor":11.0,"key":"REST"},{"floor":15.0,"key":"REST"},{"floor":23.0,"key":"REST"},{"data":"Malaise","floor":25.0,"key":"SMITH"},{"floor":29.0,"key":"REST"},{"data":"Noxious Fumes","floor":32.0,"key":"SMITH"}],"neow_cost":"NONE","seed_source_timestamp":272350804023600,"circlet_count":0,"master_deck":["AscendersBane","Defend_G","Defend_G","Defend_G","Defend_G","Defend_G","Strike_G","Survivor","Neutralize","Noxious Fumes+1","Deadly Poison","Cloak And Dagger","Poisoned Stab","Footwork+1","Dodge and Roll","Malaise+1","Well Laid Plans","Backflip","Blur","Bouncing Flask","Die Die Die","PiercingWail","Blur","Noxious Fumes+1"],"special_seed":0,"relics":["Ring of the Snake","Question Card","Regal Pillow","Empty Cage","The Courier"],"potions_floor_usage":[],"damage_taken":[{"damage":4.0,"enemies":"Jaw Worm","floor":1.0,"turns":5.0},{"damage":0.0,"enemies":"2 Louse","floor":2.0,"turns":3.0},{"damage":4.0,"enemies":"Small Slimes","floor":7.0,"turns":4.0},{"damage":17.0,"enemies":"Exordium Thugs","floor":8.0,"turns":5.0},{"damage":27.0,"enemies":"3 Sentries","floor":12.0,"turns":9.0},{"damage":31.0,"enemies":"Hexaghost","floor":16.0,"turns":11.0},{"damage":9.0,"enemies":"2 Thieves","floor":18.0,"turns":5.0},{"damage":12.0,"enemies":"Shell Parasite","floor":19.0,"turns":7.0},{"damage":5.0,"enemies":"Snecko","floor":21.0,"turns":9.0},{"damage":22.0,"enemies":"Colosseum Slavers","floor":22.0,"turns":8.0},{"damage":11.0,"enemies":"Snake Plant","floor":28.0,"turns":7.0},{"damage":4.0,"enemies":"Centurion and Healer","floor":30.0,"turns":10.0},{"damage":10.0,"enemies":"Cultist and Chosen","floor":31.0,"turns":9.0},{"damage":59,"enemies":"Champ","floor":33,"turns":14}],"seed_played":"7833886743663749777","potions_obtained":[{"floor":1.0,"key":"FearPotion"},{"floor":8.0,"key":"SteroidPotion"},{"floor":21.0,"key":"Strength Potion"},{"floor":28.0,"key":"SpeedPotion"},{"floor":30.0,"key":"Block Potion"}],"is_trial":false,"path_per_floor":["M","M","?","?","?","R","M","M","T","?","R","E","?","?","R","B",null,"M","M","$","M","?","R","$","R","T","?","M","R","M","M","R","B"],"character_chosen":"THE_SILENT","items_purchased":["Backflip"],"campfire_rested":4,"item_purchase_floors":[20],"current_hp_per_floor":[55,55,55,55,48,48,44,27,27,32,53,26,26,26,62,31,61,52,40,40,35,13,49,49,49,49,49,38,71,67,57,57,0],"gold":109,"neow_bonus":"THREE_CARDS","is_prod":false,"is_daily":false,"chose_seed":false,"campfire_upgraded":3,"win_rate":0,"timestamp":1551852619,"path_taken":["M","M","?","?","?","R","M","?","T","?","R","E","?","?","R","BOSS","M","M","?","M","?","R","$","R","T","?","M","R","?","M","R","BOSS"],"build_version":"2019-01-23","purchased_purges":1,"victory":false,"max_hp_per_floor":[66,66,66,66,66,66,66,66,66,71,71,71,71,71,71,71,71,71,71,71,71,71,71,71,71,71,71,71,71,71,71,71,71],"card_choices":[{"not_picked":["Prepared","Flying Knee"],"picked":"Noxious Fumes","floor":0.0},{"not_picked":["Accuracy","Flying Knee"],"picked":"Deadly Poison","floor":1.0},{"not_picked":["Flying Knee","Blade Dance"],"picked":"Cloak And Dagger","floor":2.0},{"not_picked":["Slice","Flying Knee","Underhanded Strike"],"picked":"SKIP","floor":7.0},{"not_picked":["Prepared","Bane"],"picked":"Poisoned Stab","floor":8.0},{"not_picked":["Well Laid Plans","Sucker Punch","Envenom"],"picked":"Footwork","floor":12.0},{"not_picked":["Venomology","After Image","Grand Finale"],"picked":"Malaise","floor":16.0},{"not_picked":["Dagger Throw","Blade Dance","Quick Slash","Outmaneuver"],"picked":"SKIP","floor":18.0},{"not_picked":["Concentrate","Escape Plan","Bane"],"picked":"Well Laid Plans","floor":19.0},{"not_picked":["Slice","Flechettes","Calculated Gamble"],"picked":"Blur","floor":21.0},{"not_picked":["Underhanded Strike","Grand Finale","Deflect"],"picked":"PiercingWail","floor":28.0},{"not_picked":["Dodge and Roll","Poisoned Stab","All Out Attack"],"picked":"Blur","floor":30.0},{"not_picked":["Expertise","Outmaneuver","Blade Dance"],"picked":"Noxious Fumes","floor":31.0}],"player_experience":1296946,"relics_obtained":[{"floor":9.0,"key":"Question Card"},{"floor":12.0,"key":"Regal Pillow"},{"floor":26.0,"key":"The Courier"}],"event_choices":[{"damage_healed":0.0,"max_hp_gain":0.0,"max_hp_loss":0.0,"gold_gain":0.0,"event_name":"Golden Idol","player_choice":"Ignored","floor":3.0,"gold_loss":0.0,"damage_taken":0.0},{"damage_healed":0.0,"max_hp_gain":0.0,"max_hp_loss":0.0,"gold_gain":0.0,"event_name":"World of Goop","player_choice":"Left Gold","floor":4.0,"gold_loss":51.0,"damage_taken":0.0},{"cards_removed":["Strike_G"],"damage_healed":0.0,"max_hp_gain":0.0,"max_hp_loss":0.0,"gold_gain":0.0,"event_name":"Golden Wing","player_choice":"Card Removal","floor":5.0,"gold_loss":0.0,"damage_taken":7.0},{"damage_healed":0.0,"max_hp_gain":5.0,"max_hp_loss":0.0,"gold_gain":0.0,"event_name":"Big Fish","player_choice":"Donut","floor":10.0,"gold_loss":0.0,"damage_taken":0.0},{"damage_healed":0.0,"max_hp_gain":0.0,"max_hp_loss":0.0,"gold_gain":0.0,"event_name":"Living Wall","player_choice":"Grow","floor":13.0,"gold_loss":0.0,"damage_taken":0.0,"cards_upgraded":["Footwork"]},{"damage_healed":0.0,"max_hp_gain":0.0,"max_hp_loss":0.0,"gold_gain":0.0,"event_name":"Match and Keep!","player_choice":"1 cards matched","floor":14.0,"gold_loss":0.0,"damage_taken":0.0,"cards_obtained":["Dodge and Roll"]},{"damage_healed":0.0,"max_hp_gain":0.0,"max_hp_loss":0.0,"gold_gain":0.0,"event_name":"Colosseum","player_choice":"Fight","floor":22.0,"gold_loss":0.0,"damage_taken":0.0},{"damage_healed":0.0,"max_hp_gain":0.0,"max_hp_loss":0.0,"gold_gain":0.0,"event_name":"Colosseum","player_choice":"Fled From Nobs","floor":22.0,"gold_loss":0.0,"damage_taken":0.0},{"damage_healed":0.0,"max_hp_gain":0.0,"max_hp_loss":0.0,"gold_gain":0.0,"event_name":"Match and Keep!","player_choice":"2 cards matched","floor":27.0,"gold_loss":0.0,"damage_taken":0.0,"cards_obtained":["Bouncing Flask","Die Die Die"]}],"is_beta":false,"boss_relics":[{"not_picked":["HoveringKite","Lizard Tail"],"picked":"Empty Cage"}],"items_purged_floors":[20],"is_endless":false,"potions_floor_spawned":[1,8,21,22,28,30],"killed_by":"Champ","ascension_level":20}