{"path_per_floor":["M","$","M","?","M","R","?","M","T","E","M","?","E","M","R","B",null,"M","?","M"],"character_chosen":"THE_SILENT","items_purchased":["Underhanded Strike","Deflect"],"gold_per_floor":[115,12,28,28,38,38,38,52,52,82,97,97,132,143,143,243,243,260,260,278],"floor_reached":21,"campfire_rested":1,"playtime":1850,"current_hp_per_floor":[60,60,60,60,55,55,55,55,55,42,35,52,37,37,70,4,70,60,49,14],"items_purged":[],"gold":278,"play_id":"eaf28555-37eb-4e1d-9f37-155129befd2e","is_prod":false,"is_daily":false,"campfire_rituals":0,"campfire_upgraded":1,"is_hardmode":false,"path_taken":["M","$","M","?","M","R","?","M","T","E","M","?","E","M","R","BOSS","M","?","M","M"],"build_version":"2017-12-21-PROD1","purchased_purges":0,"victory":false,"master_deck":["Defend_G","Defend_G","Defend_G","Defend_G","Defend_G","Survivor","Neutralize","Die Die Die","Well Laid Plans","Underhanded Strike","Heel Hook","Regret","Prepared","Adrenaline","Underhanded Strike","Footwork","Crippling Poison","Parasite","Backstab","Crippling Poison","Unload","Dagger Throw","Bite_G","Bite_G","Bite_G","Bite_G","Bite_G","Escape Plan"],"max_hp_per_floor":[70,70,70,70,70,70,70,70,70,70,70,70,70,70,70,70,70,70,49,49],"relics":["Ring of the Snake","Regal Pillow","Bag of Preparation","Centennial Puzzle","Bag of Marbles","Eternal Feather"],"campfire_meditates":0,"card_choices":[{"not_picked":["Crippling Poison","Endless Agony"],"picked":"Well Laid Plans"},{"not_picked":["Poisoned Stab","Deflect"],"picked":"Heel Hook"},{"not_picked":["Underhanded Strike","Noxious Fumes"],"picked":"Prepared"},{"not_picked":["All Out Attack","Slice"],"picked":"Underhanded Strike"},{"not_picked":["Infinite Blades","Acrobatics"],"picked":"Footwork"},{"not_picked":["Bouncing Flask","Dodge and Roll"],"picked":"Crippling Poison"},{"not_picked":["Leg Sweep","Bouncing Flask"],"picked":"Backstab"},{"not_picked":["Flying Knee","Poisoned Stab"],"picked":"Crippling Poison"},{"not_picked":["Die Die Die","Wraith Form"],"picked":"Unload"},{"not_picked":["Underhanded Strike","Dash"],"picked":"Dagger Throw"},{"not_picked":["Dagger Spray","Slice"],"picked":"Escape Plan"}],"player_experience":34752,"potions_floor_usage":[],"damage_taken":[{"damage":10,"enemies":"Looter","floor":1,"turns":3},{"damage":0,"enemies":"Cultist","floor":3,"turns":3},{"damage":5,"enemies":"Blue Slaver","floor":5,"turns":4},{"damage":0,"enemies":"Lots of Slimes","floor":8,"turns":1},{"damage":13,"enemies":"3 Sentries","floor":10,"turns":5},{"damage":7,"enemies":"2 Fungi Beasts","floor":11,"turns":4},{"damage":15,"enemies":"Lagavulin","floor":13,"turns":9},{"damage":0,"enemies":"Exordium Wildlife","floor":14,"turns":1},{"damage":66,"enemies":"The Guardian","floor":16,"turns":14},{"damage":10,"enemies":"Chosen","floor":18,"turns":6},{"damage":43,"enemies":"Shell Parasite","floor":20,"turns":5},{"damage":24,"enemies":"3 Cultists","floor":21,"turns":3}],"event_choices":[{"event_name":"Big Fish","player_choice":"Box","floor":4,"damage_taken":0},{"event_name":"Transmorgrifier","player_choice":"Transform","floor":7,"damage_taken":0},{"event_name":"Mushrooms","player_choice":"Healed and dodged fight","floor":12,"damage_taken":0},{"event_name":"Vampires","player_choice":"Became a vampire","floor":19,"damage_taken":0}],"boss_relics":[{"not_picked":["Velvet Choker","Question Card"],"picked":"Eternal Feather"}],"potions_floor_spawned":[1,11,13,16],"seed_played":"-8277837264529899987","killed_by":"3 Cultists","is_trial":false}