{"gold_per_floor":[119,136,151,163,224,224,239,269,294,294,294,294,309,0,0,77,77,91,16,16,16,29,29,29],"floor_reached":24,"playtime":1120,"items_purged":[],"score":372,"play_id":"a00b5eca-307b-45cf-9f5a-7a546d973e99","local_time":"20181201110019","is_ascension_mode":true,"campfire_choices":[{"data":"Neutralize","floor":6,"key":"SMITH"},{"data":"Cloak And Dagger","floor":12,"key":"SMITH"},{"floor":15,"key":"REST"},{"floor":23,"key":"REST"}],"neow_cost":"NONE","seed_source_timestamp":1459998695807609,"circlet_count":0,"master_deck":["AscendersBane","Defend_G","Defend_G","Defend_G","Defend_G","Defend_G+1","Strike_G","Strike_G","Strike_G","Strike_G","Survivor+1","Neutralize+1","Dagger Throw","Choke","Cloak And Dagger+1","Blur","Deadly Poison","Adrenaline","Backflip","Infinite Blades","Bullet Time","Deadly Poison+1","Shame","Burst","Backflip"],"relics":["Runic Dome","Du-Vu Doll","Snake Skull","Toy Ornithopter","Cursed Key"],"potions_floor_usage":[16,18,24],"damage_taken":[{"damage":3,"enemies":"2 Louse","floor":1,"turns":3},{"damage":3,"enemies":"Small Slimes","floor":2,"turns":4},{"damage":0,"enemies":"Jaw Worm","floor":3,"turns":3},{"damage":8,"enemies":"Exordium Wildlife","floor":4,"turns":4},{"damage":0,"enemies":"Looter","floor":7,"turns":3},{"damage":9,"enemies":"Lagavulin","floor":8,"turns":7},{"damage":7,"enemies":"3 Louse","floor":13,"turns":3},{"damage":4,"enemies":"Slime Boss","floor":16,"turns":7},{"damage":27,"enemies":"3 Byrds","floor":18,"turns":5},{"damage":1,"enemies":"Chosen","floor":22,"turns":5},{"damage":55,"enemies":"Gremlin Leader","floor":24,"turns":6}],"seed_played":"-3796334427676773809","potions_obtained":[{"floor":2,"key":"GhostInAJar"},{"floor":4,"key":"AttackPotion"},{"floor":18,"key":"SteroidPotion"}],"is_trial":false,"path_per_floor":["M","M","M","M","?","R","M","E","T","?","?","R","M","$","R","B",null,"M","?","?","?","M","R","E"],"character_chosen":"THE_SILENT","items_purchased":["Toy Ornithopter","Infinite Blades"],"campfire_rested":2,"item_purchase_floors":[14,14],"current_hp_per_floor":[56,53,53,45,45,45,45,36,36,16,38,38,31,31,50,51,62,39,39,21,21,20,41,0],"gold":29,"neow_bonus":"BOSS_RELIC","is_prod":false,"is_daily":false,"chose_seed":false,"campfire_upgraded":2,"win_rate":0,"timestamp":1543680019,"path_taken":["M","M","M","M","?","R","M","E","T","?","?","R","?","$","R","BOSS","M","?","?","?","M","R","E"],"build_version":"2018-11-15","purchased_purges":0,"victory":false,"max_hp_per_floor":[66,66,66,66,66,66,66,66,66,66,66,66,66,66,66,66,66,66,66,71,71,71,71,71],"card_choices":[{"not_picked":["Outmaneuver","Bane"],"picked":"Dagger Throw","floor":1},{"not_picked":["Outmaneuver","Endless Agony"],"picked":"Choke","floor":2},{"not_picked":["Dagger Throw","Eviscerate"],"picked":"Cloak And Dagger","floor":3},{"not_picked":["Masterful Stab","Skewer"],"picked":"Blur","floor":4},{"not_picked":["Flechettes","Bane"],"picked":"Deadly Poison","floor":7},{"not_picked":["Setup","Quick Slash"],"picked":"Adrenaline","floor":8},{"not_picked":["Outmaneuver","Sucker Punch"],"picked":"Backflip","floor":13},{"not_picked":["Storm of Steel","Glass Knife"],"picked":"Bullet Time","floor":16},{"not_picked":["Blade Dance","Dodge and Roll"],"picked":"Deadly Poison+1","floor":18},{"not_picked":["Reflex","Well Laid Plans"],"picked":"Backflip","floor":22}],"player_experience":569798,"relics_obtained":[{"floor":8,"key":"Du-Vu Doll"},{"floor":9,"key":"Snake Skull"}],"event_choices":[{"damage_healed":0,"gold_gain":61,"player_choice":"Gained Gold","damage_taken":0,"max_hp_gain":0,"max_hp_loss":0,"event_name":"Golden Wing","floor":5,"gold_loss":0},{"damage_healed":0,"gold_gain":0,"player_choice":"Entered Light","damage_taken":20,"max_hp_gain":0,"max_hp_loss":0,"event_name":"Shining Light","floor":10,"gold_loss":0,"cards_upgraded":["Survivor","Defend_G"]},{"damage_healed":22,"gold_gain":0,"player_choice":"Banana","damage_taken":0,"max_hp_gain":0,"max_hp_loss":0,"event_name":"Big Fish","floor":11,"gold_loss":0},{"cards_removed":["Strike_G"],"damage_healed":0,"gold_gain":0,"player_choice":"Gave Gold","damage_taken":0,"max_hp_gain":0,"max_hp_loss":0,"event_name":"Beggar","floor":19,"gold_loss":75},{"damage_healed":0,"gold_gain":0,"player_choice":"Shed Blood","damage_taken":23,"max_hp_gain":5,"max_hp_loss":0,"event_name":"Forgotten Altar","floor":20,"gold_loss":0},{"damage_healed":0,"gold_gain":0,"player_choice":"2 cards matched","damage_taken":0,"max_hp_gain":0,"max_hp_loss":0,"event_name":"Match and Keep!","floor":21,"gold_loss":0,"cards_obtained":["Shame","Burst"]}],"is_beta":false,"boss_relics":[{"not_picked":["Runic Pyramid","HoveringKite"],"picked":"Cursed Key"}],"items_purged_floors":[],"is_endless":false,"potions_floor_spawned":[2,4,8,13,18],"killed_by":"Gremlin Leader","ascension_level":18}