{"gold_per_floor":[113,113,38,52,66,66,66,66,66,66,66,96,109,119,119,224,224,238,238,123,134,134,134,49,49,49,84,94,111,26,53,53,53],"floor_reached":33,"playtime":3287,"items_purged":["Strike_R"],"score":333,"play_id":"e4c6ce73-3b1f-4d2d-9662-dbdcab9141b9","local_time":"20190201134206","is_ascension_mode":false,"campfire_choices":[{"data":"Juggernaut","floor":6,"key":"SMITH"},{"data":"Clothesline","floor":8,"key":"SMITH"},{"data":"Headbutt","floor":15,"key":"SMITH"},{"data":"Offering","floor":23,"key":"SMITH"},{"data":"Bash","floor":25,"key":"SMITH"},{"data":"Shrug It Off","floor":32,"key":"SMITH"}],"neow_cost":"NONE","seed_source_timestamp":26707745521700,"circlet_count":0,"master_deck":["Strike_R","Strike_R","Defend_R","Defend_R","Defend_R","Defend_R","Bash+1","Clothesline+1","Headbutt+1","Juggernaut+1","Feel No Pain","Shrug It Off+1","Burning Pact","Offering+1","Anger+1","True Grit","Finesse","Bloodletting+1","Cleave","Anger","Body Slam+1","Armaments","Hemokinesis","Battle Trance"],"relics":["Burning Blood","Pear","PreservedInsect","Vajra","Cursed Key","MutagenicStrength","Letter Opener","Lantern","Sundial"],"potions_floor_usage":[16,29,29,31],"damage_taken":[{"damage":2,"enemies":"Small Slimes","floor":1,"turns":4},{"damage":7,"enemies":"Cultist","floor":4,"turns":5},{"damage":5,"enemies":"Jaw Worm","floor":5,"turns":4},{"damage":12,"enemies":"Gremlin Nob","floor":12,"turns":4},{"damage":12,"enemies":"Looter","floor":13,"turns":3},{"damage":13,"enemies":"2 Fungi Beasts","floor":14,"turns":4},{"damage":36,"enemies":"The Guardian","floor":16,"turns":10},{"damage":27,"enemies":"3 Byrds","floor":18,"turns":6},{"damage":6,"enemies":"Chosen","floor":21,"turns":4},{"damage":6,"enemies":"Gremlin Leader","floor":27,"turns":3},{"damage":4,"enemies":"Snake Plant","floor":28,"turns":3},{"damage":7,"enemies":"Centurion and Healer","floor":29,"turns":5},{"damage":13,"enemies":"Slavers","floor":31,"turns":4},{"damage":82,"enemies":"Champ","floor":33,"turns":7}],"seed_played":"6795096790646034101","potions_obtained":[{"floor":1,"key":"GamblersBrew"},{"floor":12,"key":"PowerPotion"},{"floor":28,"key":"Fire Potion"},{"floor":29,"key":"EssenceOfSteel"}],"is_trial":false,"path_per_floor":["M","?","$","M","M","R","T","R","T","?","?","E","M","M","R","B",null,"M","?","$","M","?","R","?","R","T","E","M","M","$","E","R","B"],"character_chosen":"IRONCLAD","items_purchased":["True Grit","Finesse","Armaments","Hemokinesis"],"campfire_rested":0,"item_purchase_floors":[20,20,30,30],"current_hp_per_floor":[88,88,88,87,88,88,98,98,98,103,103,97,91,84,84,54,103,82,82,82,82,82,82,82,82,82,82,84,83,83,76,76,0],"gold":53,"neow_bonus":"TEN_PERCENT_HP_BONUS","is_prod":false,"is_daily":false,"chose_seed":false,"campfire_upgraded":6,"win_rate":0.0,"timestamp":1548988926,"path_taken":["M","?","?","M","M","R","?","R","T","?","?","E","M","M","R","BOSS","M","?","$","M","?","R","?","R","T","E","M","M","$","E","R","BOSS"],"build_version":"2019-01-23","purchased_purges":1,"victory":false,"max_hp_per_floor":[88,88,88,88,88,88,98,98,98,103,103,103,103,103,103,103,103,103,103,103,103,103,103,103,103,103,103,103,103,103,103,103,103],"card_choices":[{"not_picked":["Second Wind","Wild Strike"],"picked":"Clothesline","floor":1},{"not_picked":["Fire Breathing","Perfected Strike"],"picked":"Headbutt","floor":4},{"not_picked":["Iron Wave","Entrench"],"picked":"Juggernaut","floor":5},{"not_picked":["Blood for Blood","Shrug It Off"],"picked":"Feel No Pain","floor":12},{"not_picked":["Twin Strike","Flame Barrier"],"picked":"Shrug It Off","floor":13},{"not_picked":["Clothesline","Heavy Blade"],"picked":"Burning Pact","floor":14},{"not_picked":["Limit Break","Double Tap"],"picked":"Offering","floor":16},{"not_picked":["Rupture","Reckless Charge"],"picked":"Anger+1","floor":18},{"not_picked":["Iron Wave+1","Hemokinesis+1"],"picked":"Bloodletting+1","floor":21},{"not_picked":["Clash","Twin Strike"],"picked":"Cleave","floor":27},{"not_picked":["Warcry","Clash"],"picked":"Anger","floor":28},{"not_picked":["Warcry","Heavy Blade+1"],"picked":"Body Slam+1","floor":29},{"not_picked":["Wild Strike","Infernal Blade"],"picked":"Battle Trance","floor":31}],"player_experience":67135,"relics_obtained":[{"floor":7,"key":"Pear"},{"floor":9,"key":"PreservedInsect"},{"floor":12,"key":"Vajra"},{"floor":27,"key":"Lantern"},{"floor":31,"key":"Sundial"}],"event_choices":[{"damage_healed":0,"gold_gain":0,"player_choice":"Ignored","damage_taken":0,"max_hp_gain":0,"max_hp_loss":0,"event_name":"NoteForYourself","floor":2,"gold_loss":0},{"damage_healed":0,"gold_gain":0,"player_choice":"Donut","damage_taken":0,"max_hp_gain":5,"max_hp_loss":0,"event_name":"Big Fish","floor":10,"gold_loss":0},{"cards_removed":["Strike_R"],"damage_healed":0,"gold_gain":0,"player_choice":"Forget","damage_taken":0,"max_hp_gain":0,"max_hp_loss":0,"event_name":"Living Wall","floor":11,"gold_loss":0},{"cards_removed":["Strike_R"],"damage_healed":0,"gold_gain":0,"player_choice":"Elegance","damage_taken":0,"max_hp_gain":0,"max_hp_loss":0,"event_name":"Back to Basics","floor":19,"gold_loss":0},{"damage_healed":0,"gold_gain":0,"player_choice":"Inject Mutagens","damage_taken":0,"relics_obtained":["MutagenicStrength"],"max_hp_gain":0,"max_hp_loss":0,"event_name":"Drug Dealer","floor":22,"gold_loss":0},{"damage_healed":0,"gold_gain":0,"player_choice":"Obtained Relic","damage_taken":0,"relics_obtained":["Letter Opener"],"max_hp_gain":0,"max_hp_loss":0,"event_name":"Addict","floor":24,"gold_loss":85}],"is_beta":false,"boss_relics":[{"not_picked":["Black Star","Lizard Tail"],"picked":"Cursed Key"}],"items_purged_floors":[3],"is_endless":false,"potions_floor_spawned":[1,12,28,29],"killed_by":"Champ","ascension_level":0}