{"gold_per_floor":[119,119,130,130,148,148,181,256,329,329],"floor_reached":10,"playtime":476,"items_purged":[],"score":132,"play_id":"5119fadc-a10f-4195-a6ed-d6f5d4eb21e3","local_time":"20190223130506","is_ascension_mode":true,"campfire_choices":[{"data":"Defragment","floor":6,"key":"SMITH"}],"neow_cost":"NONE","seed_source_timestamp":499465148201,"circlet_count":0,"master_deck":["AscendersBane","Strike_B","Strike_B","Strike_B","Strike_B","Defend_B","Defend_B","Defend_B","Defend_B","Zap","Dualcast","Defragment+1","Coolheaded","Streamline","Regret","Cold Snap","Cold Snap"],"relics":["Cracked Core","Blue Candle","Toxic Egg 2","Bird Faced Urn","Bottled Lightning"],"potions_floor_usage":[10],"damage_taken":[{"damage":2,"enemies":"Cultist","floor":1,"turns":4},{"damage":2,"enemies":"2 Louse","floor":3,"turns":3},{"damage":4,"enemies":"Small Slimes","floor":5,"turns":4},{"damage":23,"enemies":"3 Sentries","floor":7,"turns":12},{"damage":25,"enemies":"Gremlin Nob","floor":10,"turns":3}],"seed_played":"-2687246154170627984","potions_obtained":[{"floor":1,"key":"GamblersBrew"}],"is_trial":false,"path_per_floor":["M","T","M","?","M","R","E","?","T","E"],"character_chosen":"DEFECT","items_purchased":[],"campfire_rested":0,"item_purchase_floors":[],"current_hp_per_floor":[62,62,60,60,56,56,33,22,22,0],"gold":329,"neow_bonus":"THREE_CARDS","is_prod":false,"is_daily":false,"chose_seed":false,"campfire_upgraded":1,"win_rate":0,"timestamp":1550945106,"path_taken":["M","?","M","?","M","R","E","?","T","E"],"build_version":"2019-01-23","purchased_purges":0,"victory":false,"max_hp_per_floor":[71,71,71,71,71,71,71,71,71,71],"card_choices":[{"not_picked":["Conserve Battery","White Noise"],"picked":"Defragment","floor":0},{"not_picked":["Rip and Tear","Turbo"],"picked":"Coolheaded","floor":1},{"not_picked":["Beam Cell","Tempest"],"picked":"Streamline","floor":3},{"not_picked":["BootSequence+1","Compile Driver"],"picked":"Cold Snap","floor":5},{"not_picked":["Stack+1","Gash"],"picked":"Cold Snap","floor":7}],"player_experience":701756,"relics_obtained":[{"floor":2,"key":"Blue Candle"},{"floor":7,"key":"Bird Faced Urn"},{"floor":9,"key":"Bottled Lightning"}],"event_choices":[{"damage_healed":0,"gold_gain":0,"player_choice":"Box","damage_taken":0,"relics_obtained":["Toxic Egg 2"],"max_hp_gain":0,"max_hp_loss":0,"event_name":"Big Fish","floor":4,"gold_loss":0,"cards_obtained":["Regret"]},{"damage_healed":0,"gold_gain":75,"player_choice":"Gather Gold","damage_taken":11,"max_hp_gain":0,"max_hp_loss":0,"event_name":"World of Goop","floor":8,"gold_loss":0}],"is_beta":false,"boss_relics":[],"items_purged_floors":[],"is_endless":false,"potions_floor_spawned":[1],"killed_by":"Gremlin Nob","ascension_level":20}