{"path_per_floor":["M","?","$","M","M","R","?","T","T","M","R","E","M","M","R","B",null,"M","$","M","$","M","R","M"],"character_chosen":"THE_SILENT","items_purchased":["Well Laid Plans","Underhanded Strike","Calculated Gamble","Flash of Steel","Noxious Fumes","Terror","Malaise"],"gold_per_floor":[119,119,25,40,60,60,25,98,98,122,122,166,180,199,199,319,319,335,55,69,33,58,58,73],"floor_reached":25,"campfire_rested":3,"playtime":2287,"current_hp_per_floor":[66,52,52,44,38,59,70,70,70,70,70,37,36,35,56,10,70,34,34,20,20,7,28,7],"items_purged":[],"gold":73,"play_id":"99dd1e36-586c-43bb-a7cc-60cd85d5cb09","is_prod":false,"is_daily":false,"campfire_rituals":0,"campfire_upgraded":1,"is_hardmode":false,"path_taken":["M","?","?","?","M","R","?","?","T","?","R","E","M","M","R","BOSS","M","$","?","$","M","R","M","M"],"build_version":"2017-12-21-PROD1","purchased_purges":0,"victory":false,"master_deck":["Defend_G","Defend_G","Defend_G","Defend_G","Defend_G","Strike_G","Strike_G","Strike_G","Strike_G","Strike_G","Survivor","Neutralize","Unload","Dagger Spray","Well Laid Plans","Underhanded Strike","Reflex","Eviscerate","Prepared","Tools of the Trade","Underhanded Strike","Acrobatics","Eviscerate","Burst","All Out Attack","Calculated Gamble","Flash of Steel","Noxious Fumes","Terror","Acrobatics","Malaise","Leg Sweep","Backflip","Outmaneuver"],"max_hp_per_floor":[70,70,70,70,70,70,70,70,70,70,70,70,70,70,70,70,70,70,70,70,70,70,70,70],"relics":["Ring of the Snake","Golden Idol","Gremlin Horn","Torii","Dream Catcher","Sozu"],"campfire_meditates":0,"card_choices":[{"not_picked":["Wraith Form","Riddle With Holes"],"picked":"Dagger Spray"},{"not_picked":["Bane","Outmaneuver"],"picked":"Reflex"},{"not_picked":["Bouncing Flask","Dodge and Roll"],"picked":"Eviscerate"},{"not_picked":["Dagger Spray","Dagger Throw"],"picked":"Prepared"},{"not_picked":["Underhanded Strike","Distraction"],"picked":"Tools of the Trade"},{"not_picked":["Quick Slash","Catalyst"],"picked":"Underhanded Strike"},{"not_picked":["Poisoned Stab","Bane"],"picked":"Acrobatics"},{"not_picked":["Escape Plan","Deflect"],"picked":"Eviscerate"},{"not_picked":["Bullet Time","Adrenaline"],"picked":"Burst"},{"not_picked":["Underhanded Strike","Heel Hook"],"picked":"All Out Attack"},{"not_picked":["Slice","Deflect"],"picked":"Acrobatics"},{"not_picked":["Slice","Outmaneuver"],"picked":"Leg Sweep"},{"not_picked":["Poisoned Stab","Dodge and Roll"],"picked":"Backflip"},{"not_picked":["Bane","Quick Slash"],"picked":"Outmaneuver"}],"player_experience":30695,"potions_floor_usage":[16],"damage_taken":[{"damage":4,"enemies":"Cultist","floor":1,"turns":3},{"damage":8,"enemies":"Jaw Worm","floor":4,"turns":4},{"damage":6,"enemies":"Blue Slaver","floor":5,"turns":4},{"damage":0,"enemies":"2 Fungi Beasts","floor":10,"turns":3},{"damage":33,"enemies":"3 Sentries","floor":12,"turns":7},{"damage":1,"enemies":"Exordium Wildlife","floor":13,"turns":2},{"damage":1,"enemies":"Red Slaver","floor":14,"turns":2},{"damage":46,"enemies":"Slime Boss","floor":16,"turns":11},{"damage":36,"enemies":"2 Thieves","floor":18,"turns":5},{"damage":14,"enemies":"Shell Parasite","floor":20,"turns":5},{"damage":13,"enemies":"Snecko","floor":22,"turns":5},{"damage":21,"enemies":"3 Cultists","floor":24,"turns":7},{"damage":8,"enemies":"Snake Plant","floor":25,"turns":2}],"event_choices":[{"event_name":"Golden Idol","player_choice":"Take Damage","floor":2,"damage_taken":0},{"event_name":"The Cleric","player_choice":"Healed","floor":7,"damage_taken":0}],"boss_relics":[{"not_picked":["The Specimen","Lizard Tail"],"picked":"Sozu"}],"potions_floor_spawned":[4,12,14,24],"seed_played":"-4415645637283207517","killed_by":"Snake Plant","is_trial":false}