{"gold_per_floor":[114,129,149,149,166,166,192,202,202,215,215,229,229,240,240,317,317,327,327,377,377],"floor_reached":21,"playtime":944,"items_purged":[],"score":348,"play_id":"32103ad4-46e9-4074-97c3-450a70f610ee","local_time":"20181201111644","is_ascension_mode":true,"campfire_choices":[{"data":"Neutralize","floor":6,"key":"SMITH"},{"floor":11,"key":"REST"},{"floor":13,"key":"DIG"},{"floor":15,"key":"REST"}],"neow_cost":"PERCENT_DAMAGE","seed_source_timestamp":1461160294430131,"circlet_count":0,"master_deck":["AscendersBane","Defend_G","Defend_G","Defend_G","Defend_G","Defend_G","Strike_G","Strike_G","Strike_G","Strike_G","Strike_G","Survivor","Neutralize+1","Noxious Fumes","Backstab","Bane","Poisoned Stab","Backflip","Noxious Fumes","Blur","Envenom","Poisoned Stab","Corpse Explosion","PiercingWail"],"relics":["Ring of the Snake","Shovel","Kunai","Centennial Puzzle","Potion Belt","Sozu"],"potions_floor_usage":[5,5,10,14,16,16],"damage_taken":[{"damage":4,"enemies":"Cultist","floor":1,"turns":4},{"damage":0,"enemies":"2 Louse","floor":2,"turns":3},{"damage":6,"enemies":"Jaw Worm","floor":3,"turns":5},{"damage":6,"enemies":"Exordium Wildlife","floor":5,"turns":6},{"damage":26,"enemies":"Gremlin Nob","floor":7,"turns":4},{"damage":3,"enemies":"Looter","floor":8,"turns":3},{"damage":0,"enemies":"Lots of Slimes","floor":10,"turns":2},{"damage":4,"enemies":"Blue Slaver","floor":12,"turns":4},{"damage":18,"enemies":"Exordium Thugs","floor":14,"turns":5},{"damage":26,"enemies":"Slime Boss","floor":16,"turns":8},{"damage":21,"enemies":"2 Thieves","floor":18,"turns":3},{"damage":25,"enemies":"Colosseum Slavers","floor":19,"turns":6},{"damage":21,"enemies":"Shell Parasite","floor":21,"turns":1}],"seed_played":"1697799723317435084","potions_obtained":[{"floor":1,"key":"GamblersBrew"},{"floor":4,"key":"Regen Potion"},{"floor":4,"key":"EssenceOfSteel"},{"floor":7,"key":"SteroidPotion"},{"floor":8,"key":"SteroidPotion"},{"floor":10,"key":"EssenceOfSteel"},{"floor":14,"key":"Energy Potion"}],"is_trial":false,"path_per_floor":["M","M","M","?","M","R","E","M","T","M","R","M","R","M","R","B",null,"M","?","?","M"],"character_chosen":"THE_SILENT","items_purchased":[],"campfire_rested":2,"item_purchase_floors":[],"current_hp_per_floor":[40,40,34,34,43,43,17,14,14,14,33,29,29,11,30,4,51,30,5,5,0],"gold":377,"neow_bonus":"ONE_RARE_RELIC","is_prod":false,"is_daily":false,"chose_seed":false,"campfire_upgraded":1,"win_rate":0,"timestamp":1543681004,"path_taken":["M","M","?","?","M","R","E","M","T","M","R","?","R","M","R","BOSS","M","?","?","M"],"build_version":"2018-11-15","purchased_purges":0,"victory":false,"max_hp_per_floor":[66,66,66,66,66,66,66,66,66,66,66,66,66,66,66,66,66,66,66,66,66],"card_choices":[{"not_picked":["Terror","Deflect"],"picked":"Noxious Fumes","floor":1},{"not_picked":["Accuracy","Blade Dance"],"picked":"Backstab","floor":2},{"not_picked":["Backflip","Poisoned Stab"],"picked":"Bane","floor":3},{"not_picked":["Prepared","Acrobatics"],"picked":"Poisoned Stab","floor":5},{"not_picked":["Outmaneuver","Endless Agony"],"picked":"Backflip","floor":7},{"not_picked":["Deadly Poison","Riddle With Holes"],"picked":"Noxious Fumes","floor":8},{"not_picked":["Dagger Throw","Dagger Spray"],"picked":"Blur","floor":10},{"not_picked":["Flying Knee","Endless Agony"],"picked":"Envenom","floor":12},{"not_picked":["Deflect","Dagger Spray"],"picked":"Poisoned Stab","floor":14},{"not_picked":["After Image","Night Terror"],"picked":"Corpse Explosion","floor":16},{"not_picked":["Noxious Fumes","Blade Dance"],"picked":"PiercingWail","floor":18}],"player_experience":570918,"relics_obtained":[{"floor":7,"key":"Kunai"},{"floor":9,"key":"Centennial Puzzle"},{"floor":13,"key":"Potion Belt"}],"event_choices":[{"damage_healed":0,"gold_gain":0,"player_choice":"Got Potions","damage_taken":0,"max_hp_gain":0,"max_hp_loss":0,"event_name":"Lab","floor":4,"gold_loss":0},{"damage_healed":0,"gold_gain":0,"player_choice":"Fight","damage_taken":0,"max_hp_gain":0,"max_hp_loss":0,"event_name":"Colosseum","floor":19,"gold_loss":0},{"damage_healed":0,"gold_gain":0,"player_choice":"Fled From Nobs","damage_taken":0,"max_hp_gain":0,"max_hp_loss":0,"event_name":"Colosseum","floor":19,"gold_loss":0},{"damage_healed":0,"gold_gain":50,"player_choice":"Stole From Cult","damage_taken":0,"max_hp_gain":0,"max_hp_loss":0,"event_name":"Nest","floor":20,"gold_loss":0}],"is_beta":false,"boss_relics":[{"not_picked":["Runic Dome","WristBlade"],"picked":"Sozu"}],"items_purged_floors":[],"is_endless":false,"potions_floor_spawned":[1,7,8,10,14,19],"killed_by":"Shell Parasite","ascension_level":18}