{"gold_per_floor":[114,134,146,221,240,240,240,278,278,278,17,17,53,53,53,143,143,159,159,21,42,42,42,42],"floor_reached":24,"playtime":927,"items_purged":["Strike_B","Strike_B"],"score":347,"play_id":"5d4392f3-2c79-43c3-8e23-6e1dc2553680","local_time":"20181104105718","is_ascension_mode":true,"campfire_choices":[{"data":"Zap","floor":6,"key":"SMITH"},{"floor":10,"key":"REST"},{"floor":12,"key":"REST"},{"data":"Go for the Eyes","floor":15,"key":"SMITH"},{"floor":23,"key":"REST"}],"neow_cost":"NONE","seed_source_timestamp":83848051306988,"circlet_count":0,"master_deck":["AscendersBane","Strike_B","Strike_B","Defend_B","Defend_B","Defend_B","Defend_B","Zap+1","Dualcast","Doom and Gloom","Go for the Eyes+1","Sunder","Static Discharge","Injury","Coolheaded","Self Repair","White Noise","Creative AI","BootSequence+1","Hologram"],"relics":["Cracked Core","Golden Idol","Bottled Lightning","Letter Opener","Membership Card","Ornamental Fan","Inserter","PreservedInsect"],"potions_floor_usage":[8,18,22,22],"damage_taken":[{"damage":6,"enemies":"Cultist","floor":1,"turns":4},{"damage":12,"enemies":"Small Slimes","floor":2,"turns":3},{"damage":9,"enemies":"Jaw Worm","floor":3,"turns":4},{"damage":8,"enemies":"3 Louse","floor":5,"turns":3},{"damage":15,"enemies":"Lagavulin","floor":8,"turns":7},{"damage":23,"enemies":"3 Sentries","floor":13,"turns":5},{"damage":13,"enemies":"Hexaghost","floor":16,"turns":9},{"damage":31,"enemies":"Spheric Guardian","floor":18,"turns":5},{"damage":17,"enemies":"Shell Parasite","floor":21,"turns":8},{"damage":27,"enemies":"Sentry and Sphere","floor":22,"turns":4},{"damage":38,"enemies":"Gremlin Leader","floor":24,"turns":2}],"seed_played":"-5052684635007443288","potions_obtained":[{"floor":1,"key":"Energy Potion"},{"floor":5,"key":"SmokeBomb"},{"floor":16,"key":"LiquidBronze"},{"floor":18,"key":"Swift Potion"}],"is_trial":false,"path_per_floor":["M","M","M","?","M","R","?","E","T","R","$","R","E","?","R","B",null,"M","?","$","M","M","R","E"],"character_chosen":"DEFECT","items_purchased":["Membership Card","Self Repair","PreservedInsect","Hologram"],"campfire_rested":3,"item_purchase_floors":[11,11,20,20],"current_hp_per_floor":[65,53,44,33,25,25,25,10,10,33,33,56,40,33,33,20,64,40,40,40,30,10,33,0],"gold":42,"neow_bonus":"TEN_PERCENT_HP_BONUS","is_prod":false,"is_daily":false,"chose_seed":false,"campfire_upgraded":2,"win_rate":0,"timestamp":1541347038,"path_taken":["M","M","?","?","M","R","?","E","T","R","?","R","E","?","R","BOSS","M","?","$","M","M","R","E"],"build_version":"2018-11-01","purchased_purges":2,"victory":false,"max_hp_per_floor":[78,78,78,78,78,78,78,78,78,78,78,78,78,78,78,78,78,78,78,78,78,78,78,78],"card_choices":[{"not_picked":["Compile Driver","Self Repair"],"picked":"Doom and Gloom","floor":1},{"not_picked":["Redo","Auto Shields"],"picked":"Go for the Eyes","floor":2},{"not_picked":["Coolheaded","Redo"],"picked":"Sunder","floor":3},{"not_picked":["Reinforced Body","Stack"],"picked":"Static Discharge","floor":5},{"not_picked":["Heatsinks","Chaos"],"picked":"Coolheaded","floor":8},{"not_picked":["Stack","Redo"],"picked":"White Noise","floor":13},{"not_picked":["Meteor Strike","Multi-Cast"],"picked":"Creative AI","floor":16},{"not_picked":["Coolheaded","Sweeping Beam"],"picked":"BootSequence+1","floor":18},{"not_picked":["Leap","Rebound","Fusion"],"picked":"SKIP","floor":21}],"player_experience":186046,"relics_obtained":[{"floor":8,"key":"Bottled Lightning"},{"floor":9,"key":"Letter Opener"},{"floor":13,"key":"Ornamental Fan"}],"event_choices":[{"damage_healed":0,"gold_gain":75,"player_choice":"Gather Gold","damage_taken":11,"max_hp_gain":0,"max_hp_loss":0,"event_name":"World of Goop","floor":4,"gold_loss":0},{"damage_healed":0,"gold_gain":0,"player_choice":"Take Wound","damage_taken":0,"relics_obtained":["Golden Idol"],"max_hp_gain":0,"max_hp_loss":0,"event_name":"Golden Idol","floor":7,"gold_loss":0,"cards_obtained":["Injury"]},{"damage_healed":0,"gold_gain":0,"player_choice":"Damaged","damage_taken":7,"max_hp_gain":0,"max_hp_loss":0,"event_name":"Wheel of Change","floor":14,"gold_loss":0},{"damage_healed":0,"gold_gain":0,"player_choice":"Ignored","damage_taken":0,"max_hp_gain":0,"max_hp_loss":0,"event_name":"Vampires","floor":19,"gold_loss":0}],"is_beta":false,"boss_relics":[{"not_picked":["Nuclear Battery","Philosopher\u0027s Stone"],"picked":"Inserter"}],"items_purged_floors":[11,20],"is_endless":false,"potions_floor_spawned":[1,5,16,18],"killed_by":"Gremlin Leader","ascension_level":14}