{"gold_per_floor":[369,369,386,240,258,258,323,323,350,450,466,466],"floor_reached":12,"playtime":334,"items_purged":["Strike_B"],"score":82,"play_id":"9f614702-6e79-4347-8db1-072fcd6aafbd","local_time":"20190302112934","is_ascension_mode":true,"campfire_choices":[{"data":"Zap","floor":6,"key":"SMITH"},{"floor":8,"key":"REST"}],"neow_cost":"PERCENT_DAMAGE","seed_source_timestamp":305775628127461,"circlet_count":0,"master_deck":["Strike_B","Strike_B","Defend_B","Defend_B","Defend_B","Defend_B","Zap+1","Dualcast","Sweeping Beam","Conserve Battery","Capacitor","Steam","Streamline"],"relics":["Cracked Core","Incense Burner","Ancient Tea Set"],"potions_floor_usage":[],"damage_taken":[{"damage":0,"enemies":"Small Slimes","floor":1,"turns":3},{"damage":1,"enemies":"Cultist","floor":3,"turns":3},{"damage":2,"enemies":"Jaw Worm","floor":5,"turns":4},{"damage":43,"enemies":"Gremlin Nob","floor":7,"turns":5},{"damage":1,"enemies":"Looter","floor":11,"turns":3},{"damage":29,"enemies":"Exordium Thugs","floor":12,"turns":5}],"seed_played":"-193680394267680881","potions_obtained":[{"floor":11,"key":"Dexterity Potion"}],"is_trial":false,"path_per_floor":["M","?","M","$","M","R","?","R","T","?","M","M"],"character_chosen":"DEFECT","items_purchased":["Capacitor"],"campfire_rested":1,"item_purchase_floors":[4],"current_hp_per_floor":[54,54,53,53,51,51,8,30,30,30,29,0],"gold":466,"neow_bonus":"TWO_FIFTY_GOLD","is_prod":false,"is_daily":false,"chose_seed":false,"campfire_upgraded":1,"win_rate":0,"timestamp":1551522574,"path_taken":["M","?","M","?","M","R","?","R","T","?","?","M"],"build_version":"2019-01-23","purchased_purges":1,"victory":false,"max_hp_per_floor":[75,75,75,75,75,75,75,75,75,75,75,75],"card_choices":[{"not_picked":["Compile Driver","Scrape"],"picked":"Sweeping Beam","floor":1},{"not_picked":["Compile Driver","Aggregate"],"picked":"Conserve Battery","floor":3},{"not_picked":["Reprogram","Skim"],"picked":"Steam","floor":5},{"not_picked":["Cold Snap","Leap"],"picked":"Streamline","floor":11}],"player_experience":297995,"relics_obtained":[{"floor":7,"key":"Incense Burner"},{"floor":9,"key":"Ancient Tea Set"}],"event_choices":[{"cards_removed":["Strike_B"],"damage_healed":0,"gold_gain":0,"player_choice":"Purged","damage_taken":0,"max_hp_gain":0,"max_hp_loss":0,"event_name":"Purifier","floor":2,"gold_loss":0},{"damage_healed":0,"gold_gain":30,"player_choice":"Searched \u00273\u0027 times","damage_taken":0,"max_hp_gain":0,"max_hp_loss":0,"event_name":"Dead Adventurer","floor":7,"gold_loss":0},{"damage_healed":0,"gold_gain":100,"player_choice":"Pray","damage_taken":0,"max_hp_gain":0,"max_hp_loss":0,"event_name":"Golden Shrine","floor":10,"gold_loss":0}],"is_beta":false,"boss_relics":[],"items_purged_floors":[4],"is_endless":false,"potions_floor_spawned":[11],"killed_by":"Exordium Thugs","ascension_level":4}