{"gold_per_floor":[113,113,128,142,220,220,236,271,322,356,22,22,0,14,14,116,116,129,129,2,2,21,21,21,54,54,54],"floor_reached":27,"playtime":983,"items_purged":["Strike_G"],"score":324,"play_id":"b8a96d17-8cab-458e-8145-c1c26592c288","local_time":"20190302130817","is_ascension_mode":true,"campfire_choices":[{"floor":6,"key":"REST"},{"data":"Footwork","floor":12,"key":"SMITH"},{"data":"Neutralize","floor":15,"key":"SMITH"},{"data":"Ghostly","floor":23,"key":"SMITH"}],"neow_cost":"PERCENT_DAMAGE","seed_source_timestamp":311049742826105,"circlet_count":0,"master_deck":["Defend_G","Defend_G+1","Defend_G","Defend_G","Defend_G","Strike_G+1","Strike_G","Strike_G","Strike_G","Survivor","Neutralize+1","Infinite Blades","Dash","Deadly Poison","PiercingWail","Backstab","Terror","Footwork+1","Malaise","Crippling Poison+1","Ghostly","Ghostly","Ghostly","Ghostly","Ghostly+1","Noxious Fumes","Dodge and Roll","Blur","After Image"],"relics":["Ring of the Snake","Incense Burner","Pear","Art of War","Strawberry","Bag of Preparation","Black Star","Matryoshka","Shuriken","Pen Nib","Gremlin Horn"],"potions_floor_usage":[10,25,25],"damage_taken":[{"damage":0,"enemies":"2 Louse","floor":1,"turns":4},{"damage":3,"enemies":"Jaw Worm","floor":3,"turns":5},{"damage":0,"enemies":"Cultist","floor":4,"turns":3},{"damage":1,"enemies":"Blue Slaver","floor":7,"turns":4},{"damage":23,"enemies":"Lagavulin","floor":8,"turns":7},{"damage":10,"enemies":"3 Sentries","floor":10,"turns":9},{"damage":0,"enemies":"Exordium Wildlife","floor":14,"turns":2},{"damage":4,"enemies":"Hexaghost","floor":16,"turns":10},{"damage":4,"enemies":"Chosen","floor":18,"turns":6},{"damage":5,"enemies":"Spheric Guardian","floor":22,"turns":7},{"damage":12,"enemies":"Slavers","floor":25,"turns":3},{"damage":23,"enemies":"Gremlin Leader","floor":27,"turns":4}],"seed_played":"2027940445541451145","potions_obtained":[{"floor":8,"key":"Swift Potion"},{"floor":10,"key":"Ancient Potion"},{"floor":14,"key":"FearPotion"},{"floor":16,"key":"SkillPotion"}],"is_trial":false,"path_per_floor":["M","?","M","M","T","R","M","E","T","E","$","R","?","M","R","B",null,"M","?","$","?","M","R","$","E","T","E"],"character_chosen":"THE_SILENT","items_purchased":["Bag of Preparation","Terror","Footwork","Noxious Fumes","Dodge and Roll"],"campfire_rested":1,"item_purchase_floors":[11,11,11,20,20],"current_hp_per_floor":[49,35,32,32,32,53,52,39,39,36,36,36,36,36,36,32,73,69,43,43,37,32,32,32,20,20,0],"gold":54,"neow_bonus":"ONE_RARE_RELIC","is_prod":false,"is_daily":false,"chose_seed":false,"campfire_upgraded":3,"win_rate":0,"timestamp":1551528497,"path_taken":["M","?","M","M","?","R","?","E","T","E","$","R","?","M","R","BOSS","M","?","$","?","M","R","?","E","T","E"],"build_version":"2019-01-23","purchased_purges":1,"victory":false,"max_hp_per_floor":[70,70,70,70,70,70,70,80,80,87,87,87,87,87,87,87,87,87,43,43,48,48,48,48,48,48,48],"card_choices":[{"not_picked":["Acrobatics","Quick Slash"],"picked":"Infinite Blades","floor":1},{"not_picked":["Acrobatics","Reflex"],"picked":"Dash","floor":3},{"not_picked":["Underhanded Strike","Backflip"],"picked":"Deadly Poison","floor":4},{"not_picked":["Dagger Throw","Flechettes"],"picked":"PiercingWail","floor":7},{"not_picked":["PiercingWail","Eviscerate"],"picked":"Backstab","floor":8},{"not_picked":["Prepared","Quick Slash","Flying Knee"],"picked":"SKIP","floor":10},{"not_picked":["Flying Knee","Outmaneuver","Prepared"],"picked":"SKIP","floor":14},{"not_picked":["Doppelganger","Grand Finale"],"picked":"Malaise","floor":16},{"not_picked":["Reflex","Outmaneuver+1"],"picked":"Crippling Poison+1","floor":18},{"not_picked":["Deflect","Skewer+1"],"picked":"Blur","floor":22},{"not_picked":["Accuracy","Footwork+1"],"picked":"After Image","floor":25}],"player_experience":302966,"relics_obtained":[{"floor":8,"key":"Pear"},{"floor":9,"key":"Art of War"},{"floor":10,"key":"Strawberry"},{"floor":25,"key":"Matryoshka"},{"floor":25,"key":"Shuriken"},{"floor":26,"key":"Pen Nib"},{"floor":26,"key":"Gremlin Horn"}],"event_choices":[{"damage_healed":0,"gold_gain":0,"player_choice":"Entered Light","damage_taken":14,"max_hp_gain":0,"max_hp_loss":0,"event_name":"Shining Light","floor":2,"gold_loss":0,"cards_upgraded":["Strike_G","Defend_G"]},{"damage_healed":0,"gold_gain":0,"player_choice":"Left Gold","damage_taken":0,"max_hp_gain":0,"max_hp_loss":0,"event_name":"World of Goop","floor":13,"gold_loss":22},{"damage_healed":0,"gold_gain":0,"player_choice":"Became a Ghost","damage_taken":0,"max_hp_gain":0,"max_hp_loss":44,"event_name":"Ghosts","floor":19,"gold_loss":0,"cards_obtained":["Ghostly","Ghostly","Ghostly","Ghostly","Ghostly"]},{"damage_healed":0,"gold_gain":0,"player_choice":"Shed Blood","damage_taken":11,"max_hp_gain":5,"max_hp_loss":0,"event_name":"Forgotten Altar","floor":21,"gold_loss":0}],"is_beta":false,"boss_relics":[{"not_picked":["Fusion Hammer","Calling Bell"],"picked":"Black Star"}],"items_purged_floors":[11],"is_endless":false,"potions_floor_spawned":[8,10,14,16],"killed_by":"Gremlin Leader","ascension_level":5}