{"gold_per_floor":[114,39,114,128,93,120,120,147,147,203,203,238,238,238,250,339,351,376,388,418,430,126,126,126,126],"floor_reached":25,"playtime":1120,"items_purged":["Strike_B","Writhe"],"score":476,"play_id":"8498b3ca-eacb-423a-a028-da7128461096","local_time":"20190221105230","is_ascension_mode":true,"campfire_choices":[{"data":"Zap","floor":7,"key":"SMITH"},{"data":"Cold Snap","floor":11,"key":"SMITH"},{"data":"Doom and Gloom","floor":13,"key":"SMITH"},{"floor":15,"key":"REST"},{"floor":23,"key":"REST"}],"neow_cost":"NONE","seed_source_timestamp":360821815671188,"circlet_count":0,"master_deck":["AscendersBane","Strike_B","Strike_B","Strike_B","Defend_B","Defend_B","Defend_B","Defend_B","Zap+1","Dualcast","Cold Snap+1","Undo","Doom and Gloom+1","Capacitor","Creative AI","Electrodynamics","Cold Snap+1","White Noise+1","Necronomicurse"],"relics":["Cracked Core","NeowsBlessing","Darkstone Periapt","DataDisk","Bottled Tornado","Tiny Chest","Pen Nib","MawBank","Nuclear Battery","Cables","Runic Capacitor","Necronomicon"],"potions_floor_usage":[16,20],"damage_taken":[{"damage":0,"enemies":"2 Louse","floor":1,"turns":1},{"damage":0,"enemies":"Jaw Worm","floor":4,"turns":1},{"damage":0,"enemies":"3 Sentries","floor":6,"turns":1},{"damage":30,"enemies":"Gremlin Nob","floor":8,"turns":4},{"damage":15,"enemies":"Lagavulin","floor":12,"turns":6},{"damage":24,"enemies":"The Guardian","floor":16,"turns":9},{"damage":5,"enemies":"Chosen","floor":18,"turns":4},{"damage":31,"enemies":"2 Thieves","floor":20,"turns":3},{"damage":20,"enemies":"Colosseum Slavers","floor":25,"turns":4},{"damage":19,"enemies":"Colosseum Nobs","floor":25,"turns":4}],"seed_played":"-911760697768826652","potions_obtained":[{"floor":8,"key":"SkillPotion"},{"floor":12,"key":"SmokeBomb"},{"floor":16,"key":"SkillPotion"},{"floor":20,"key":"SteroidPotion"}],"is_trial":false,"path_per_floor":["M","$","?","M","?","E","R","E","T","T","R","E","R","?","R","B",null,"M","?","M","?","$","R","?","?"],"character_chosen":"DEFECT","items_purchased":["Runic Capacitor"],"campfire_rested":2,"item_purchase_floors":[22],"current_hp_per_floor":[64,64,53,53,70,70,70,40,40,40,40,25,25,20,41,17,58,53,53,22,28,28,51,36,0],"gold":126,"neow_bonus":"THREE_ENEMY_KILL","is_prod":false,"is_daily":false,"chose_seed":false,"campfire_upgraded":3,"win_rate":0,"timestamp":1550764350,"path_taken":["M","$","?","M","?","E","R","E","T","?","R","E","R","?","R","BOSS","M","?","?","?","$","R","?","?"],"build_version":"2019-01-23","purchased_purges":2,"victory":false,"max_hp_per_floor":[71,71,71,71,71,71,71,71,71,71,71,71,71,71,71,71,71,71,71,71,77,77,77,83,83],"card_choices":[{"not_picked":["Hologram","Fusion"],"picked":"Cold Snap","floor":1},{"not_picked":["Double Energy","Turbo"],"picked":"Undo","floor":4},{"not_picked":["Chill","Consume"],"picked":"Doom and Gloom","floor":6},{"not_picked":["Sweeping Beam","Go for the Eyes"],"picked":"Capacitor","floor":8},{"not_picked":["Chill","Storm"],"picked":"Creative AI","floor":12},{"not_picked":["Fission","Amplify"],"picked":"Electrodynamics","floor":16},{"not_picked":["Turbo","Rebound","Barrage"],"picked":"SKIP","floor":18},{"not_picked":["Ball Lightning","Rebound"],"picked":"White Noise+1","floor":20}],"player_experience":677541,"relics_obtained":[{"floor":6,"key":"Darkstone Periapt"},{"floor":8,"key":"DataDisk"},{"floor":9,"key":"Bottled Tornado"},{"floor":10,"key":"Tiny Chest"},{"floor":12,"key":"Pen Nib"},{"floor":24,"key":"Necronomicon"}],"event_choices":[{"damage_healed":0,"gold_gain":75,"player_choice":"Gather Gold","damage_taken":11,"max_hp_gain":0,"max_hp_loss":0,"event_name":"World of Goop","floor":3,"gold_loss":0},{"damage_healed":17,"gold_gain":0,"player_choice":"Healed","damage_taken":0,"max_hp_gain":0,"max_hp_loss":0,"event_name":"The Cleric","floor":5,"gold_loss":35},{"damage_healed":0,"gold_gain":0,"player_choice":"Success","damage_taken":5,"relics_obtained":["MawBank"],"max_hp_gain":0,"max_hp_loss":0,"event_name":"Scrap Ooze","floor":14,"gold_loss":0},{"damage_healed":0,"gold_gain":0,"player_choice":"Copied","damage_taken":0,"max_hp_gain":0,"max_hp_loss":0,"event_name":"Duplicator","floor":19,"gold_loss":0,"cards_obtained":["Cold Snap"]},{"damage_healed":0,"gold_gain":0,"player_choice":"Opened","damage_taken":0,"relics_obtained":["Cables"],"max_hp_gain":0,"max_hp_loss":0,"event_name":"The Mausoleum","floor":21,"gold_loss":0,"cards_obtained":["Writhe"]},{"damage_healed":0,"gold_gain":0,"player_choice":"Obtained Book","damage_taken":21,"max_hp_gain":0,"max_hp_loss":0,"event_name":"Cursed Tome","floor":24,"gold_loss":0},{"damage_healed":0,"gold_gain":0,"player_choice":"Fight","damage_taken":0,"max_hp_gain":0,"max_hp_loss":0,"event_name":"Colosseum","floor":25,"gold_loss":0},{"damage_healed":0,"gold_gain":0,"player_choice":"Fought Nobs","damage_taken":0,"max_hp_gain":0,"max_hp_loss":0,"event_name":"Colosseum","floor":25,"gold_loss":0}],"is_beta":false,"boss_relics":[{"not_picked":["Runic Dome","Fusion Hammer"],"picked":"Nuclear Battery"}],"items_purged_floors":[2,22],"is_endless":false,"potions_floor_spawned":[8,12,16,20,25],"killed_by":"Colosseum Nobs","ascension_level":20}