{"gold_per_floor":[111,121,46,46,56,90,90,125,149,149,149,173,173,184,184,261,261,276,42,42,58,69,69,98,98,98,126,138,16,16,16,16,93,93,108,108,108],"floor_reached":37,"playtime":1932,"items_purged":["Strike_B"],"score":822,"play_id":"f06d7e42-00cc-4616-9f33-873054acf3dc","local_time":"20190223222056","is_ascension_mode":true,"campfire_choices":[{"data":"Go for the Eyes","floor":7,"key":"SMITH"},{"floor":11,"key":"REST"},{"data":"Conserve Battery","floor":15,"key":"SMITH"},{"data":"Defragment","floor":23,"key":"SMITH"},{"data":"Ghostly","floor":30,"key":"SMITH"},{"floor":32,"key":"REST"}],"neow_cost":"NONE","seed_source_timestamp":5057334051409,"circlet_count":0,"master_deck":["AscendersBane","Defend_B","Defend_B","Defend_B","Defend_B","Zap+1","Dualcast","Go for the Eyes+1","Conserve Battery+1","Sweeping Beam+1","Biased Cognition","Creative AI","Ball Lightning","Defragment+1","Doom and Gloom","Tempest","Skim","Compile Driver","Leap+1","Hologram","Ghostly+1","Ghostly","Ghostly","Coolheaded","BootSequence","Echo Form","Defragment+1"],"relics":["Cracked Core","Oddly Smooth Stone","Potion Belt","Whetstone","Bag of Preparation","Vajra","Eternal Feather","Juzu Bracelet","DataDisk","MawBank","Snecko Eye"],"potions_floor_usage":[0,6,8,24,24,24,24,24,28,33],"damage_taken":[{"damage":0,"enemies":"Cultist","floor":1,"turns":3},{"damage":0,"enemies":"Jaw Worm","floor":2,"turns":3},{"damage":0,"enemies":"Small Slimes","floor":5,"turns":3},{"damage":16,"enemies":"3 Sentries","floor":6,"turns":7},{"damage":34,"enemies":"Gremlin Nob","floor":8,"turns":4},{"damage":0,"enemies":"Looter","floor":14,"turns":2},{"damage":26,"enemies":"The Guardian","floor":16,"turns":14},{"damage":25,"enemies":"Shell Parasite","floor":18,"turns":6},{"damage":1,"enemies":"Chosen","floor":21,"turns":5},{"damage":27,"enemies":"Sentry and Sphere","floor":22,"turns":5},{"damage":9,"enemies":"Slavers","floor":24,"turns":5},{"damage":35,"enemies":"Book of Stabbing","floor":27,"turns":6},{"damage":32,"enemies":"Champ","floor":33,"turns":14},{"damage":0,"enemies":"3 Shapes","floor":35,"turns":5},{"damage":50,"enemies":"3 Darklings","floor":37,"turns":3}],"seed_played":"2887649521481716453","potions_obtained":[{"floor":0,"key":"Fruit Juice"},{"floor":0,"key":"Swift Potion"},{"floor":0,"key":"Energy Potion"},{"floor":2,"key":"PowerPotion"},{"floor":6,"key":"Strength Potion"},{"floor":14,"key":"Block Potion"},{"floor":16,"key":"SkillPotion"},{"floor":21,"key":"FocusPotion"},{"floor":24,"key":"Fruit Juice"},{"floor":28,"key":"Fruit Juice"},{"floor":28,"key":"Fire Potion"}],"is_trial":false,"path_per_floor":["M","M","?","?","M","E","R","E","T","?","R","T","?","M","R","B",null,"M","$","?","M","M","R","E","?","T","E","?","$","R","?","R","B",null,"M","?","M"],"character_chosen":"DEFECT","items_purchased":["Defragment","Doom and Gloom","BootSequence","Block Potion"],"campfire_rested":2,"item_purchase_floors":[19,19,29,29],"current_hp_per_floor":[69,69,69,69,69,53,53,19,19,8,30,30,30,30,30,11,60,42,42,42,48,28,40,36,36,36,1,6,6,21,10,40,15,41,48,48,0],"gold":108,"neow_bonus":"THREE_SMALL_POTIONS","is_prod":false,"is_daily":false,"chose_seed":false,"campfire_upgraded":4,"win_rate":0,"timestamp":1550978456,"path_taken":["M","?","?","?","M","E","R","E","T","?","R","?","?","M","R","BOSS","M","?","?","M","M","R","E","?","T","E","?","$","R","?","R","BOSS","M","?","M"],"build_version":"2019-01-23","purchased_purges":1,"victory":false,"max_hp_per_floor":[76,76,76,76,76,76,76,76,76,76,76,76,76,76,76,76,76,76,76,76,76,76,76,81,40,40,40,45,45,45,50,50,50,50,50,50,50],"card_choices":[{"not_picked":["Stack","Turbo"],"picked":"Go for the Eyes","floor":1},{"not_picked":["Hello World","Steam"],"picked":"Conserve Battery","floor":2},{"not_picked":["Beam Cell","Static Discharge"],"picked":"Sweeping Beam","floor":5},{"not_picked":["Lockon","Heatsinks"],"picked":"Biased Cognition","floor":6},{"not_picked":["Stack","Gash","Rebound"],"picked":"SKIP","floor":8},{"not_picked":["Sweeping Beam","Conserve Battery"],"picked":"Self Repair","floor":14},{"not_picked":["Amplify","Multi-Cast"],"picked":"Creative AI","floor":16},{"not_picked":["Streamline+1","Hologram"],"picked":"Ball Lightning","floor":18},{"not_picked":["Turbo","Rip and Tear+1"],"picked":"Compile Driver","floor":21},{"not_picked":["Redo","Rip and Tear"],"picked":"Leap+1","floor":22},{"not_picked":["Go for the Eyes","Turbo+1"],"picked":"Hologram","floor":24},{"not_picked":["White Noise","Hologram"],"picked":"Coolheaded","floor":27},{"not_picked":["Fission","Creative AI"],"picked":"Echo Form","floor":33},{"not_picked":["Rebound+1","Chaos"],"picked":"Defragment+1","floor":35}],"player_experience":708279,"relics_obtained":[{"floor":6,"key":"Oddly Smooth Stone"},{"floor":8,"key":"Potion Belt"},{"floor":9,"key":"Whetstone"},{"floor":12,"key":"Vajra"},{"floor":24,"key":"Juzu Bracelet"},{"floor":26,"key":"DataDisk"},{"floor":27,"key":"MawBank"}],"event_choices":[{"cards_removed":["Strike_B"],"damage_healed":0,"gold_gain":0,"player_choice":"Card Removal","damage_taken":0,"max_hp_gain":0,"max_hp_loss":0,"event_name":"The Cleric","floor":3,"gold_loss":75},{"damage_healed":0,"gold_gain":0,"player_choice":"Ignored","damage_taken":0,"max_hp_gain":0,"max_hp_loss":0,"event_name":"Golden Idol","floor":4,"gold_loss":0},{"damage_healed":0,"gold_gain":0,"player_choice":"Success","damage_taken":11,"relics_obtained":["Bag of Preparation"],"max_hp_gain":0,"max_hp_loss":0,"event_name":"Scrap Ooze","floor":10,"gold_loss":0},{"damage_healed":0,"gold_gain":0,"player_choice":"Forge","damage_taken":0,"max_hp_gain":0,"max_hp_loss":0,"event_name":"Accursed Blacksmith","floor":13,"gold_loss":0,"cards_upgraded":["Zap"]},{"damage_healed":0,"gold_gain":0,"cards_transformed":["Strike_B","Strike_B"],"player_choice":"Became Test Subject","damage_taken":0,"max_hp_gain":0,"max_hp_loss":0,"event_name":"Drug Dealer","floor":20,"gold_loss":0,"cards_obtained":["Tempest","Skim"]},{"damage_healed":0,"gold_gain":0,"player_choice":"Became a Ghost","damage_taken":0,"max_hp_gain":0,"max_hp_loss":41,"event_name":"Ghosts","floor":25,"gold_loss":0,"cards_obtained":["Ghostly","Ghostly","Ghostly"]},{"damage_healed":0,"gold_gain":0,"player_choice":"Got Potions","damage_taken":0,"max_hp_gain":0,"max_hp_loss":0,"event_name":"Lab","floor":28,"gold_loss":0},{"damage_healed":0,"gold_gain":0,"player_choice":"Shed Blood","damage_taken":16,"max_hp_gain":5,"max_hp_loss":0,"event_name":"Forgotten Altar","floor":31,"gold_loss":0},{"cards_removed":["Self Repair"],"damage_healed":0,"gold_gain":0,"player_choice":"Removed Power","damage_taken":0,"max_hp_gain":0,"max_hp_loss":0,"event_name":"Falling","floor":36,"gold_loss":0}],"is_beta":false,"boss_relics":[{"not_picked":["FrozenCore","Empty Cage"],"picked":"Eternal Feather"},{"not_picked":["Fusion Hammer","Tiny House"],"picked":"Snecko Eye"}],"items_purged_floors":[19],"is_endless":false,"potions_floor_spawned":[2,6,14,16,21,24],"killed_by":"3 Darklings","ascension_level":20}