{"gold_per_floor":[209,209,228,243,318,318,347,347],"floor_reached":8,"playtime":268,"items_purged":[],"score":90,"play_id":"d1634471-142c-4214-8557-d76d24c7eb86","local_time":"20181103092808","is_ascension_mode":true,"campfire_choices":[{"data":"Zap","floor":6,"key":"SMITH"}],"neow_cost":"NONE","seed_source_timestamp":411700832181679,"circlet_count":0,"master_deck":["AscendersBane","Strike_B+1","Strike_B+1","Strike_B","Strike_B","Defend_B","Defend_B","Defend_B","Defend_B","Zap+1","Dualcast","Go for the Eyes","Static Discharge","Chill","Beam Cell"],"relics":["Cracked Core","Oddly Smooth Stone"],"potions_floor_usage":[],"damage_taken":[{"damage":8,"enemies":"Jaw Worm","floor":1,"turns":4},{"damage":3,"enemies":"Small Slimes","floor":3,"turns":3},{"damage":8,"enemies":"2 Louse","floor":4,"turns":2},{"damage":21,"enemies":"3 Sentries","floor":7,"turns":8},{"damage":2,"enemies":"2 Fungi Beasts","floor":8,"turns":1}],"seed_played":"-7785498346231762615","potions_obtained":[{"floor":3,"key":"Explosive Potion"},{"floor":4,"key":"Weak Potion"}],"is_trial":false,"path_per_floor":["M","?","M","M","?","R","E","M"],"character_chosen":"DEFECT","items_purchased":[],"campfire_rested":0,"item_purchase_floors":[],"current_hp_per_floor":[60,45,42,34,23,23,2,0],"gold":347,"neow_bonus":"HUNDRED_GOLD","is_prod":false,"is_daily":false,"chose_seed":false,"campfire_upgraded":1,"win_rate":0,"timestamp":1541251688,"path_taken":["M","?","M","M","?","R","E","M"],"build_version":"2018-11-01","purchased_purges":0,"victory":false,"max_hp_per_floor":[75,75,75,75,75,75,75,75],"card_choices":[{"not_picked":["Beam Cell","Tempest"],"picked":"Go for the Eyes","floor":1},{"not_picked":["Rebound","Gash"],"picked":"Static Discharge","floor":3},{"not_picked":["Compile Driver","Sunder"],"picked":"Chill","floor":4},{"not_picked":["Leap","Go for the Eyes"],"picked":"Beam Cell","floor":7}],"player_experience":164611,"relics_obtained":[{"floor":7,"key":"Oddly Smooth Stone"}],"event_choices":[{"damage_healed":0,"gold_gain":0,"player_choice":"Entered Light","damage_taken":15,"max_hp_gain":0,"max_hp_loss":0,"event_name":"Shining Light","floor":2,"gold_loss":0,"cards_upgraded":["Strike_B","Strike_B"]},{"damage_healed":0,"gold_gain":75,"player_choice":"Gather Gold","damage_taken":11,"max_hp_gain":0,"max_hp_loss":0,"event_name":"World of Goop","floor":5,"gold_loss":0}],"is_beta":false,"boss_relics":[],"items_purged_floors":[],"is_endless":false,"potions_floor_spawned":[3,4,7],"killed_by":"2 Fungi Beasts","ascension_level":12}