{"path_per_floor":["M","M","M","$","M","R","M","?","T","M","R","M","R","T","R","B",null,"M","?","$","M","$"],"character_chosen":"THE_SILENT","items_purchased":["Noxious Fumes","Deadly Poison+1","Deadly Poison+1"],"gold_per_floor":[111,127,138,68,88,88,105,85,85,103,103,116,116,116,116,216,246,231,231,104,115,69,69],"floor_reached":23,"campfire_rested":3,"playtime":806,"item_purchase_floors":[4,20,22],"current_hp_per_floor":[60,54,54,54,37,58,42,42,42,34,55,49,70,70,70,66,75,61,45,45,35,35,0],"items_purged":["Strike_G"],"gold":69,"score":183,"play_id":"1e433a11-99ae-4806-aca4-3351fd5ee20e","local_time":"20180526014233","is_prod":false,"is_daily":false,"chose_seed":false,"is_ascension_mode":false,"campfire_upgraded":1,"win_rate":0,"timestamp":1527320553,"campfire_choices":[{"floor":6,"key":"REST"},{"floor":11,"key":"REST"},{"floor":13,"key":"REST"},{"data":"Noxious Fumes","floor":15,"key":"SMITH"}],"path_taken":["M","M","M","$","M","R","M","?","T","?","R","M","R","?","R","BOSS","M","?","$","M","$","E"],"build_version":"2018-05-24","seed_source_timestamp":1426330936276452,"purchased_purges":1,"victory":false,"master_deck":["Defend_G","Defend_G","Defend_G","Defend_G","Defend_G","Strike_G","Strike_G","Strike_G","Strike_G","Survivor","Neutralize+1","Poisoned Stab","Bane","Prepared","Noxious Fumes+1","Outmaneuver","Blur","Dash","Envenom","Expertise+1","Backflip+1","Deadly Poison+1","Deadly Poison+1"],"max_hp_per_floor":[70,70,70,70,70,70,70,70,70,70,70,70,70,70,70,70,75,75,75,75,75,75,75],"relics":["Ring of the Snake","Dodecahedron","Toxic Egg 2","Tiny House","Nilry\u0027s Codex"],"card_choices":[{"not_picked":["Choke","Acrobatics"],"picked":"Poisoned Stab","floor":1},{"not_picked":["Calculated Gamble","Backstab"],"picked":"Bane","floor":2},{"not_picked":["Accuracy","Deflect"],"picked":"Prepared","floor":3},{"not_picked":["Deflect","Blade Dance"],"picked":"Outmaneuver","floor":5},{"not_picked":["Deflect","Cloak And Dagger","Prepared"],"picked":"SKIP","floor":7},{"not_picked":["Flying Knee","Bane"],"picked":"Blur","floor":10},{"not_picked":["Sucker Punch","Blade Dance"],"picked":"Dash","floor":12},{"not_picked":["Die Die Die","A Thousand Cuts"],"picked":"Envenom","floor":16},{"not_picked":["Choke","Bane"],"picked":"Expertise+1","floor":17},{"not_picked":["Slice+1","Deflect+1"],"picked":"Backflip+1","floor":18},{"not_picked":["Concentrate+1","Outmaneuver+1","Dagger Throw"],"picked":"SKIP","floor":21}],"player_experience":346482,"potions_floor_usage":[16,16,16,21,23],"damage_taken":[{"damage":10,"enemies":"Jaw Worm","floor":1,"turns":4},{"damage":6,"enemies":"Cultist","floor":2,"turns":3},{"damage":0,"enemies":"2 Louse","floor":3,"turns":3},{"damage":17,"enemies":"Exordium Wildlife","floor":5,"turns":5},{"damage":16,"enemies":"Lots of Slimes","floor":7,"turns":4},{"damage":8,"enemies":"2 Fungi Beasts","floor":10,"turns":4},{"damage":6,"enemies":"Red Slaver","floor":12,"turns":5},{"damage":4,"enemies":"Hexaghost","floor":16,"turns":9},{"damage":14,"enemies":"2 Thieves","floor":18,"turns":4},{"damage":10,"enemies":"Chosen","floor":21,"turns":5},{"damage":41,"enemies":"Slavers","floor":23,"turns":3}],"relics_obtained":[{"floor":9,"key":"Dodecahedron"},{"floor":14,"key":"Toxic Egg 2"},{"floor":19,"key":"Nilry\u0027s Codex"}],"event_choices":[{"event_name":"The Woman in Blue","player_choice":"Bought 1 Potion","floor":8,"damage_taken":0},{"event_name":"Cursed Tome","player_choice":"Obtained Book","floor":19,"damage_taken":0}],"boss_relics":[{"not_picked":["Orrery","Black Star"],"picked":"Tiny House"}],"items_purged_floors":[20],"potions_floor_spawned":[3,7,10,12,21],"seed_played":"3572508586499334022","killed_by":"Slavers","ascension_level":0,"potions_obtained":[{"floor":3,"key":"SneckoOil"},{"floor":7,"key":"PowerPotion"},{"floor":10,"key":"AttackPotion"},{"floor":12,"key":"Fire Potion"},{"floor":17,"key":"Poison Potion"},{"floor":21,"key":"Dexterity Potion"}],"is_trial":false}