{"gold_per_floor":[111,127,145,160,171,199,199,209,262,297,311,311,328,29,29,125,125,140,67,67,79,91],"floor_reached":22,"playtime":1519,"items_purged":["Strike_B"],"score":198,"play_id":"46f68b85-b5cd-4b8a-99c3-43b7865061c5","local_time":"20190306182910","is_ascension_mode":false,"campfire_choices":[{"data":"Conserve Battery","floor":7.0,"key":"SMITH"},{"data":"Loop","floor":12.0,"key":"SMITH"},{"data":"Conserve Battery","floor":15.0,"key":"SMITH"}],"neow_cost":"NONE","seed_source_timestamp":0,"circlet_count":0,"master_deck":["Strike_B","Strike_B","Defend_B","Defend_B","Defend_B","Defend_B","Zap","Dualcast","Ball Lightning","Conserve Battery+1","Loop+1","Genetic Algorithm","Seek","Coolheaded","Skim","Conserve Battery+1","Ball Lightning","Self Repair","Reboot","Static Discharge","Consume","Leap","Steam","Cold Snap","Self Repair"],"special_seed":0,"relics":["Cracked Core","Shuriken","Tiny Chest","Calipers","Happy Flower","Orrery","MawBank","Dream Catcher"],"potions_floor_usage":[22],"damage_taken":[{"damage":0.0,"enemies":"Cultist","floor":1.0,"turns":3.0},{"damage":3.0,"enemies":"Jaw Worm","floor":2.0,"turns":3.0},{"damage":0.0,"enemies":"2 Louse","floor":3.0,"turns":3.0},{"damage":2.0,"enemies":"2 Fungi Beasts","floor":4.0,"turns":3.0},{"damage":5.0,"enemies":"Looter","floor":5.0,"turns":4.0},{"damage":11.0,"enemies":"3 Sentries","floor":6.0,"turns":7.0},{"damage":4.0,"enemies":"Blue Slaver","floor":8.0,"turns":3.0},{"damage":1.0,"enemies":"Lagavulin","floor":10.0,"turns":7.0},{"damage":1.0,"enemies":"2 Fungi Beasts","floor":11.0,"turns":4.0},{"damage":5.0,"enemies":"Large Slime","floor":13.0,"turns":5.0},{"damage":16.0,"enemies":"Hexaghost","floor":16.0,"turns":11.0},{"damage":7,"enemies":"Shell Parasite","floor":18,"turns":7},{"damage":13,"enemies":"Colosseum Slavers","floor":22,"turns":5},{"damage":63,"enemies":"Colosseum Nobs","floor":22,"turns":4}],"seed_played":"-1722604207519527169","potions_obtained":[{"floor":2.0,"key":"Block Potion"},{"floor":3.0,"key":"FearPotion"},{"floor":8.0,"key":"Fire Potion"},{"floor":11.0,"key":"LiquidBronze"},{"floor":13.0,"key":"SkillPotion"}],"is_trial":false,"path_per_floor":["M","M","M","M","M","E","R","M","T","E","M","R","M","$","R","B",null,"M","$","T","?","?"],"character_chosen":"DEFECT","items_purchased":["Self Repair","Happy Flower","Self Repair"],"campfire_rested":0,"item_purchase_floors":[14,14,19],"current_hp_per_floor":[75,72,72,70,65,54,54,50,50,49,48,48,43,43,43,34,75,75,75,75,75,0],"gold":91,"neow_bonus":"REMOVE_CARD","is_prod":false,"is_daily":false,"chose_seed":false,"campfire_upgraded":3,"win_rate":0.0,"timestamp":1551893350,"path_taken":["M","M","M","M","M","E","R","M","T","E","M","R","M","$","R","BOSS","M","?","?","?","?"],"build_version":"2019-01-23","purchased_purges":1,"victory":false,"max_hp_per_floor":[75,75,75,75,75,75,75,75,75,75,75,75,75,75,75,75,75,75,75,75,75,75],"card_choices":[{"not_picked":["Fusion","BootSequence"],"picked":"Ball Lightning","floor":1.0},{"not_picked":["Stack","Compile Driver"],"picked":"Conserve Battery","floor":2.0},{"not_picked":["Recycle","Consume"],"picked":"Loop","floor":3.0},{"not_picked":["Beam Cell","Recycle"],"picked":"Genetic Algorithm","floor":4.0},{"not_picked":["Sweeping Beam","Scrape","Turbo"],"picked":"SKIP","floor":5.0},{"not_picked":["Rip and Tear","Auto Shields"],"picked":"Seek","floor":6.0},{"not_picked":["Steam","Beam Cell"],"picked":"Coolheaded","floor":8.0},{"not_picked":["Tempest","Beam Cell"],"picked":"Skim","floor":10.0},{"not_picked":["Scrape","Ball Lightning"],"picked":"Conserve Battery","floor":11.0},{"not_picked":["Chill","Go for the Eyes"],"picked":"Ball Lightning","floor":13.0},{"not_picked":["Multi-Cast","Buffer"],"picked":"Reboot","floor":16.0},{"not_picked":["Beam Cell","Scrape"],"picked":"Static Discharge","floor":17},{"not_picked":["Stack","Sunder"],"picked":"Consume","floor":17},{"not_picked":["Steam","Double Energy"],"picked":"Leap","floor":17},{"not_picked":["Streamline","Force Field"],"picked":"Steam","floor":17},{"not_picked":["Melter+1","Sweeping Beam"],"picked":"Cold Snap","floor":18}],"player_experience":109186,"relics_obtained":[{"floor":6.0,"key":"Shuriken"},{"floor":9.0,"key":"Tiny Chest"},{"floor":10.0,"key":"Calipers"},{"floor":20,"key":"MawBank"}],"event_choices":[{"damage_healed":0,"gold_gain":0,"player_choice":"Opened","damage_taken":0,"relics_obtained":["Dream Catcher"],"max_hp_gain":0,"max_hp_loss":0,"event_name":"The Mausoleum","floor":21,"gold_loss":0},{"damage_healed":0,"gold_gain":0,"player_choice":"Fight","damage_taken":0,"max_hp_gain":0,"max_hp_loss":0,"event_name":"Colosseum","floor":22,"gold_loss":0},{"damage_healed":0,"gold_gain":0,"player_choice":"Fought Nobs","damage_taken":0,"max_hp_gain":0,"max_hp_loss":0,"event_name":"Colosseum","floor":22,"gold_loss":0}],"is_beta":false,"boss_relics":[{"not_picked":["Philosopher\u0027s Stone","FrozenCore"],"picked":"Orrery"}],"items_purged_floors":[14],"is_endless":false,"potions_floor_spawned":[2,3,8,11,13,22],"killed_by":"Colosseum Nobs","ascension_level":0}