{"path_per_floor":["M","?","M","$","M","R","E","R","T","M","R","E","M","M","R","B",null,"M","$","M","M","$","E","R","E","T","?","M","R","M","?","R","B",null,"M","M","?","?","?","R","E","M","T","M","R","M","M"],"character_chosen":"THE_SILENT","items_purchased":["Finisher","Deadly Poison","Gremlin Horn","Deadly Poison"],"gold_per_floor":[116,116,132,64,80,80,114,114,138,148,148,179,191,205,205,301,301,317,25,36,51,4,33,33,64,139,239,255,255,267,267,267,370,400,420,431,431,431,431,431,463,481,529,549,549,566,584,584],"floor_reached":48,"campfire_rested":6,"playtime":2550,"current_hp_per_floor":[69,69,67,67,55,61,56,62,62,56,62,44,32,29,60,56,77,59,59,32,26,26,26,59,13,13,13,5,40,30,30,65,33,82,22,17,17,17,17,53,54,14,14,16,54,13,13,0],"items_purged":[],"gold":584,"score":616,"play_id":"067d110e-cf9e-4f39-a714-68257bb029ca","local_time":"20180330180641","is_prod":false,"is_daily":false,"is_ascension_mode":true,"campfire_upgraded":3,"timestamp":1522454801,"path_taken":["M","?","M","$","M","R","E","R","T","M","R","E","M","M","R","BOSS","M","$","M","M","$","E","R","E","T","?","M","R","M","?","R","BOSS","M","M","?","?","?","R","E","?","T","?","R","M","M","M"],"build_version":"2018-03-29v2","purchased_purges":0,"victory":false,"master_deck":["Survivor","Neutralize","Slice","Endless Agony","Finisher+1","Outmaneuver+1","Doppelganger+1","Flying Knee","Underhanded Strike","Dagger Throw+1","Quick Slash","Burst+1","Deadly Poison+1","Acrobatics+1","Dash","Malaise+1","Acrobatics+1","Expertise+1","Acrobatics+1","Malaise+1","Bouncing Flask+1","Deadly Poison+1","Deadly Poison+1","Cloak And Dagger+1","Escape Plan+1","Deadly Poison+1","Terror+1","Bane","Crippling Poison+1","Cloak And Dagger+1","Envenom+1","Footwork+1","Quick Slash+1","Blade Dance+1","Choke+1","Heel Hook","Accuracy","Noxious Fumes","Slice+1"],"max_hp_per_floor":[70,70,70,70,70,70,77,77,77,77,77,77,77,77,77,77,77,77,77,77,77,77,77,77,77,77,77,77,77,77,77,77,77,82,82,82,82,82,82,82,82,82,82,82,82,82,82,82],"relics":["Eternal Feather","Strawberry","Blood Vial","Toxic Egg 2","Pandora\u0027s Box","Gremlin Horn","Omamori","Oddly Smooth Stone","Ninja Scroll","Tiny House","Bag of Marbles","Orichalcum"],"card_choices":[{"not_picked":["Dodge and Roll","Acrobatics"],"picked":"Slice","floor":1},{"not_picked":["Blade Dance","Skewer"],"picked":"Endless Agony","floor":3},{"not_picked":["Concentrate","PiercingWail"],"picked":"Outmaneuver","floor":5},{"not_picked":["Deadly Poison","Bane"],"picked":"Doppelganger","floor":7},{"not_picked":["Outmaneuver","Backflip"],"picked":"Flying Knee","floor":10},{"not_picked":["Bane","Distraction"],"picked":"Underhanded Strike","floor":12},{"not_picked":["Poisoned Stab","Underhanded Strike"],"picked":"Dagger Throw","floor":13},{"not_picked":["Sucker Punch","Expertise"],"picked":"Quick Slash","floor":14},{"not_picked":["Unload","Envenom"],"picked":"Burst","floor":16},{"not_picked":["Riddle With Holes","Sucker Punch"],"picked":"Deadly Poison","floor":18},{"not_picked":["Dodge and Roll","Sucker Punch"],"picked":"Cloak And Dagger","floor":20},{"not_picked":["Sucker Punch","Leg Sweep"],"picked":"Escape Plan","floor":21},{"not_picked":["Sucker Punch","Skewer"],"picked":"Terror","floor":23},{"not_picked":["PiercingWail","Leg Sweep"],"picked":"Bane","floor":25},{"not_picked":["Corpse Explosion","Underhanded Strike"],"picked":"Crippling Poison","floor":28},{"not_picked":["Prepared","Reflex"],"picked":"Cloak And Dagger","floor":30},{"not_picked":["Phantasmal Killer","Corpse Explosion"],"picked":"Envenom","floor":33},{"not_picked":["Dodge and Roll","Sucker Punch"],"picked":"Footwork","floor":34},{"not_picked":["Masterful Stab","Slice"],"picked":"Quick Slash","floor":35},{"not_picked":["Accuracy","Escape Plan"],"picked":"Blade Dance","floor":36},{"not_picked":["Setup","Terror"],"picked":"Choke","floor":41},{"not_picked":["Bane","Corpse Explosion"],"picked":"Heel Hook","floor":42},{"not_picked":["Flying Knee","Slice"],"picked":"Accuracy","floor":44},{"not_picked":["Heel Hook","Poisoned Stab"],"picked":"Noxious Fumes","floor":46},{"not_picked":["Bane","Outmaneuver"],"picked":"Slice","floor":47}],"player_experience":230523,"potions_floor_usage":[7,14,14,16,16,21,23,35,36,36,44,48],"damage_taken":[{"damage":1,"enemies":"2 Louse","floor":1,"turns":3},{"damage":2,"enemies":"Cultist","floor":3,"turns":4},{"damage":12,"enemies":"Jaw Worm","floor":5,"turns":3},{"damage":21,"enemies":"Gremlin Nob","floor":7,"turns":4},{"damage":8,"enemies":"Blue Slaver","floor":10,"turns":3},{"damage":20,"enemies":"3 Sentries","floor":12,"turns":8},{"damage":14,"enemies":"Lots of Slimes","floor":13,"turns":4},{"damage":5,"enemies":"Gremlin Gang","floor":14,"turns":3},{"damage":6,"enemies":"Slime Boss","floor":16,"turns":8},{"damage":18,"enemies":"Spheric Guardian","floor":18,"turns":4},{"damage":29,"enemies":"3 Byrds","floor":20,"turns":3},{"damage":8,"enemies":"Cultist and Chosen","floor":21,"turns":5},{"damage":2,"enemies":"Book of Stabbing","floor":23,"turns":6},{"damage":48,"enemies":"Gremlin Leader","floor":25,"turns":5},{"damage":10,"enemies":"3 Cultists","floor":28,"turns":6},{"damage":12,"enemies":"Snake Plant","floor":30,"turns":3},{"damage":34,"enemies":"Automaton","floor":33,"turns":6},{"damage":60,"enemies":"3 Darklings","floor":35,"turns":5},{"damage":16,"enemies":"Orb Walker","floor":36,"turns":4},{"damage":1,"enemies":"Nemesis","floor":41,"turns":7},{"damage":42,"enemies":"Sphere and 2 Shapes","floor":42,"turns":6},{"damage":0,"enemies":"Maw","floor":44,"turns":6},{"damage":43,"enemies":"4 Shapes","floor":46,"turns":4},{"damage":2,"enemies":"Sphere and 2 Shapes","floor":47,"turns":3},{"damage":21,"enemies":"3 Darklings","floor":48,"turns":4}],"event_choices":[{"event_name":"The Woman in Blue","player_choice":"Bought 0 Potions","floor":2,"damage_taken":0},{"event_name":"Golden Shrine","player_choice":"Pray","floor":27,"damage_taken":0},{"event_name":"Back to Basics","player_choice":"Elegance","floor":31,"damage_taken":0},{"event_name":"Tomb of Lord Red Mask","player_choice":"Ignored","floor":37,"damage_taken":0},{"event_name":"Upgrade Shrine","player_choice":"Upgraded","floor":38,"damage_taken":0},{"event_name":"SecretPortal","player_choice":"Rejected Portal.","floor":39,"damage_taken":0}],"boss_relics":[{"not_picked":["Ectoplasm","Velvet Choker"],"picked":"Pandora\u0027s Box"},{"not_picked":["Runic Dome","Sozu"],"picked":"Tiny House"}],"potions_floor_spawned":[3,7,10,13,14,20,21,33,35,42,47],"seed_played":"4364950990072295326","killed_by":"3 Darklings","ascension_level":2,"is_trial":false}