{"gold_per_floor":[119,139,189,204,204,204,235,254,254,254,267,267,294,28,28,107,107,124,134,154,154],"floor_reached":21,"playtime":788,"items_purged":[],"score":382,"play_id":"10a9e189-a7d5-42c5-a70a-22d7ce35238a","local_time":"20190212083415","is_ascension_mode":true,"campfire_choices":[{"data":"All Out Attack","floor":6,"key":"SMITH"},{"data":"Quick Slash","floor":10,"key":"SMITH"},{"data":"Predator","floor":12,"key":"SMITH"},{"data":"Caltrops","floor":15,"key":"SMITH"}],"neow_cost":"NONE","seed_source_timestamp":593295083988605,"circlet_count":0,"master_deck":["AscendersBane","Defend_G","Defend_G","Defend_G","Defend_G","Defend_G","Strike_G","Strike_G","Strike_G","Strike_G","Strike_G","Survivor","Neutralize","Caltrops+1","Quick Slash+1","All Out Attack+1","Predator+1","Cloak And Dagger","Sucker Punch+1","Well Laid Plans","A Thousand Cuts","Dodge and Roll"],"relics":["Ring of the Snake","NeowsBlessing","Bottled Flame","Molten Egg 2","Question Card","Kunai","Philosopher\u0027s Stone"],"potions_floor_usage":[7,16,19,21],"damage_taken":[{"damage":0,"enemies":"2 Louse","floor":1,"turns":1},{"damage":0,"enemies":"Cultist","floor":2,"turns":1},{"damage":0,"enemies":"Jaw Worm","floor":4,"turns":1},{"damage":27,"enemies":"3 Sentries","floor":7,"turns":6},{"damage":0,"enemies":"2 Fungi Beasts","floor":8,"turns":2},{"damage":0,"enemies":"3 Louse","floor":11,"turns":2},{"damage":24,"enemies":"Gremlin Nob","floor":13,"turns":4},{"damage":2,"enemies":"Hexaghost","floor":16,"turns":9},{"damage":13,"enemies":"2 Thieves","floor":18,"turns":4},{"damage":13,"enemies":"Shell Parasite","floor":19,"turns":5},{"damage":23,"enemies":"Snake Plant","floor":20,"turns":4},{"damage":7,"enemies":"Sentry and Sphere","floor":21,"turns":3}],"seed_played":"-9129014378710077025","potions_obtained":[{"floor":2,"key":"Regen Potion"},{"floor":4,"key":"SpeedPotion"},{"floor":13,"key":"Strength Potion"},{"floor":16,"key":"Block Potion"},{"floor":20,"key":"Block Potion"}],"is_trial":false,"path_per_floor":["M","M","?","M","?","R","E","M","T","R","M","R","E","$","R","B",null,"M","M","M","M"],"character_chosen":"THE_SILENT","items_purchased":["Kunai"],"campfire_rested":0,"item_purchase_floors":[14],"current_hp_per_floor":[59,59,53,53,66,66,48,48,48,48,48,48,24,24,24,22,55,42,29,6,0],"gold":154,"neow_bonus":"THREE_ENEMY_KILL","is_prod":false,"is_daily":false,"chose_seed":false,"campfire_upgraded":4,"win_rate":0,"timestamp":1549978455,"path_taken":["M","M","?","?","?","R","E","M","T","R","M","R","E","$","R","BOSS","M","M","M","M"],"build_version":"2019-01-23","purchased_purges":0,"victory":false,"max_hp_per_floor":[66,66,66,66,66,66,66,66,66,66,66,66,66,66,66,66,66,66,66,66,66],"card_choices":[{"not_picked":["Backflip","Deflect"],"picked":"Caltrops","floor":1},{"not_picked":["Slice","Bouncing Flask"],"picked":"Quick Slash","floor":2},{"not_picked":["PiercingWail","Flying Knee"],"picked":"All Out Attack","floor":4},{"not_picked":["Tactician","Backflip"],"picked":"Predator","floor":7},{"not_picked":["Choke","Concentrate"],"picked":"Cloak And Dagger","floor":8},{"not_picked":["Choke+1","Flying Knee+1"],"picked":"Sucker Punch+1","floor":11},{"not_picked":["Unload+1","Dagger Throw+1"],"picked":"Well Laid Plans","floor":13},{"not_picked":["Wraith Form v2","Storm of Steel","Bullet Time"],"picked":"A Thousand Cuts","floor":16},{"not_picked":["Deadly Poison","Dagger Spray+1","Riddle With Holes+1","Bouncing Flask"],"picked":"SKIP","floor":18},{"not_picked":["Underhanded Strike+1","Flying Knee+1","All Out Attack+1","Cloak And Dagger"],"picked":"SKIP","floor":19},{"not_picked":["Deflect","Outmaneuver","Slice+1"],"picked":"Dodge and Roll","floor":20}],"player_experience":635308,"relics_obtained":[{"floor":7,"key":"Bottled Flame"},{"floor":9,"key":"Molten Egg 2"},{"floor":13,"key":"Question Card"}],"event_choices":[{"damage_healed":0,"gold_gain":50,"player_choice":"Touch","damage_taken":6,"max_hp_gain":0,"max_hp_loss":0,"event_name":"FaceTrader","floor":3,"gold_loss":0},{"damage_healed":22,"gold_gain":0,"player_choice":"Banana","damage_taken":0,"max_hp_gain":0,"max_hp_loss":0,"event_name":"Big Fish","floor":5,"gold_loss":0}],"is_beta":false,"boss_relics":[{"not_picked":["Runic Pyramid","WristBlade"],"picked":"Philosopher\u0027s Stone"}],"items_purged_floors":[],"is_endless":false,"potions_floor_spawned":[2,4,13,16,20],"killed_by":"Sentry and Sphere","ascension_level":20}