{"path_per_floor":["M","M","?","?","?","R","M","M","T","?","M","$","R","M","R","B",null,"M","$","M","$"],"character_chosen":"DEFECT","items_purchased":["Defragment","Strange Spoon","Capacitor"],"gold_per_floor":[109,126,301,301,301,301,311,328,328,278,297,12,12,31,31,128,128,147,19,37,37,37],"floor_reached":22,"campfire_rested":1,"playtime":686,"current_hp_per_floor":[75,75,75,75,68,68,68,63,63,63,51,51,73,64,64,23,75,35,35,15,15,0],"items_purged":["Rebound"],"gold":37,"score":176,"play_id":"2b54a07d-f8fd-4f65-b32e-7183332e99e0","local_time":"20180428113513","is_prod":false,"is_daily":false,"chose_seed":false,"is_ascension_mode":false,"campfire_upgraded":2,"timestamp":1524936913,"path_taken":["M","M","?","?","?","R","M","M","T","?","M","$","R","M","R","BOSS","M","?","?","$","M"],"build_version":"2018-04-27v3","seed_source_timestamp":1455921203523747,"purchased_purges":1,"victory":false,"master_deck":["Strike_B","Strike_B","Strike_B","Defend_B","Defend_B","Defend_B","Defend_B","Zap+1","Axe Kick","Ball Lightning","All For One","Reprogram+1","Defragment+1","Skim+1","Echo Form","Storm+1","Capacitor"],"max_hp_per_floor":[75,75,75,75,75,75,75,75,75,75,75,75,75,75,75,75,75,75,75,75,75,75],"relics":["Cracked Core","Dream Catcher","Toxic Egg 2","Strange Spoon","Black Star"],"card_choices":[{"not_picked":["Conserve Battery","Buffer"],"picked":"Axe Kick","floor":1},{"not_picked":["Barrage","Skim"],"picked":"Ball Lightning","floor":2},{"not_picked":["Double Energy","Chill"],"picked":"Rebound","floor":7},{"not_picked":["Blaster","Turbo"],"picked":"All For One","floor":8},{"not_picked":["Axe Kick","Blaster"],"picked":"Reprogram","floor":11},{"not_picked":["Leap","Coolheaded"],"picked":"Skim","floor":14},{"not_picked":["Reboot","Fusion"],"picked":"Echo Form","floor":16},{"not_picked":["Tempest","Loop"],"picked":"Storm","floor":18}],"player_experience":317962,"potions_floor_usage":[16,16,20,20],"damage_taken":[{"damage":0,"enemies":"2 Louse","floor":1,"turns":3},{"damage":0,"enemies":"Cultist","floor":2,"turns":2},{"damage":0,"enemies":"Small Slimes","floor":7,"turns":2},{"damage":5,"enemies":"Exordium Wildlife","floor":8,"turns":3},{"damage":12,"enemies":"3 Louse","floor":11,"turns":2},{"damage":9,"enemies":"2 Fungi Beasts","floor":14,"turns":3},{"damage":56,"enemies":"Hexaghost","floor":16,"turns":8},{"damage":40,"enemies":"2 Thieves","floor":18,"turns":4},{"damage":29,"enemies":"Shell Parasite","floor":20,"turns":5},{"damage":15,"enemies":"Snecko","floor":22,"turns":2}],"event_choices":[{"event_name":"Liars Game","player_choice":"agreed","floor":3,"damage_taken":0},{"event_name":"Living Wall","player_choice":"Forget","floor":4,"damage_taken":0},{"event_name":"Golden Wing","player_choice":"Card Removal","floor":5,"damage_taken":0},{"event_name":"The Cleric","player_choice":"Card Removal","floor":10,"damage_taken":0}],"boss_relics":[{"not_picked":["Tiny House","Snecko Eye"],"picked":"Black Star"}],"potions_floor_spawned":[1,2,11,16],"seed_played":"-5148543787909273970","killed_by":"Snecko","ascension_level":0,"is_trial":false}