{"gold_per_floor":[115,80,80,97,115,115,115,154,180,41,41,116,154,168,168,168],"floor_reached":16,"playtime":676,"items_purged":[],"score":167,"play_id":"8551866f-0632-40c0-bc63-af642a7909cc","local_time":"20190306081134","is_ascension_mode":true,"campfire_choices":[{"data":"Bash","floor":7,"key":"SMITH"},{"data":"Pommel Strike","floor":11,"key":"SMITH"},{"floor":15,"key":"REST"}],"neow_cost":"NONE","seed_source_timestamp":21659202406449,"circlet_count":0,"master_deck":["AscendersBane","Strike_R","Strike_R","Strike_R","Strike_R","Strike_R","Defend_R","Defend_R","Defend_R","Defend_R","Bash+1","Pommel Strike+1","Battle Trance"],"relics":["Burning Blood","PreservedInsect","Golden Idol","Strawberry","MawBank","Orichalcum","Toxic Egg 2"],"potions_floor_usage":[16],"damage_taken":[{"damage":13,"enemies":"Small Slimes","floor":1,"turns":3},{"damage":3,"enemies":"2 Louse","floor":4,"turns":4},{"damage":9,"enemies":"Jaw Worm","floor":5,"turns":4},{"damage":8,"enemies":"Gremlin Nob","floor":8,"turns":3},{"damage":16,"enemies":"3 Sentries","floor":13,"turns":7},{"damage":3,"enemies":"3 Louse","floor":14,"turns":4},{"damage":77,"enemies":"The Guardian","floor":16,"turns":12}],"seed_played":"-6348690610335292324","potions_obtained":[{"floor":13,"key":"BloodPotion"}],"is_trial":false,"path_per_floor":["M","?","?","M","M","?","R","E","T","$","R","?","E","M","R","B"],"character_chosen":"IRONCLAD","items_purchased":["Orichalcum"],"campfire_rested":1,"item_purchase_floors":[10],"current_hp_per_floor":[65,80,80,80,77,57,57,62,62,62,62,51,41,44,70,1],"gold":168,"neow_bonus":"RANDOM_COMMON_RELIC","is_prod":false,"is_daily":false,"chose_seed":false,"campfire_upgraded":2,"win_rate":0,"timestamp":1551881494,"path_taken":["M","?","?","M","M","?","R","E","T","?","R","?","E","M","R","BOSS"],"build_version":"2019-01-23","purchased_purges":0,"victory":false,"max_hp_per_floor":[80,80,80,80,80,80,80,87,87,87,87,87,87,87,87,87],"card_choices":[{"not_picked":["Wild Strike","Clash","Intimidate"],"picked":"SKIP","floor":1},{"not_picked":["Perfected Strike","Body Slam"],"picked":"Pommel Strike","floor":4},{"not_picked":["Twin Strike","Headbutt"],"picked":"Battle Trance","floor":5},{"not_picked":["Anger","Perfected Strike","Power Through"],"picked":"SKIP","floor":8},{"not_picked":["Thunderclap","Dropkick","Dark Embrace"],"picked":"SKIP","floor":13},{"not_picked":["Headbutt","Perfected Strike","Thunderclap"],"picked":"SKIP","floor":14}],"player_experience":215755,"relics_obtained":[{"floor":8,"key":"Strawberry"},{"floor":9,"key":"MawBank"},{"floor":13,"key":"Toxic Egg 2"}],"event_choices":[{"damage_healed":20,"gold_gain":0,"player_choice":"Healed","damage_taken":0,"max_hp_gain":0,"max_hp_loss":0,"event_name":"The Cleric","floor":2,"gold_loss":35},{"damage_healed":0,"gold_gain":0,"player_choice":"Ignored","damage_taken":0,"max_hp_gain":0,"max_hp_loss":0,"event_name":"Liars Game","floor":3,"gold_loss":0},{"damage_healed":0,"gold_gain":0,"player_choice":"Take Damage","damage_taken":20,"relics_obtained":["Golden Idol"],"max_hp_gain":0,"max_hp_loss":0,"event_name":"Golden Idol","floor":6,"gold_loss":0},{"damage_healed":0,"gold_gain":75,"player_choice":"Gather Gold","damage_taken":11,"max_hp_gain":0,"max_hp_loss":0,"event_name":"World of Goop","floor":12,"gold_loss":0}],"is_beta":false,"boss_relics":[],"items_purged_floors":[],"is_endless":false,"potions_floor_spawned":[13],"killed_by":"The Guardian","ascension_level":11}