{"gold_per_floor":[15,190,190,206,32,58,58,58,84,104,123,123,25,35,35,132,132,152,122,122],"floor_reached":20,"playtime":1768,"items_purged":["Defend_R"],"score":216,"play_id":"60cf3492-23c9-4cde-9a0b-3aa9b5508bbb","local_time":"20190227225629","is_ascension_mode":true,"campfire_choices":[{"data":"Shrug It Off","floor":7,"key":"SMITH"},{"data":"Clothesline","floor":15,"key":"SMITH"}],"neow_cost":"NO_GOLD","seed_source_timestamp":0,"circlet_count":0,"master_deck":["Bash","Shrug It Off+1","Doubt","Evolve","Sadistic Nature","Clothesline","Pommel Strike","Clothesline+1","Berserk","Disarm","Disarm","Demon Form","Entrench","Evolve","Combust","Reckless Charge","Rampage"],"special_seed":0,"relics":["Burning Blood","Potion Belt","Smiling Mask","Pandora\u0027s Box"],"potions_floor_usage":[6,16,18],"damage_taken":[{"damage":16,"enemies":"Small Slimes","floor":1,"turns":5},{"damage":17,"enemies":"Jaw Worm","floor":4,"turns":5},{"damage":40,"enemies":"3 Sentries","floor":6,"turns":14},{"damage":7,"enemies":"Cultist","floor":10,"turns":5},{"damage":10,"enemies":"2 Fungi Beasts","floor":11,"turns":5},{"damage":11,"enemies":"Looter","floor":14,"turns":2},{"damage":59,"enemies":"The Guardian","floor":16,"turns":21},{"damage":64,"enemies":"Spheric Guardian","floor":18,"turns":6},{"damage":38,"enemies":"2 Thieves","floor":19,"turns":5},{"damage":8,"enemies":"Cultist and Chosen","floor":20,"turns":2}],"seed_played":"-3945325888215266220","potions_obtained":[{"floor":4,"key":"Regen Potion"},{"floor":6,"key":"PowerPotion"},{"floor":11,"key":"Regen Potion"},{"floor":19,"key":"Block Potion"}],"is_trial":false,"path_per_floor":["M","?","?","M","$","E","R","?","T","M","M","?","$","M","R","B",null,"M","M","M"],"character_chosen":"IRONCLAD","items_purchased":["Sadistic Nature","SteroidPotion"],"campfire_rested":0,"item_purchase_floors":[5,13],"current_hp_per_floor":[86,86,86,75,75,56,56,56,56,55,51,83,83,78,78,25,96,47,15,7],"gold":122,"neow_bonus":"TWENTY_PERCENT_HP_BONUS","is_prod":false,"is_daily":false,"chose_seed":false,"campfire_upgraded":2,"win_rate":0,"timestamp":1551268589,"path_taken":["M","?","?","M","$","E","R","?","T","M","?","?","$","M","R","BOSS","M","M","M"],"build_version":"2019-01-23","purchased_purges":1,"victory":false,"max_hp_per_floor":[96,96,96,96,96,96,96,96,96,96,96,96,96,96,96,96,96,96,96,96],"card_choices":[{"not_picked":["Sword Boomerang","Bloodletting"],"picked":"Shrug It Off","floor":1},{"not_picked":["Perfected Strike","Reckless Charge"],"picked":"Evolve","floor":4},{"not_picked":["Infernal Blade","Clash"],"picked":"Clothesline","floor":6},{"not_picked":["Thunderclap","Searing Blow"],"picked":"Pommel Strike","floor":10},{"not_picked":["Rupture","Perfected Strike"],"picked":"Clothesline","floor":11},{"not_picked":["Iron Wave","Sword Boomerang","Wild Strike"],"picked":"SKIP","floor":14},{"not_picked":["Exhume","Double Tap"],"picked":"Berserk","floor":16},{"not_picked":["Wild Strike","Havoc","Armaments"],"picked":"SKIP","floor":18},{"not_picked":["Iron Wave","Havoc"],"picked":"Rampage","floor":19}],"player_experience":186082,"relics_obtained":[{"floor":6,"key":"Potion Belt"},{"floor":9,"key":"Smiling Mask"}],"event_choices":[{"damage_healed":0,"gold_gain":175,"player_choice":"AGREE","damage_taken":0,"max_hp_gain":0,"max_hp_loss":0,"event_name":"Liars Game","floor":2,"gold_loss":0,"cards_obtained":["Doubt"]},{"damage_healed":0,"gold_gain":0,"player_choice":"Ignored","damage_taken":0,"max_hp_gain":0,"max_hp_loss":0,"event_name":"Shining Light","floor":3,"gold_loss":0},{"cards_removed":["Strike_R"],"damage_healed":0,"gold_gain":0,"player_choice":"Purged","damage_taken":0,"max_hp_gain":0,"max_hp_loss":0,"event_name":"Purifier","floor":8,"gold_loss":0},{"damage_healed":32,"gold_gain":0,"player_choice":"Banana","damage_taken":0,"max_hp_gain":0,"max_hp_loss":0,"event_name":"Big Fish","floor":12,"gold_loss":0}],"is_beta":false,"boss_relics":[{"not_picked":["Calling Bell","Philosopher\u0027s Stone"],"picked":"Pandora\u0027s Box"}],"items_purged_floors":[13],"is_endless":false,"potions_floor_spawned":[4,6,11,19],"killed_by":"Cultist and Chosen","ascension_level":2}