{"gold_per_floor":[209,384,384,384,400,400,426,306,306,306,323,350,370,389,389,490,490,501,501,319,334,35,35,55,55,55,69,97,117,117,132,132,231,281,300,300,64,78,0,0,35,35,35,35,49,62,62],"floor_reached":47,"playtime":4696,"items_purged":["Bash","Strike_R"],"score":534,"play_id":"53763873-609b-48dd-9c92-1bcffb931d45","local_time":"20190303052259","is_ascension_mode":true,"campfire_choices":[{"data":"Armaments","floor":6,"key":"SMITH"},{"data":"Shrug It Off","floor":10,"key":"SMITH"},{"data":"Inflame","floor":15,"key":"SMITH"},{"data":"Thinking Ahead","floor":23,"key":"SMITH"},{"data":"Demon Form","floor":25,"key":"SMITH"},{"floor":32,"key":"REST"},{"floor":40,"key":"RECALL"},{"floor":42,"key":"REST"},{"data":"Inflame","floor":44,"key":"SMITH"}],"neow_cost":"NONE","seed_source_timestamp":14020297062033,"circlet_count":0,"master_deck":["Strike_R","Strike_R","Strike_R","Strike_R","Defend_R","Defend_R","Defend_R+1","Defend_R+1","Armaments+1","Shrug It Off+1","Warcry","Shrug It Off+1","Inflame+1","Inflame+1","Demon Form+1","Thinking Ahead+1","Injury","Disarm+1","Finesse","Heavy Blade+1"],"relics":["Burning Blood","Mummified Hand","Meat on the Bone","Centennial Puzzle","Cursed Key","Sling","Omamori","War Paint","Tiny House","Vajra","Regal Pillow"],"potions_floor_usage":[33,41,47,47],"damage_taken":[{"damage":1,"enemies":"2 Louse","floor":1,"turns":3},{"damage":7,"enemies":"Small Slimes","floor":5,"turns":5},{"damage":29,"enemies":"3 Sentries","floor":7,"turns":14},{"damage":0,"enemies":"Jaw Worm","floor":11,"turns":4},{"damage":32,"enemies":"Lagavulin","floor":12,"turns":12},{"damage":12,"enemies":"Gremlin Gang","floor":13,"turns":8},{"damage":2,"enemies":"Blue Slaver","floor":14,"turns":4},{"damage":28,"enemies":"Slime Boss","floor":16,"turns":15},{"damage":2,"enemies":"2 Thieves","floor":18,"turns":5},{"damage":0,"enemies":"Chosen","floor":21,"turns":6},{"damage":11,"enemies":"Centurion and Healer","floor":24,"turns":7},{"damage":30,"enemies":"Snake Plant","floor":27,"turns":5},{"damage":15,"enemies":"Gremlin Leader","floor":28,"turns":7},{"damage":8,"enemies":"Shelled Parasite and Fungi","floor":29,"turns":6},{"damage":18,"enemies":"Centurion and Healer","floor":31,"turns":8},{"damage":38,"enemies":"Collector","floor":33,"turns":11},{"damage":2,"enemies":"3 Shapes","floor":35,"turns":8},{"damage":22,"enemies":"3 Darklings","floor":38,"turns":7},{"damage":43,"enemies":"Giant Head","floor":41,"turns":10},{"damage":26,"enemies":"Writhing Mass","floor":45,"turns":8},{"damage":23,"enemies":"Transient","floor":46,"turns":5},{"damage":78,"enemies":"Reptomancer","floor":47,"turns":9}],"seed_played":"3126620862690113638","potions_obtained":[{"floor":11,"key":"Poison Potion"},{"floor":12,"key":"Weak Potion"},{"floor":16,"key":"Block Potion"},{"floor":21,"key":"Regen Potion"},{"floor":34,"key":"Explosive Potion"},{"floor":46,"key":"LiquidBronze"}],"is_trial":false,"path_per_floor":["M","?","?","?","M","R","E","$","T","R","M","E","M","M","R","B",null,"M","?","$","M","$","R","M","R","T","M","E","M","?","M","R","B",null,"M","?","$","M","$","R","E","R","T","R","M","M","E"],"character_chosen":"IRONCLAD","items_purchased":["Shrug It Off","Thinking Ahead","Sling","Vajra","Finesse","Regen Potion"],"campfire_rested":2,"item_purchase_floors":[8,20,22,37,37,39],"current_hp_per_floor":[80,80,73,73,72,72,49,49,49,49,55,41,47,51,51,41,80,80,90,90,90,90,90,85,85,85,61,52,62,44,44,72,55,100,100,100,100,84,84,84,59,100,100,100,80,63,0],"gold":62,"neow_bonus":"HUNDRED_GOLD","is_prod":false,"is_daily":false,"chose_seed":false,"campfire_upgraded":6,"win_rate":0,"timestamp":1551612179,"path_taken":["M","?","?","?","M","R","E","$","T","R","M","E","M","?","R","BOSS","M","?","$","?","$","R","M","R","T","M","E","M","?","M","R","BOSS","M","?","$","M","$","R","E","R","T","R","M","M","E"],"build_version":"2019-01-23","purchased_purges":2,"victory":false,"max_hp_per_floor":[80,80,80,80,80,80,80,80,80,80,80,80,80,80,80,80,80,80,90,90,90,90,90,90,90,90,90,90,90,95,95,95,95,100,100,100,100,100,100,100,100,100,100,100,100,100,100],"card_choices":[{"not_picked":["Headbutt","Twin Strike"],"picked":"Armaments","floor":1},{"not_picked":["Armaments","Twin Strike"],"picked":"Shrug It Off","floor":5},{"not_picked":["Evolve","Sword Boomerang"],"picked":"Warcry","floor":7},{"not_picked":["Heavy Blade","Reckless Charge"],"picked":"Inflame","floor":11},{"not_picked":["Wild Strike","Sword Boomerang"],"picked":"Inflame","floor":12},{"not_picked":["Heavy Blade","Second Wind","Thunderclap"],"picked":"SKIP","floor":13},{"not_picked":["Rupture","Clothesline"],"picked":"Feed","floor":14},{"not_picked":["Limit Break","Feed"],"picked":"Demon Form","floor":16},{"not_picked":["Iron Wave","Rage","Perfected Strike+1"],"picked":"SKIP","floor":18},{"not_picked":["Pommel Strike","Warcry","Heavy Blade+1"],"picked":"SKIP","floor":21},{"not_picked":["Uppercut","Reckless Charge","Feel No Pain"],"picked":"SKIP","floor":24},{"not_picked":["Body Slam","Corruption","Clash+1"],"picked":"SKIP","floor":27},{"not_picked":["Warcry","Blood for Blood+1"],"picked":"Disarm+1","floor":28},{"not_picked":["Combust","Spot Weakness","Sword Boomerang"],"picked":"SKIP","floor":29},{"not_picked":["Wild Strike+1","Headbutt","Reckless Charge"],"picked":"SKIP","floor":31},{"not_picked":["Clash+1","Bloodletting+1","True Grit+1"],"picked":"SKIP","floor":35},{"not_picked":["Armaments","Wild Strike+1","Iron Wave+1"],"picked":"SKIP","floor":38},{"not_picked":["Clothesline","Clash+1"],"picked":"Heavy Blade+1","floor":41},{"not_picked":["Pommel Strike","True Grit","Twin Strike+1"],"picked":"SKIP","floor":45},{"not_picked":["Iron Wave+1","Infernal Blade","Pommel Strike+1"],"picked":"SKIP","floor":46}],"player_experience":71303,"relics_obtained":[{"floor":7,"key":"Mummified Hand"},{"floor":9,"key":"Meat on the Bone"},{"floor":12,"key":"Centennial Puzzle"},{"floor":26,"key":"Omamori"},{"floor":28,"key":"War Paint"},{"floor":41,"key":"Regal Pillow"}],"event_choices":[{"damage_healed":0,"gold_gain":175,"player_choice":"AGREE","damage_taken":0,"max_hp_gain":0,"max_hp_loss":0,"event_name":"Liars Game","floor":2,"gold_loss":0,"cards_obtained":["Doubt"]},{"cards_removed":["Doubt"],"damage_healed":0,"gold_gain":0,"player_choice":"Card Removal","damage_taken":7,"max_hp_gain":0,"max_hp_loss":0,"event_name":"Golden Wing","floor":3,"gold_loss":0},{"damage_healed":0,"gold_gain":0,"player_choice":"Bought 0 Potions","damage_taken":0,"max_hp_gain":0,"max_hp_loss":0,"event_name":"The Woman in Blue","floor":4,"gold_loss":0},{"cards_removed":["Feed"],"damage_healed":0,"gold_gain":0,"player_choice":"Offered Rare","damage_taken":0,"max_hp_gain":10,"max_hp_loss":0,"event_name":"Bonfire Elementals","floor":19,"gold_loss":0},{"damage_healed":0,"gold_gain":0,"player_choice":"Shed Blood","damage_taken":23,"max_hp_gain":5,"max_hp_loss":0,"event_name":"Forgotten Altar","floor":30,"gold_loss":0},{"damage_healed":0,"gold_gain":0,"player_choice":"Ignored","damage_taken":0,"max_hp_gain":0,"max_hp_loss":0,"event_name":"Tomb of Lord Red Mask","floor":36,"gold_loss":0}],"is_beta":false,"boss_relics":[{"not_picked":["White Beast Statue","Empty Cage"],"picked":"Cursed Key"},{"not_picked":["Orrery","Runic Dome"],"picked":"Tiny House"}],"items_purged_floors":[8,22],"is_endless":false,"potions_floor_spawned":[11,12,16,21,24,27,28,38,45,46],"killed_by":"Reptomancer","ascension_level":1}