{"path_per_floor":["M","M","$","M","M","E","M","?","T","R","?","M","R","M","R","B",null,"M","?","?","?","M","E","T","M","T","M","R","M","$","M","R"],"character_chosen":"THE_SILENT","items_purchased":["Predator","Well Laid Plans","Tools of the Trade","Backflip"],"gold_per_floor":[118,138,26,46,59,90,104,104,104,104,104,124,124,134,134,229,229,247,247,247,192,173,198,198,209,209,229,229,240,36,50,50],"floor_reached":33,"campfire_rested":5,"playtime":3683,"current_hp_per_floor":[70,68,68,62,55,25,20,20,20,41,27,26,47,42,63,24,70,66,49,49,49,43,38,38,48,48,26,40,39,39,37,49],"items_purged":[],"gold":50,"play_id":"2e2aadb6-5af5-4f58-b1bc-2138a44b8895","is_prod":false,"is_daily":false,"campfire_rituals":0,"campfire_upgraded":0,"is_hardmode":false,"path_taken":["M","M","$","M","M","E","M","?","T","R","?","M","R","?","R","BOSS","M","?","?","?","M","E","?","M","T","M","R","M","?","M","R","BOSS"],"build_version":"2017-12-21-PROD1","purchased_purges":1,"victory":false,"master_deck":["Defend_G","Defend_G","Defend_G","Defend_G","Defend_G","Survivor","Neutralize","Flying Knee","Terror","Predator","Well Laid Plans","Eviscerate","Finisher","After Image","Prepared","Prepared","Backflip","After Image","Outmaneuver","Bite_G","Bite_G","Bite_G","Bite_G","Bite_G","Outmaneuver","Escape Plan","Prepared","Outmaneuver","Slice","Wraith Form","Tools of the Trade","Backflip","Acrobatics"],"max_hp_per_floor":[70,70,70,70,70,70,70,70,70,70,70,70,70,70,70,70,70,70,49,49,49,49,49,49,49,49,49,49,49,49,49,49],"relics":["Ring of the Snake","Bag of Preparation","Thread and Needle","Snecko Eye","Tiny Chest","Vajra","Omamori","Bottled Lightning"],"campfire_meditates":0,"card_choices":[{"not_picked":["Masterful Stab","Prepared"],"picked":"Flying Knee"},{"not_picked":["Slice","Blade Dance"],"picked":"Terror"},{"not_picked":["Catalyst","Acrobatics"],"picked":"Eviscerate"},{"not_picked":["Flechettes","Dodge and Roll"],"picked":"Finisher"},{"not_picked":["Quick Slash","Bane"],"picked":"After Image"},{"not_picked":["Slice","Deflect"],"picked":"Prepared"},{"not_picked":["Flying Knee","Backflip"],"picked":"Prepared"},{"not_picked":["Caltrops","Dodge and Roll"],"picked":"Backflip"},{"not_picked":["Wraith Form","Adrenaline"],"picked":"After Image"},{"not_picked":["Finisher","Calculated Gamble"],"picked":"Outmaneuver"},{"not_picked":["Dagger Spray","Flying Knee"],"picked":"Escape Plan"},{"not_picked":["Terror","Dagger Spray"],"picked":"Prepared"},{"not_picked":["Predator","Prepared"],"picked":"Outmaneuver"},{"not_picked":["Finisher","Sucker Punch"],"picked":"Slice"},{"not_picked":["PiercingWail","Bane"],"picked":"Wraith Form"},{"not_picked":["PiercingWail","Prepared"],"picked":"Acrobatics"}],"player_experience":20439,"potions_floor_usage":[],"damage_taken":[{"damage":0,"enemies":"Cultist","floor":1,"turns":5},{"damage":2,"enemies":"Blue Slaver","floor":2,"turns":4},{"damage":6,"enemies":"Jaw Worm","floor":4,"turns":2},{"damage":7,"enemies":"2 Fungi Beasts","floor":5,"turns":5},{"damage":30,"enemies":"3 Sentries","floor":6,"turns":7},{"damage":5,"enemies":"Large Slime","floor":7,"turns":5},{"damage":1,"enemies":"Exordium Thugs","floor":12,"turns":4},{"damage":5,"enemies":"Gremlin Gang","floor":14,"turns":5},{"damage":39,"enemies":"Slime Boss","floor":16,"turns":15},{"damage":4,"enemies":"Shell Parasite","floor":18,"turns":5},{"damage":10,"enemies":"2 Thieves","floor":22,"turns":4},{"damage":17,"enemies":"Book of Stabbing","floor":23,"turns":6},{"damage":4,"enemies":"3 Cultists","floor":25,"turns":7},{"damage":33,"enemies":"Chosen and Byrds","floor":27,"turns":11},{"damage":15,"enemies":"Sentry and Sphere","floor":29,"turns":6},{"damage":8,"enemies":"Snake Plant","floor":31,"turns":5},{"damage":68,"enemies":"Automaton","floor":33,"turns":12}],"event_choices":[{"event_name":"The Lab","player_choice":"Got Potions","floor":8,"damage_taken":0},{"event_name":"Shining Light","player_choice":"Entered Light","floor":11,"damage_taken":0},{"event_name":"Vampires","player_choice":"Became a vampire","floor":19,"damage_taken":0},{"event_name":"The Library","player_choice":"Read","floor":20,"damage_taken":0},{"event_name":"Addict","player_choice":"Obtained Relic","floor":21,"damage_taken":0}],"boss_relics":[{"not_picked":["The Specimen","Calling Bell"],"picked":"Snecko Eye"}],"potions_floor_spawned":[1,5,6,14,16,18,22,29,31],"seed_played":"2800453324381718249","killed_by":"Automaton","is_trial":false}