{"gold_per_floor":[12,28,303,314,324,324,344,354,377,396,396,396],"floor_reached":12,"playtime":514,"items_purged":[],"score":81,"play_id":"68be1225-2f94-4ea3-8cd8-db00a098e8fe","local_time":"20190226215830","is_ascension_mode":true,"campfire_choices":[{"data":"Recycle","floor":6,"key":"SMITH"}],"neow_cost":"NO_GOLD","seed_source_timestamp":1049732775427399,"circlet_count":0,"master_deck":["Strike_B","Strike_B","Strike_B","Strike_B","Defend_B","Defend_B","Defend_B","Defend_B","Zap","Dualcast","Doom and Gloom","Streamline","Regret","Gash","Recycle+1","Hologram","Redo"],"relics":["Cracked Core","Dead Branch","Anchor"],"potions_floor_usage":[10],"damage_taken":[{"damage":13,"enemies":"Small Slimes","floor":1,"turns":3},{"damage":1,"enemies":"Cultist","floor":2,"turns":3},{"damage":7,"enemies":"2 Louse","floor":4,"turns":2},{"damage":10,"enemies":"Exordium Wildlife","floor":5,"turns":4},{"damage":15,"enemies":"Exordium Thugs","floor":7,"turns":3},{"damage":15,"enemies":"Looter","floor":8,"turns":3},{"damage":4,"enemies":"Red Slaver","floor":10,"turns":2},{"damage":13,"enemies":"3 Sentries","floor":12,"turns":2}],"seed_played":"-640979756686181457","potions_obtained":[{"floor":5,"key":"AttackPotion"},{"floor":8,"key":"AttackPotion"}],"is_trial":false,"path_per_floor":["M","M","?","M","M","R","M","M","T","M","?","E"],"character_chosen":"DEFECT","items_purchased":[],"campfire_rested":0,"item_purchase_floors":[],"current_hp_per_floor":[62,61,61,54,44,44,29,14,14,10,10,0],"gold":396,"neow_bonus":"ONE_RARE_RELIC","is_prod":false,"is_daily":false,"chose_seed":false,"campfire_upgraded":1,"win_rate":0,"timestamp":1551178710,"path_taken":["M","M","?","?","M","R","M","M","T","M","?","E"],"build_version":"2019-01-23","purchased_purges":0,"victory":false,"max_hp_per_floor":[75,75,75,75,75,75,75,75,75,75,75,75],"card_choices":[{"not_picked":["Leap","Ball Lightning"],"picked":"Doom and Gloom","floor":1},{"not_picked":["Ball Lightning","Conserve Battery"],"picked":"Streamline","floor":2},{"not_picked":["Sweeping Beam","Streamline"],"picked":"Gash","floor":4},{"not_picked":["Reprogram","Undo"],"picked":"Recycle","floor":5},{"not_picked":["Rebound","Sunder"],"picked":"Hologram","floor":7},{"not_picked":["Fusion","Leap","Rebound"],"picked":"SKIP","floor":8},{"not_picked":["Streamline","Reboot"],"picked":"Redo","floor":10}],"player_experience":183069,"relics_obtained":[{"floor":9,"key":"Anchor"}],"event_choices":[{"damage_healed":0,"gold_gain":275,"player_choice":"Desecrate","damage_taken":0,"max_hp_gain":0,"max_hp_loss":0,"event_name":"Golden Shrine","floor":3,"gold_loss":0,"cards_obtained":["Regret"]},{"damage_healed":0,"gold_gain":0,"player_choice":"Ignored","damage_taken":0,"max_hp_gain":0,"max_hp_loss":0,"event_name":"Shining Light","floor":11,"gold_loss":0}],"is_beta":false,"boss_relics":[],"items_purged_floors":[],"is_endless":false,"potions_floor_spawned":[5,8],"killed_by":"3 Sentries","ascension_level":2}