{"gold_per_floor":[109,124,124,143,66,66,95,105,105,120,120,145,17,17,17,91,91,108,108,123,133,151,151,180,180,180,24,41,41,41,56,56,56],"floor_reached":33,"playtime":4510,"items_purged":["Strike_B","Strike_B"],"score":579,"play_id":"d79881a6-54cf-485b-bab1-3a22f9eb8d96","local_time":"20190228093545","is_ascension_mode":true,"campfire_choices":[{"data":"Zap","floor":6.0,"key":"SMITH"},{"floor":11.0,"key":"REST"},{"data":"Go for the Eyes","floor":15.0,"key":"SMITH"},{"data":"Buffer","floor":23,"key":"SMITH"},{"data":"Darkness","floor":29,"key":"SMITH"},{"data":"Reinforced Body","floor":32,"key":"SMITH"}],"neow_cost":"NONE","seed_source_timestamp":0,"circlet_count":0,"master_deck":["AscendersBane","Strike_B","Strike_B","Defend_B","Defend_B","Defend_B","Defend_B","Zap+1","Dualcast","Compile Driver","Go for the Eyes+1","Cold Snap","Ball Lightning","Cold Snap","Buffer+1","Self Repair","Coolheaded","Conserve Battery","Seek","Compile Driver","Glacier","Glacier","Darkness+1","Reinforced Body+1","FTL"],"special_seed":0,"relics":["Cracked Core","Bottled Flame","Kunai","Bottled Lightning","Coffee Dripper","Strawberry","Pantograph"],"potions_floor_usage":[24,33],"damage_taken":[{"damage":1.0,"enemies":"Cultist","floor":1.0,"turns":3.0},{"damage":7.0,"enemies":"Small Slimes","floor":2.0,"turns":3.0},{"damage":7.0,"enemies":"2 Louse","floor":4.0,"turns":2.0},{"damage":28.0,"enemies":"Gremlin Nob","floor":7.0,"turns":4.0},{"damage":12.0,"enemies":"Exordium Thugs","floor":8.0,"turns":4.0},{"damage":0.0,"enemies":"Large Slime","floor":10.0,"turns":4.0},{"damage":11.0,"enemies":"Lagavulin","floor":12.0,"turns":7.0},{"damage":24.0,"enemies":"The Guardian","floor":16.0,"turns":15.0},{"damage":13.0,"enemies":"Shell Parasite","floor":18.0,"turns":7.0},{"damage":11.0,"enemies":"3 Byrds","floor":20.0,"turns":6.0},{"damage":7,"enemies":"Cultist and Chosen","floor":21,"turns":9},{"damage":9,"enemies":"Snecko","floor":22,"turns":7},{"damage":7,"enemies":"Book of Stabbing","floor":24,"turns":7},{"damage":0,"enemies":"Centurion and Healer","floor":28,"turns":8},{"damage":15,"enemies":"Snake Plant","floor":31,"turns":5},{"damage":57,"enemies":"Automaton","floor":33,"turns":14}],"seed_played":"6060850239078741497","potions_obtained":[{"floor":3.0,"key":"Energy Potion"},{"floor":3.0,"key":"Regen Potion"},{"floor":4.0,"key":"Strength Potion"},{"floor":20.0,"key":"Explosive Potion"},{"floor":21,"key":"LiquidBronze"},{"floor":24,"key":"LiquidBronze"}],"is_trial":false,"path_per_floor":["M","M","?","M","$","R","E","M","T","M","R","E","$","?","R","B",null,"M","?","M","M","M","R","E","?","T","$","M","R","$","M","R","B"],"character_chosen":"DEFECT","items_purchased":["Ball Lightning","Cold Snap","Conserve Battery","PowerPotion"],"campfire_rested":1,"item_purchase_floors":[5,5,13,27],"current_hp_per_floor":[70,63,63,56,56,56,28,16,16,16,39,49,49,54,54,37,72,66,50,46,46,44,44,51,24,24,24,31,31,31,16,16,0],"gold":56,"neow_bonus":"TEN_PERCENT_HP_BONUS","is_prod":false,"is_daily":false,"chose_seed":false,"campfire_upgraded":5,"win_rate":0,"timestamp":1551364545,"path_taken":["M","M","?","M","?","R","E","M","T","M","R","E","$","?","R","BOSS","M","?","?","M","M","R","E","?","T","$","M","R","?","M","R","BOSS"],"build_version":"2019-01-23","purchased_purges":2,"victory":false,"max_hp_per_floor":[78,78,78,78,78,78,78,78,78,78,78,78,78,83,83,83,83,83,83,83,83,83,83,90,95,95,95,95,95,95,95,95,95],"card_choices":[{"not_picked":["Streamline","Steam"],"picked":"Compile Driver","floor":1.0},{"not_picked":["Hologram","Aggregate"],"picked":"Go for the Eyes","floor":2.0},{"not_picked":["Leap","Melter"],"picked":"Cold Snap","floor":4.0},{"not_picked":["FTL","Gash"],"picked":"Buffer","floor":7.0},{"not_picked":["Barrage","Gash","Recycle"],"picked":"SKIP","floor":8.0},{"not_picked":["Auto Shields","Fusion"],"picked":"Self Repair","floor":10.0},{"not_picked":["Go for the Eyes","Storm"],"picked":"Coolheaded","floor":12.0},{"not_picked":["Meteor Strike","Reboot"],"picked":"Seek","floor":16.0},{"not_picked":["Chill","Streamline+1"],"picked":"Compile Driver","floor":18.0},{"not_picked":["Fusion","Ball Lightning"],"picked":"Glacier","floor":20.0},{"not_picked":["Go for the Eyes+1","FTL","Consume"],"picked":"SKIP","floor":21},{"not_picked":["Blizzard","Go for the Eyes"],"picked":"Glacier","floor":22},{"not_picked":["Core Surge","BootSequence+1"],"picked":"Darkness","floor":24},{"not_picked":["Leap","Cold Snap"],"picked":"Reinforced Body","floor":28},{"not_picked":["Go for the Eyes","Gash"],"picked":"FTL","floor":31}],"player_experience":719507,"relics_obtained":[{"floor":7.0,"key":"Bottled Flame"},{"floor":9.0,"key":"Kunai"},{"floor":12.0,"key":"Bottled Lightning"},{"floor":24,"key":"Strawberry"},{"floor":26,"key":"Pantograph"}],"event_choices":[{"damage_healed":0.0,"max_hp_gain":0.0,"max_hp_loss":0.0,"gold_gain":0.0,"event_name":"Lab","player_choice":"Got Potions","floor":3.0,"gold_loss":0.0,"damage_taken":0.0},{"damage_healed":0.0,"max_hp_gain":5.0,"max_hp_loss":0.0,"gold_gain":0.0,"event_name":"Big Fish","player_choice":"Donut","floor":14.0,"gold_loss":0.0,"damage_taken":0.0},{"damage_healed":0.0,"max_hp_gain":0.0,"max_hp_loss":0.0,"gold_gain":0.0,"event_name":"Knowing Skull","player_choice":"POTION ","floor":19.0,"potions_obtained":["EssenceOfSteel"],"gold_loss":0.0,"damage_taken":16.0,"cards_obtained":[]},{"damage_healed":0,"gold_gain":0,"player_choice":"Shed Blood","damage_taken":32,"max_hp_gain":5,"max_hp_loss":0,"event_name":"Forgotten Altar","floor":25,"gold_loss":0}],"is_beta":false,"boss_relics":[{"not_picked":["Astrolabe","Orrery"],"picked":"Coffee Dripper"}],"items_purged_floors":[13,27],"is_endless":false,"potions_floor_spawned":[4,7,8,10,20,21,24],"killed_by":"Automaton","ascension_level":20}