{"path_per_floor":["M","?","?","M","M","E","R","M","T","?","R","$","?","M","R","B",null,"M","$","?","?","M","R","$","M","T","?","?","M","M","?","R","B",null,"M","M","$","M","M"],"character_chosen":"THE_SILENT","items_purchased":["Escape Plan","Well Laid Plans","Deadly Poison","Jack Of All Trades","Backflip","Noxious Fumes"],"gold_per_floor":[118,118,118,128,143,176,176,191,191,191,191,35,35,50,50,153,153,171,33,33,33,49,49,25,43,68,48,48,62,73,73,73,171,171,189,207,63,79,97],"floor_reached":40,"campfire_rested":2,"playtime":4688,"current_hp_per_floor":[70,70,63,63,63,39,39,39,39,32,53,53,53,53,53,50,70,54,54,54,54,54,54,54,54,54,54,54,47,39,39,70,18,70,58,42,42,27,7],"items_purged":["Normality"],"gold":97,"score":363,"play_id":"7a628920-4119-413a-8070-0c54bb65d7f8","is_prod":false,"is_daily":false,"is_ascension_mode":false,"campfire_upgraded":3,"path_taken":["M","?","?","M","M","E","R","M","T","?","R","$","?","M","R","BOSS","M","$","?","?","M","R","?","M","T","?","?","M","M","?","R","BOSS","M","M","$","M","M","E"],"build_version":"2018-02-12-PROD1","purchased_purges":1,"victory":false,"master_deck":["Defend_G+1","Defend_G+1","Defend_G+1","Defend_G+1","Strike_G+1","Strike_G+1","Survivor","Neutralize+1","Flying Knee","Endless Agony+1","Quick Slash","Endless Agony","Die Die Die","Dodge and Roll+1","Escape Plan","Well Laid Plans","Leg Sweep","After Image+1","Blade Dance+1","Predator+1","Bane+1","Prepared","Deadly Poison","Jack Of All Trades","Dodge and Roll+1","Poisoned Stab","Backflip","Poisoned Stab","Deflect","Blur+1","Envenom","Normality","Parasite","Backflip+1","Noxious Fumes","Blur","Dodge and Roll+1"],"max_hp_per_floor":[70,70,70,70,70,70,70,70,70,70,70,70,70,70,70,70,70,70,70,70,70,70,70,70,70,70,70,70,70,70,70,70,70,70,70,70,70,70,70],"relics":["Ring of the Snake","Gremlin Horn","Juzu Bracelet","Peace Pipe","Calipers","Astrolabe","Regal Pillow","Calling Bell","Vajra","Ancient Tea Set","Darkstone Periapt"],"card_choices":[{"not_picked":["Slice","Backstab"],"picked":"Flying Knee"},{"not_picked":["Flying Knee","Deflect"],"picked":"Endless Agony"},{"not_picked":["Deadly Poison","Night Terror"],"picked":"Quick Slash"},{"not_picked":["Quick Slash","Underhanded Strike"],"picked":"Endless Agony"},{"not_picked":["Poisoned Stab","Dagger Spray"],"picked":"Die Die Die"},{"not_picked":["Masterful Stab","Dagger Throw"],"picked":"Dodge and Roll"},{"not_picked":["PiercingWail","Underhanded Strike"],"picked":"Leg Sweep"},{"not_picked":["Tactician","Venomology"],"picked":"After Image"},{"not_picked":["Catalyst","Flechettes"],"picked":"Prepared"},{"not_picked":["Acrobatics","Deadly Poison"],"picked":"Poisoned Stab"},{"not_picked":["Deflect","Bane"],"picked":"Poisoned Stab"},{"not_picked":["Prepared","Underhanded Strike"],"picked":"Deflect"},{"not_picked":["Sucker Punch","Choke"],"picked":"Blur"},{"not_picked":["Tools of the Trade","Unload"],"picked":"Envenom"},{"not_picked":["Outmaneuver","Leg Sweep"],"picked":"Backflip"},{"not_picked":["Skewer","Blade Dance"],"picked":"Blur"},{"not_picked":["Backstab","Dagger Throw"],"picked":"Dodge and Roll"}],"player_experience":48353,"potions_floor_usage":[36],"damage_taken":[{"damage":0.0,"enemies":"Small Slimes","floor":1.0,"turns":5.0},{"damage":0.0,"enemies":"2 Louse","floor":4.0,"turns":2.0},{"damage":0.0,"enemies":"Cultist","floor":5.0,"turns":3.0},{"damage":24.0,"enemies":"3 Sentries","floor":6.0,"turns":9.0},{"damage":0.0,"enemies":"3 Louse","floor":8.0,"turns":2.0},{"damage":0.0,"enemies":"Looter","floor":14.0,"turns":3.0},{"damage":3.0,"enemies":"The Guardian","floor":16.0,"turns":17.0},{"damage":16.0,"enemies":"Spheric Guardian","floor":18.0,"turns":4.0},{"damage":0.0,"enemies":"Shell Parasite","floor":22.0,"turns":3.0},{"damage":0.0,"enemies":"Snecko","floor":25.0,"turns":5.0},{"damage":7.0,"enemies":"Slaver and Parasite","floor":29.0,"turns":8.0},{"damage":8.0,"enemies":"Cultist and Chosen","floor":30.0,"turns":6.0},{"damage":64.0,"enemies":"Champ","floor":33.0,"turns":17.0},{"damage":12,"enemies":"Orb Walker","floor":35,"turns":6},{"damage":31,"enemies":"3 Darklings","floor":36,"turns":9},{"damage":15,"enemies":"4 Shapes","floor":38,"turns":10},{"damage":20,"enemies":"Sphere and 2 Shapes","floor":39,"turns":8},{"damage":8,"enemies":"Nemesis","floor":40,"turns":9}],"event_choices":[{"event_name":"Big Fish","player_choice":"Box","floor":2.0,"damage_taken":0.0},{"event_name":"Golden Wing","player_choice":"Card Removal","floor":3.0,"damage_taken":0.0},{"event_name":"Scrap Ooze","player_choice":"success","floor":10.0,"damage_taken":7.0},{"event_name":"Living Wall","player_choice":"Grow","floor":13.0,"damage_taken":0.0},{"event_name":"Duplicator","player_choice":"One dupe","floor":20.0,"damage_taken":0.0},{"event_name":"Back to Basics","player_choice":"Simplicity","floor":21.0,"damage_taken":0.0},{"event_name":"The Woman in Blue","player_choice":"Bought 1 Potion","floor":27.0,"damage_taken":0.0},{"event_name":"Purifier","player_choice":"One Purge","floor":28.0,"damage_taken":0.0},{"event_name":"The Lab","player_choice":"Got Potions","floor":31.0,"damage_taken":0.0}],"boss_relics":[{"not_picked":["Black Star","Runic Dome"],"picked":"Calling Bell"}],"potions_floor_spawned":[5,8,29,30,33,35,36,39],"seed_played":"-3148839149835697479","killed_by":"Nemesis","ascension_level":0,"is_trial":false}