{"gold_per_floor":[110,260,335,346,346,346,108,132,159,159,1,13,55,98,110,122],"floor_reached":16,"playtime":744,"items_purged":["Doubt"],"score":182,"play_id":"2d81f26a-22d6-41bb-b139-66c48567fa64","local_time":"20181201112920","is_ascension_mode":true,"campfire_choices":[{"data":"Neutralize","floor":6,"key":"SMITH"},{"data":"Malaise","floor":10,"key":"SMITH"},{"data":"Well Laid Plans","floor":12,"key":"SMITH"},{"data":"Cloak And Dagger","floor":15,"key":"SMITH"}],"neow_cost":"NONE","seed_source_timestamp":1462116655655986,"circlet_count":0,"master_deck":["AscendersBane","Defend_G","Defend_G","Defend_G","Defend_G","Defend_G","Strike_G","Strike_G","Strike_G","Strike_G","Strike_G","Survivor","Neutralize+1","Well Laid Plans+1","Slice","Malaise+1","Cloak And Dagger+1"],"relics":["Ring of the Snake","Regal Pillow","Golden Idol","Happy Flower","Blood Vial","MawBank","WingedGreaves","Art of War"],"potions_floor_usage":[14,16],"damage_taken":[{"damage":3,"enemies":"Jaw Worm","floor":1,"turns":6},{"damage":0,"enemies":"2 Louse","floor":4,"turns":4},{"damage":1,"enemies":"Small Slimes","floor":8,"turns":4},{"damage":15,"enemies":"Lagavulin","floor":14,"turns":7},{"damage":34,"enemies":"Hexaghost","floor":16,"turns":21}],"seed_played":"8003619446604647924","potions_obtained":[{"floor":4,"key":"Strength Potion"},{"floor":14,"key":"Dexterity Potion"}],"is_trial":false,"path_per_floor":["M","?","?","M","?","R","$","M","T","R","$","R","?","E","R","B"],"character_chosen":"THE_SILENT","items_purchased":["Happy Flower","MawBank"],"campfire_rested":0,"item_purchase_floors":[7,11],"current_hp_per_floor":[56,56,45,45,45,45,45,44,44,44,44,44,44,31,31,0],"gold":122,"neow_bonus":"RANDOM_COMMON_RELIC","is_prod":false,"is_daily":false,"chose_seed":false,"campfire_upgraded":4,"win_rate":0,"timestamp":1543681760,"path_taken":["M","?","?","M","?","R","?","M","T","R","$","R","?","E","R","BOSS"],"build_version":"2018-11-15","purchased_purges":1,"victory":false,"max_hp_per_floor":[66,66,66,66,60,60,60,60,60,60,60,60,60,60,60,60],"card_choices":[{"not_picked":["PiercingWail","Tactician"],"picked":"Well Laid Plans","floor":1},{"not_picked":["Blade Dance","Backflip"],"picked":"Slice","floor":4},{"not_picked":["Quick Slash","Backflip"],"picked":"Malaise","floor":8},{"not_picked":["Outmaneuver","Setup"],"picked":"Cloak And Dagger","floor":14}],"player_experience":571862,"relics_obtained":[{"floor":9,"key":"Blood Vial"},{"floor":14,"key":"Art of War"}],"event_choices":[{"damage_healed":0,"gold_gain":150,"player_choice":"AGREE","damage_taken":0,"max_hp_gain":0,"max_hp_loss":0,"event_name":"Liars Game","floor":2,"gold_loss":0,"cards_obtained":["Doubt"]},{"damage_healed":0,"gold_gain":75,"player_choice":"Gather Gold","damage_taken":11,"max_hp_gain":0,"max_hp_loss":0,"event_name":"World of Goop","floor":3,"gold_loss":0},{"damage_healed":0,"gold_gain":0,"player_choice":"Lose Max HP","damage_taken":0,"relics_obtained":["Golden Idol"],"max_hp_gain":0,"max_hp_loss":6,"event_name":"Golden Idol","floor":5,"gold_loss":0},{"damage_healed":0,"gold_gain":30,"player_choice":"Searched \u00273\u0027 times","damage_taken":0,"relics_obtained":["WingedGreaves"],"max_hp_gain":0,"max_hp_loss":0,"event_name":"Dead Adventurer","floor":13,"gold_loss":0}],"is_beta":false,"boss_relics":[],"items_purged_floors":[7],"is_endless":false,"potions_floor_spawned":[4,14],"killed_by":"Hexaghost","ascension_level":18}