{"gold_per_floor":[114,64,239,151,169,202,202,222,301,301,312,312,7,19,19,124,124,139,139,153,38,50,76,88,88,88,88,20,20,20,33,33,135,135,146,146,2,17,17,50,50,81,134,152,171,171,189,201,201,201],"floor_reached":50,"playtime":3948,"items_purged":["Defend_G"],"score":600,"play_id":"5d7d790a-5272-436e-953e-3cd608fda1cf","local_time":"20190222235606","is_ascension_mode":true,"campfire_choices":[{"floor":7,"key":"REST"},{"data":"After Image","floor":15,"key":"SMITH"},{"floor":25,"key":"REST"},{"data":"Envenom","floor":27,"key":"SMITH"},{"floor":29,"key":"REST"},{"data":"Venomology","floor":32,"key":"SMITH"},{"floor":41,"key":"REST"},{"floor":49,"key":"REST"}],"neow_cost":"NONE","seed_source_timestamp":707751501978100,"circlet_count":0,"master_deck":["Survivor","Neutralize","Heel Hook","Accuracy","Parasite","Riddle With Holes","After Image+1","Envenom+1","Masterful Stab","Dagger Spray","Masterful Stab","Wraith Form v2","Unload","Venomology+1","Bane","All Out Attack","Deflect","Deflect+1","Caltrops","Cloak And Dagger","Finisher+1","Blade Dance+1","Footwork+1","Caltrops","Shame","Burst","After Image","Catalyst+1","Blade Dance","Blade Dance+1","Blade Dance"],"relics":["Ring of the Snake","Bag of Marbles","Ornamental Fan","Pear","Vajra","Pandora\u0027s Box","Oddly Smooth Stone","Mummified Hand","Dodecahedron","Philosopher\u0027s Stone","PreservedInsect","Centennial Puzzle","Blood Vial"],"potions_floor_usage":[6,14,16,20,22,22,23,23,31,33,33,33,38,38,39,40,42,45,45,47,47,47,47,48,48,50,50],"damage_taken":[{"damage":2,"enemies":"Small Slimes","floor":1,"turns":5},{"damage":0,"enemies":"2 Louse","floor":5,"turns":4},{"damage":48,"enemies":"Gremlin Nob","floor":6,"turns":7},{"damage":7,"enemies":"Jaw Worm","floor":8,"turns":6},{"damage":1,"enemies":"Gremlin Gang","floor":11,"turns":8},{"damage":3,"enemies":"Large Slime","floor":14,"turns":7},{"damage":26,"enemies":"Slime Boss","floor":16,"turns":10},{"damage":3,"enemies":"Chosen","floor":18,"turns":3},{"damage":13,"enemies":"Spheric Guardian","floor":20,"turns":4},{"damage":20,"enemies":"Chosen and Byrds","floor":22,"turns":8},{"damage":12,"enemies":"Gremlin Leader","floor":23,"turns":6},{"damage":18,"enemies":"3 Cultists","floor":24,"turns":5},{"damage":0,"enemies":"Centurion and Healer","floor":31,"turns":3},{"damage":70,"enemies":"Collector","floor":33,"turns":8},{"damage":44,"enemies":"3 Shapes","floor":35,"turns":5},{"damage":2,"enemies":"Orb Walker","floor":38,"turns":4},{"damage":0,"enemies":"Jaw Worm Horde","floor":39,"turns":2},{"damage":29,"enemies":"Nemesis","floor":40,"turns":5},{"damage":17,"enemies":"Giant Head","floor":42,"turns":6},{"damage":0,"enemies":"Maw","floor":44,"turns":8},{"damage":17,"enemies":"Spire Growth","floor":45,"turns":5},{"damage":0,"enemies":"Transient","floor":47,"turns":5},{"damage":10,"enemies":"3 Darklings","floor":48,"turns":5},{"damage":49,"enemies":"Awakened One","floor":50,"turns":4}],"seed_played":"9003162502536945701","potions_obtained":[{"floor":5,"key":"EssenceOfSteel"},{"floor":6,"key":"Block Potion"},{"floor":11,"key":"Strength Potion"},{"floor":18,"key":"SkillPotion"},{"floor":22,"key":"Swift Potion"},{"floor":24,"key":"Swift Potion"},{"floor":40,"key":"PowerPotion"},{"floor":45,"key":"EntropicBrew"},{"floor":47,"key":"Dexterity Potion"}],"is_trial":false,"path_per_floor":["M","?","?","?","M","E","R","M","T","?","M","?","$","M","R","B",null,"M","?","M","$","M","E","M","R","T","R","$","R","?","M","R","B",null,"M","?","$","M","M","E","R","E","T","M","M","?","M","M","R","B"],"character_chosen":"THE_SILENT","items_purchased":["After Image","Vajra","Caltrops","Cloak And Dagger","Caltrops","PreservedInsect"],"campfire_rested":5,"item_purchase_floors":[13,13,21,21,28,37],"current_hp_per_floor":[75,75,75,75,75,27,50,43,53,74,73,66,66,63,63,37,87,84,84,71,71,51,39,21,47,47,47,47,73,73,73,73,18,87,43,43,43,53,53,24,50,33,33,35,20,20,22,14,40,0],"gold":201,"neow_bonus":"TEN_PERCENT_HP_BONUS","is_prod":false,"is_daily":false,"chose_seed":false,"campfire_upgraded":3,"win_rate":0,"timestamp":1550840166,"path_taken":["M","?","?","?","?","E","R","M","T","?","M","?","$","M","R","BOSS","M","?","M","$","M","E","M","R","T","R","$","R","?","M","R","BOSS","M","?","$","M","M","E","R","E","T","M","?","?","M","M","R","BOSS"],"build_version":"2019-01-23","purchased_purges":1,"victory":false,"max_hp_per_floor":[77,77,77,77,77,77,77,77,87,87,87,87,87,87,87,87,87,87,87,87,87,87,87,87,87,87,87,87,87,87,87,87,87,87,87,87,87,87,87,87,87,87,87,87,87,87,87,87,87,87],"card_choices":[{"not_picked":["Dagger Spray","Bane","Outmaneuver"],"picked":"SKIP","floor":1},{"not_picked":["Expertise","Dagger Spray","Reflex"],"picked":"SKIP","floor":5},{"not_picked":["Noxious Fumes","Cloak And Dagger"],"picked":"Heel Hook","floor":6},{"not_picked":["Slice","PiercingWail"],"picked":"Accuracy","floor":8},{"not_picked":["Slice","Crippling Poison"],"picked":"Riddle With Holes","floor":11},{"not_picked":["Acrobatics","Escape Plan","Flechettes"],"picked":"SKIP","floor":14},{"not_picked":["Tools of the Trade","Corpse Explosion"],"picked":"Envenom","floor":16},{"not_picked":["Predator","Bouncing Flask"],"picked":"Deflect","floor":18},{"not_picked":["Dodge and Roll+1","Riddle With Holes+1"],"picked":"Deflect+1","floor":20},{"not_picked":["Bane+1","Dagger Throw"],"picked":"Finisher+1","floor":22},{"not_picked":["Dodge and Roll","Sucker Punch"],"picked":"Blade Dance","floor":23},{"not_picked":["Finisher","Outmaneuver"],"picked":"Footwork+1","floor":24},{"not_picked":["Dash","Outmaneuver+1"],"picked":"Burst","floor":31},{"not_picked":["Tools of the Trade","Glass Knife"],"picked":"After Image","floor":33},{"not_picked":["Slice","Setup","Dodge and Roll+1"],"picked":"SKIP","floor":35},{"not_picked":["Sucker Punch+1","Underhanded Strike+1","Flying Knee"],"picked":"SKIP","floor":38},{"not_picked":["Dagger Throw","Skewer"],"picked":"Catalyst+1","floor":40},{"not_picked":["Wraith Form v2","Catalyst","Dagger Spray"],"picked":"SKIP","floor":42},{"not_picked":["Flechettes","Outmaneuver+1","Underhanded Strike"],"picked":"SKIP","floor":44},{"not_picked":["Poisoned Stab+1","Dagger Spray+1"],"picked":"Blade Dance","floor":45},{"not_picked":["Dodge and Roll","Dagger Spray"],"picked":"Blade Dance+1","floor":47},{"not_picked":["Catalyst+1","Dagger Spray+1"],"picked":"Blade Dance","floor":48}],"player_experience":164435,"relics_obtained":[{"floor":6,"key":"Ornamental Fan"},{"floor":9,"key":"Pear"},{"floor":23,"key":"Oddly Smooth Stone"},{"floor":26,"key":"Mummified Hand"},{"floor":40,"key":"Centennial Puzzle"},{"floor":42,"key":"Blood Vial"}],"event_choices":[{"cards_removed":["Strike_G"],"damage_healed":0,"gold_gain":0,"player_choice":"Card Removal","damage_taken":0,"max_hp_gain":0,"max_hp_loss":0,"event_name":"The Cleric","floor":2,"gold_loss":50},{"damage_healed":0,"gold_gain":175,"player_choice":"AGREE","damage_taken":0,"max_hp_gain":0,"max_hp_loss":0,"event_name":"Liars Game","floor":3,"gold_loss":0,"cards_obtained":["Doubt"]},{"damage_healed":0,"gold_gain":0,"player_choice":"Paid Gold","damage_taken":0,"relics_obtained":["Bag of Marbles"],"max_hp_gain":0,"max_hp_loss":0,"event_name":"WeMeetAgain","floor":4,"gold_loss":88},{"damage_healed":21,"gold_gain":0,"player_choice":"Healed and dodged fight","damage_taken":0,"max_hp_gain":0,"max_hp_loss":0,"event_name":"Mushrooms","floor":10,"gold_loss":0,"cards_obtained":["Parasite"]},{"cards_removed":["Doubt"],"damage_healed":0,"gold_gain":0,"player_choice":"Card Removal","damage_taken":7,"max_hp_gain":0,"max_hp_loss":0,"event_name":"Golden Wing","floor":12,"gold_loss":0},{"damage_healed":0,"gold_gain":0,"player_choice":"Ignored","damage_taken":0,"max_hp_gain":0,"max_hp_loss":0,"event_name":"Ghosts","floor":19,"gold_loss":0},{"damage_healed":0,"gold_gain":0,"player_choice":"Stole Relic","damage_taken":0,"relics_obtained":["Dodecahedron"],"max_hp_gain":0,"max_hp_loss":0,"event_name":"Addict","floor":30,"gold_loss":0,"cards_obtained":["Shame"]},{"damage_healed":0,"gold_gain":0,"player_choice":"Ignored","damage_taken":0,"max_hp_gain":0,"max_hp_loss":0,"event_name":"SecretPortal","floor":36,"gold_loss":0},{"damage_healed":0,"gold_gain":0,"player_choice":"Upgraded","damage_taken":0,"max_hp_gain":0,"max_hp_loss":0,"event_name":"Upgrade Shrine","floor":46,"gold_loss":0,"cards_upgraded":["Blade Dance"]}],"is_beta":false,"boss_relics":[{"not_picked":["Velvet Choker","Runic Pyramid"],"picked":"Pandora\u0027s Box"},{"not_picked":["Orrery","Coffee Dripper"],"picked":"Philosopher\u0027s Stone"}],"items_purged_floors":[13],"is_endless":false,"potions_floor_spawned":[5,6,11,18,22,24,39,40,45,47],"killed_by":"Awakened One","ascension_level":1}