{"path_per_floor":["M","?","M","M","?","R","E","M","T","M","R","?","R","$","R","B",null,"M","$","?","$","M"],"character_chosen":"IRONCLAD","items_purchased":["Apotheosis","Madness","Demon Form","Armaments","Seeing Red"],"gold_per_floor":[117,192,208,222,397,397,431,448,448,464,464,464,464,39,39,135,135,146,19,19,19,29],"floor_reached":23,"campfire_rested":3,"playtime":1064,"current_hp_per_floor":[76,65,56,49,49,73,29,27,27,19,43,43,67,67,67,29,80,80,80,80,80,40],"items_purged":[],"gold":29,"play_id":"091c16f0-733a-4602-b8c1-f89c1e5e9ae4","is_prod":false,"is_daily":false,"campfire_rituals":0,"campfire_upgraded":1,"is_hardmode":false,"path_taken":["M","?","M","M","?","R","E","M","T","?","R","?","R","$","R","BOSS","M","$","?","?","M","E"],"build_version":"2017-12-21-PROD1","purchased_purges":0,"victory":false,"master_deck":["Strike_R","Strike_R","Strike_R","Strike_R","Strike_R","Defend_R","Defend_R","Defend_R","Bash","Perfected Strike","Iron Wave","Sword Boomerang","Spot Weakness","Flex","Warcry","Iron Wave","Apotheosis","Madness","Demon Form","Bludgeon","Sword Boomerang","Armaments","Seeing Red","True Grit"],"max_hp_per_floor":[80,80,80,80,80,80,80,80,80,80,80,80,80,80,80,80,80,80,80,80,80,80],"relics":["Burning Blood","Omamori","Prayer Wheel","Blood Vial","Runic Pyramid"],"campfire_meditates":0,"card_choices":[{"not_picked":["Reckless Charge","Shrug It Off"],"picked":"Perfected Strike"},{"not_picked":["Sword Boomerang","Burning Pact"],"picked":"Iron Wave"},{"not_picked":["Corruption","Heavy Blade"],"picked":"Sword Boomerang"},{"not_picked":["Shrug It Off","Warcry"],"picked":"Spot Weakness"},{"not_picked":["Clash","Disarm"],"picked":"Flex"},{"not_picked":["True Grit","Fiend Fire"],"picked":"Warcry"},{"not_picked":["Heavy Blade","Body Slam"],"picked":"Iron Wave"},{"not_picked":["Immolate","Exhume"],"picked":"Bludgeon"},{"not_picked":["Headbutt","Sever Soul"],"picked":"Sword Boomerang"},{"not_picked":["Havoc","Intimidate"],"picked":"True Grit"}],"player_experience":54118,"potions_floor_usage":[16,23],"damage_taken":[{"damage":10,"enemies":"Cultist","floor":1,"turns":4},{"damage":15,"enemies":"Looter","floor":3,"turns":3},{"damage":13,"enemies":"Jaw Worm","floor":4,"turns":3},{"damage":50,"enemies":"Lagavulin","floor":7,"turns":6},{"damage":8,"enemies":"Large Slime","floor":8,"turns":5},{"damage":16,"enemies":"2 Fungi Beasts","floor":10,"turns":3},{"damage":46,"enemies":"Hexaghost","floor":16,"turns":6},{"damage":5,"enemies":"Chosen","floor":18,"turns":4},{"damage":46,"enemies":"2 Thieves","floor":22,"turns":5},{"damage":46,"enemies":"Slavers","floor":23,"turns":2}],"event_choices":[{"event_name":"World of Goop","player_choice":"Gather Gold","floor":2,"damage_taken":0},{"event_name":"Liars Game","player_choice":"agreed","floor":5,"damage_taken":0},{"event_name":"Purifier","player_choice":"One Purge","floor":12,"damage_taken":0},{"event_name":"Drug Dealer","player_choice":"Ignored","floor":20,"damage_taken":0}],"boss_relics":[{"not_picked":["Snecko Eye","Question Card"],"picked":"Runic Pyramid"}],"potions_floor_spawned":[1,7,22],"seed_played":"4766248249821874877","killed_by":"Slavers","is_trial":false}