{"path_per_floor":["M","?","M","$","M","R","M","E","T","$","R","?","T","M","R","B",null,"M","M","?","$","M","R","M","R","T","$","R","M","M","?","R","B",null,"M","?","$","M","M","R","M","R","T","R","M","M","$","M","R"],"character_chosen":"THE_SILENT","items_purchased":["Infinite Blades","Escape Plan","Dagger Throw","Calculated Gamble","Dagger Throw","Kunai","Footwork"],"gold_per_floor":[118,118,133,14,33,33,47,75,75,28,28,28,28,45,45,145,145,160,175,175,57,75,75,93,93,119,119,119,136,154,154,154,250,250,263,263,18,34,45,45,58,58,58,58,69,85,45,58,58],"floor_reached":50,"campfire_rested":5,"playtime":5856,"current_hp_per_floor":[70,70,64,64,52,52,41,40,40,40,70,63,63,63,63,44,70,56,56,56,56,52,52,39,70,70,70,70,57,46,46,46,40,70,49,49,49,35,22,58,19,55,55,55,27,21,21,20,56],"items_purged":[],"gold":58,"play_id":"2bb7a4f3-8e6e-43b9-aa1e-11f0041742d3","is_prod":false,"is_daily":false,"is_ascension_mode":false,"campfire_upgraded":6,"path_taken":["M","?","M","?","M","R","M","E","T","$","R","?","?","M","R","BOSS","M","M","?","$","M","R","M","R","T","$","R","?","M","?","R","BOSS","M","?","$","M","M","R","M","R","T","R","M","M","?","M","R","BOSS"],"build_version":"2018-02-01-PROD3","purchased_purges":0,"victory":false,"master_deck":["Defend_G","Defend_G","Defend_G","Defend_G","Survivor+1","Neutralize+1","A Thousand Cuts+1","Prepared","Endless Agony","Infinite Blades+1","Escape Plan","Deflect","Outmaneuver","Well Laid Plans","Dagger Throw","Prepared","Phantasmal Killer+1","Slice+1","Terror+1","Escape Plan+1","PiercingWail+1","Blade Dance+1","Calculated Gamble","Dagger Throw+1","Flying Knee+1","Quick Slash+1","Endless Agony","Finisher+1","Neutralize+1","A Thousand Cuts+1","Footwork","Backflip+1","Backflip","Backflip+1","Slice+1","Footwork","PiercingWail+1"],"max_hp_per_floor":[70,70,70,70,70,70,70,70,70,70,70,70,70,70,70,70,70,70,70,70,70,70,70,70,70,70,70,70,70,70,70,70,70,70,70,70,70,70,70,70,70,70,70,70,70,70,70,70,70],"relics":["Ring of the Snake","Regal Pillow","Frozen Eye","Tingsha","Astrolabe","Whetstone","The Specimen","Kunai","Bag of Preparation"],"card_choices":[{"not_picked":["Bane","Riddle With Holes"],"picked":"Prepared"},{"not_picked":["Deadly Poison","Night Terror"],"picked":"Endless Agony"},{"not_picked":["Slice","Deadly Poison"],"picked":"Deflect"},{"not_picked":["Poisoned Stab","Dodge and Roll"],"picked":"Outmaneuver"},{"not_picked":["Deflect","Terror"],"picked":"Well Laid Plans"},{"not_picked":["Poisoned Stab","Backstab"],"picked":"Prepared"},{"not_picked":["Corpse Explosion","Wraith Form"],"picked":"Phantasmal Killer"},{"not_picked":["Backstab","Dagger Throw"],"picked":"PiercingWail"},{"not_picked":["Slice","Blur"],"picked":"Blade Dance"},{"not_picked":["Poisoned Stab","Backflip"],"picked":"Flying Knee"},{"not_picked":["Bane","Dodge and Roll"],"picked":"Quick Slash"},{"not_picked":["PiercingWail","Crippling Poison"],"picked":"Endless Agony"},{"not_picked":["Dodge and Roll","Flechettes"],"picked":"Finisher"},{"not_picked":["Envenom","Bullet Time"],"picked":"A Thousand Cuts"},{"not_picked":["Dagger Throw","Distraction"],"picked":"Footwork"},{"not_picked":["Acrobatics","Predator"],"picked":"Backflip"},{"not_picked":["All Out Attack","Dash"],"picked":"Backflip"},{"not_picked":["Catalyst","Dodge and Roll"],"picked":"Backflip"},{"not_picked":["Quick Slash","Flechettes"],"picked":"Slice"},{"not_picked":["Backflip","Finisher"],"picked":"PiercingWail"}],"player_experience":20813,"potions_floor_usage":[46,46],"damage_taken":[{"damage":0.0,"enemies":"Cultist","floor":1.0,"turns":4.0},{"damage":6.0,"enemies":"Jaw Worm","floor":3.0,"turns":4.0},{"damage":12.0,"enemies":"Small Slimes","floor":5.0,"turns":2.0},{"damage":11.0,"enemies":"Exordium Thugs","floor":7.0,"turns":4.0},{"damage":1.0,"enemies":"Gremlin Nob","floor":8.0,"turns":3.0},{"damage":0.0,"enemies":"Large Slime","floor":14.0,"turns":4.0},{"damage":19.0,"enemies":"The Guardian","floor":16.0,"turns":11.0},{"damage":14,"enemies":"Spheric Guardian","floor":18,"turns":4},{"damage":0,"enemies":"Chosen","floor":19,"turns":5},{"damage":4,"enemies":"Centurion and Healer","floor":22,"turns":4},{"damage":13,"enemies":"Chosen and Byrds","floor":24,"turns":5},{"damage":13,"enemies":"Slaver and Parasite","floor":29,"turns":6},{"damage":11,"enemies":"Sentry and Sphere","floor":30,"turns":4},{"damage":6,"enemies":"Collector","floor":33,"turns":7},{"damage":21,"enemies":"3 Darklings","floor":35,"turns":4},{"damage":14,"enemies":"3 Shapes","floor":38,"turns":4},{"damage":13,"enemies":"Maw","floor":39,"turns":7},{"damage":39,"enemies":"3 Darklings","floor":41,"turns":3},{"damage":28,"enemies":"Sphere and 2 Shapes","floor":45,"turns":6},{"damage":6,"enemies":"4 Shapes","floor":46,"turns":3},{"damage":1,"enemies":"3 Darklings","floor":48,"turns":4},{"damage":56,"enemies":"Donu and Deca","floor":50,"turns":5}],"event_choices":[{"event_name":"Living Wall","player_choice":"Grow","floor":2.0,"damage_taken":0.0},{"event_name":"Golden Wing","player_choice":"Card Removal","floor":12.0,"damage_taken":0.0},{"event_name":"Purifier","player_choice":"One Purge","floor":20,"damage_taken":0},{"event_name":"Match and Keep!","player_choice":"1 cards matched","floor":31,"damage_taken":0},{"event_name":"Accursed Blacksmith","player_choice":"Forge","floor":36,"damage_taken":0}],"boss_relics":[{"not_picked":["Tiny House","Black Star"],"picked":"Astrolabe"},{"not_picked":["Velvet Choker","Snecko Eye"],"picked":"The Specimen"}],"potions_floor_spawned":[5,8,14,24,29,30,38,46],"seed_played":"-3811090255341774315","killed_by":"Donu and Deca","ascension_level":0,"is_trial":false}