{"gold_per_floor":[16,16,33,48,60,60,93,93,145,173,186,196,42,58,58,58],"floor_reached":16,"playtime":643,"items_purged":["Strike_B"],"score":188,"play_id":"f542e26f-5975-4f51-b984-e15207759697","local_time":"20181103173437","is_ascension_mode":true,"campfire_choices":[{"data":"Zap","floor":6,"key":"SMITH"},{"data":"Defragment","floor":8,"key":"SMITH"},{"floor":15,"key":"REST"}],"neow_cost":"NO_GOLD","seed_source_timestamp":17971755364899,"circlet_count":0,"master_deck":["AscendersBane","Strike_B","Strike_B","Strike_B","Defend_B","Defend_B","Defend_B","Defend_B","Zap+1","Dualcast","Rebound","Gash","Defragment+1","Self Repair","Ball Lightning","Go for the Eyes","Compile Driver","Hologram","Defragment"],"relics":["Cracked Core","FossilizedHelix","Dodecahedron","Strawberry","Dream Catcher"],"potions_floor_usage":[7,7,16,16],"damage_taken":[{"damage":0,"enemies":"Cultist","floor":1,"turns":4},{"damage":0,"enemies":"2 Louse","floor":3,"turns":2},{"damage":2,"enemies":"Jaw Worm","floor":4,"turns":3},{"damage":11,"enemies":"Looter","floor":5,"turns":3},{"damage":20,"enemies":"3 Sentries","floor":7,"turns":8},{"damage":27,"enemies":"Gremlin Nob","floor":10,"turns":4},{"damage":0,"enemies":"2 Fungi Beasts","floor":11,"turns":3},{"damage":23,"enemies":"3 Louse","floor":12,"turns":3},{"damage":0,"enemies":"Large Slime","floor":14,"turns":4},{"damage":52,"enemies":"The Guardian","floor":16,"turns":7}],"seed_played":"-8056639840054412109","potions_obtained":[{"floor":3,"key":"Block Potion"},{"floor":5,"key":"AttackPotion"},{"floor":7,"key":"Energy Potion"},{"floor":11,"key":"FairyPotion"},{"floor":12,"key":"Fire Potion"}],"is_trial":false,"path_per_floor":["M","$","M","M","M","R","E","R","T","E","M","M","$","M","R","B"],"character_chosen":"DEFECT","items_purchased":["Defragment"],"campfire_rested":1,"item_purchase_floors":[13],"current_hp_per_floor":[68,68,68,66,55,55,42,42,49,29,29,13,13,20,44,0],"gold":58,"neow_bonus":"ONE_RARE_RELIC","is_prod":false,"is_daily":false,"chose_seed":false,"campfire_upgraded":2,"win_rate":0,"timestamp":1541280877,"path_taken":["M","$","M","M","?","R","E","R","T","E","M","M","$","M","R","BOSS"],"build_version":"2018-11-01","purchased_purges":1,"victory":false,"max_hp_per_floor":[75,75,75,75,75,75,75,75,82,82,82,82,82,82,82,82],"card_choices":[{"not_picked":["Fusion","Hologram"],"picked":"Rebound","floor":1},{"not_picked":["Loop","Streamline"],"picked":"Gash","floor":3},{"not_picked":["Capacitor","Streamline"],"picked":"Defragment","floor":4},{"not_picked":["Undo","BootSequence"],"picked":"Self Repair","floor":5},{"not_picked":["Chaos","Streamline"],"picked":"Ball Lightning","floor":7},{"not_picked":["Steam","Auto Shields"],"picked":"Go for the Eyes","floor":10},{"not_picked":["Stack","Reprogram"],"picked":"Compile Driver","floor":11},{"not_picked":["Undo","Machine Learning"],"picked":"Hologram","floor":12},{"not_picked":["Sweeping Beam","Barrage","Hello World"],"picked":"SKIP","floor":14}],"player_experience":179012,"relics_obtained":[{"floor":7,"key":"Dodecahedron"},{"floor":9,"key":"Strawberry"},{"floor":10,"key":"Dream Catcher"}],"event_choices":[],"is_beta":false,"boss_relics":[],"items_purged_floors":[13],"is_endless":false,"potions_floor_spawned":[3,5,7,11,12],"killed_by":"The Guardian","ascension_level":13}