{"path_per_floor":["M","?","?","M","M","E","R","M","T","R","M","?","M","$","R"],"character_chosen":"THE_SILENT","items_purchased":["Vajra","Backflip"],"gold_per_floor":[110,60,60,75,95,122,122,137,185,185,199,199,212,6,6],"floor_reached":16,"campfire_rested":3,"playtime":899,"current_hp_per_floor":[58,58,58,44,44,8,26,19,19,37,36,36,28,28,46],"items_purged":[],"gold":6,"play_id":"36954649-4575-43f7-99a8-cd84a177abc1","is_prod":false,"is_daily":false,"campfire_rituals":0,"campfire_upgraded":0,"is_hardmode":false,"path_taken":["M","?","?","M","?","E","R","M","T","R","M","?","?","$","R","BOSS"],"build_version":"2017-12-21-PROD1","purchased_purges":0,"victory":false,"master_deck":["Defend_G","Defend_G","Defend_G","Defend_G","Strike_G","Strike_G","Strike_G","Strike_G","Survivor","Neutralize","Envenom","Dagger Spray","Dagger Throw","Bane","After Image","Cloak And Dagger","Footwork","Regret","Dagger Spray","Backflip"],"max_hp_per_floor":[63,63,63,63,63,63,63,63,63,63,63,63,63,63,63],"relics":["Ring of the Snake","Whetstone","Bag of Preparation","Tough Bandages","Vajra"],"campfire_meditates":0,"card_choices":[{"not_picked":["Corpse Explosion","Wraith Form"],"picked":"Envenom"},{"not_picked":["PiercingWail","Deflect"],"picked":"Dagger Spray"},{"not_picked":["Caltrops","Quick Slash"],"picked":"Dagger Throw"},{"not_picked":["Outmaneuver","Slice"],"picked":"Bane"},{"not_picked":["Quick Slash","Caltrops"],"picked":"After Image"},{"not_picked":["Underhanded Strike","Masterful Stab"],"picked":"Cloak And Dagger"},{"not_picked":["Sucker Punch","Dodge and Roll"],"picked":"Footwork"},{"not_picked":["Endless Agony","Deflect"],"picked":"Dagger Spray"}],"player_experience":85138,"potions_floor_usage":[16,16],"damage_taken":[{"damage":5,"enemies":"Jaw Worm","floor":1,"turns":5},{"damage":14,"enemies":"Looter","floor":4,"turns":4},{"damage":0,"enemies":"Cultist","floor":5,"turns":3},{"damage":36,"enemies":"3 Sentries","floor":6,"turns":6},{"damage":7,"enemies":"3 Louse","floor":8,"turns":2},{"damage":1,"enemies":"Red Slaver","floor":11,"turns":5},{"damage":8,"enemies":"2 Fungi Beasts","floor":13,"turns":4},{"damage":47,"enemies":"Slime Boss","floor":16,"turns":6}],"event_choices":[{"event_name":"The Cleric","player_choice":"Card Removal","floor":2,"damage_taken":0},{"event_name":"Bonfire Elementals","player_choice":"SKILL","floor":3,"damage_taken":0},{"event_name":"Big Fish","player_choice":"Box","floor":12,"damage_taken":0}],"boss_relics":[],"potions_floor_spawned":[4,8],"seed_played":"793365341734186283","killed_by":"Slime Boss","is_trial":false}