{"gold_per_floor":[219,231,250,56,75,75,103,115,115,170,190,90,106,106,106,208,208,221,231,246,246,246],"floor_reached":22,"playtime":1739,"items_purged":["Strike_G","Defend_G"],"score":210,"play_id":"89ea8902-d963-458b-821e-6ae8024a7c25","local_time":"20190222204953","is_ascension_mode":true,"campfire_choices":[{"data":"Neutralize","floor":6.0,"key":"SMITH"},{"floor":15,"key":"REST"}],"neow_cost":"NONE","seed_source_timestamp":0,"circlet_count":0,"master_deck":["Defend_G","Defend_G","Defend_G","Defend_G","Strike_G","Strike_G","Strike_G","Strike_G","Survivor","Neutralize+1","Dagger Spray","Infinite Blades","Heel Hook","Sucker Punch","Infinite Blades","Finisher","Infinite Blades","Cloak And Dagger","Corpse Explosion"],"special_seed":0,"relics":["Ring of the Snake","Shuriken","Tiny Chest","Runic Pyramid","MutagenicStrength"],"potions_floor_usage":[16,16,18,20],"damage_taken":[{"damage":0.0,"enemies":"2 Louse","floor":1.0,"turns":3.0},{"damage":0.0,"enemies":"Jaw Worm","floor":2.0,"turns":5.0},{"damage":0.0,"enemies":"Small Slimes","floor":3.0,"turns":2.0},{"damage":4.0,"enemies":"Looter","floor":5.0,"turns":4.0},{"damage":19.0,"enemies":"3 Sentries","floor":7.0,"turns":6.0},{"damage":8.0,"enemies":"Exordium Thugs","floor":8.0,"turns":4.0},{"damage":10,"enemies":"Gremlin Nob","floor":10,"turns":4},{"damage":6,"enemies":"2 Fungi Beasts","floor":11,"turns":2},{"damage":13,"enemies":"Exordium Wildlife","floor":13,"turns":3},{"damage":1,"enemies":"Hexaghost","floor":16,"turns":6},{"damage":0,"enemies":"Chosen","floor":18,"turns":4},{"damage":19,"enemies":"2 Thieves","floor":19,"turns":4},{"damage":14,"enemies":"Snecko","floor":20,"turns":6},{"damage":51,"enemies":"Sentry and Sphere","floor":22,"turns":5}],"seed_played":"3990111918375299336","potions_obtained":[{"floor":3.0,"key":"SteroidPotion"},{"floor":11,"key":"PowerPotion"},{"floor":13,"key":"Block Potion"},{"floor":16,"key":"EssenceOfSteel"},{"floor":18,"key":"Fruit Juice"}],"is_trial":false,"path_per_floor":["M","M","M","$","M","R","E","M","T","E","M","$","M","?","R","B",null,"M","M","M","?","M"],"character_chosen":"THE_SILENT","items_purchased":["Sucker Punch","Infinite Blades"],"campfire_rested":1,"item_purchase_floors":[4,4],"current_hp_per_floor":[70,70,70,70,66,66,47,39,39,29,23,23,10,10,31,30,70,75,56,42,42,0],"gold":246,"neow_bonus":"HUNDRED_GOLD","is_prod":false,"is_daily":false,"chose_seed":false,"campfire_upgraded":1,"win_rate":0,"timestamp":1550828993,"path_taken":["M","M","M","$","M","R","E","M","T","E","M","$","M","?","R","BOSS","M","M","M","?","M"],"build_version":"2019-01-23","purchased_purges":2,"victory":false,"max_hp_per_floor":[70,70,70,70,70,70,70,70,70,70,70,70,70,70,70,70,70,75,75,75,75,75],"card_choices":[{"not_picked":["Dodge and Roll","Expertise"],"picked":"Dagger Spray","floor":1.0},{"not_picked":["Predator","Blur"],"picked":"Infinite Blades","floor":2.0},{"not_picked":["Dagger Spray","Flying Knee"],"picked":"Heel Hook","floor":3.0},{"not_picked":["Eviscerate","Outmaneuver"],"picked":"Finisher","floor":5.0},{"not_picked":["Dagger Throw","Flechettes","Slice"],"picked":"SKIP","floor":7.0},{"not_picked":["Bane","Skewer","Dodge and Roll"],"picked":"SKIP","floor":8.0},{"not_picked":["Adrenaline","Acrobatics","Predator"],"picked":"SKIP","floor":10},{"not_picked":["Deadly Poison","Predator"],"picked":"Infinite Blades","floor":11},{"not_picked":["Dash","Dodge and Roll"],"picked":"Cloak And Dagger","floor":13},{"not_picked":["Malaise","Die Die Die"],"picked":"Corpse Explosion","floor":16},{"not_picked":["Backflip","Choke","Quick Slash"],"picked":"SKIP","floor":18},{"not_picked":["Dodge and Roll","Poisoned Stab","Sucker Punch"],"picked":"SKIP","floor":19},{"not_picked":["Sucker Punch","Bane+1","Catalyst"],"picked":"SKIP","floor":20}],"player_experience":160331,"relics_obtained":[{"floor":7.0,"key":"Shuriken"},{"floor":10,"key":"Tiny Chest"}],"event_choices":[{"damage_healed":0,"gold_gain":0,"player_choice":"Fled","damage_taken":0,"max_hp_gain":0,"max_hp_loss":0,"event_name":"Scrap Ooze","floor":14,"gold_loss":0},{"damage_healed":0,"gold_gain":0,"player_choice":"Inject Mutagens","damage_taken":0,"relics_obtained":["MutagenicStrength"],"max_hp_gain":0,"max_hp_loss":0,"event_name":"Drug Dealer","floor":21,"gold_loss":0}],"is_beta":false,"boss_relics":[{"not_picked":["Velvet Choker","Orrery"],"picked":"Runic Pyramid"}],"items_purged_floors":[4,12],"is_endless":false,"potions_floor_spawned":[3,11,13,16,18],"killed_by":"Sentry and Sphere","ascension_level":1}