{"gold_per_floor":[109,109,129,129,164,176,229,241,307,354,366,391,417,472,484,496],"floor_reached":16,"playtime":499,"items_purged":[],"score":228,"play_id":"fa1f31ea-e08f-440a-9d20-95ac2e8840fb","local_time":"20181128085656","is_ascension_mode":true,"campfire_choices":[{"data":"Bash","floor":6,"key":"SMITH"},{"floor":8,"key":"REST"},{"floor":11,"key":"REST"},{"floor":15,"key":"REST"}],"neow_cost":"NONE","seed_source_timestamp":1194018945410555,"circlet_count":0,"master_deck":["AscendersBane","Strike_R","Strike_R","Strike_R","Strike_R","Strike_R","Defend_R","Defend_R","Defend_R","Defend_R","Bash+1","Iron Wave","Cleave","Battle Trance","Reaper","Iron Wave","Pommel Strike","Power Through"],"relics":["Burning Blood","NeowsBlessing","Golden Idol","MawBank","Blood Vial","Boot","Calipers","Orichalcum"],"potions_floor_usage":[7,10,14],"damage_taken":[{"damage":0,"enemies":"Small Slimes","floor":1,"turns":1},{"damage":0,"enemies":"Jaw Worm","floor":3,"turns":1},{"damage":0,"enemies":"2 Louse","floor":5,"turns":1},{"damage":35,"enemies":"Lagavulin","floor":7,"turns":5},{"damage":40,"enemies":"3 Sentries","floor":10,"turns":9},{"damage":40,"enemies":"Exordium Thugs","floor":12,"turns":4},{"damage":2,"enemies":"Looter","floor":13,"turns":4},{"damage":25,"enemies":"Lagavulin","floor":14,"turns":7},{"damage":39,"enemies":"Hexaghost","floor":16,"turns":9}],"seed_played":"-6681737103289123288","potions_obtained":[{"floor":3,"key":"Strength Potion"},{"floor":7,"key":"SpeedPotion"},{"floor":13,"key":"Poison Potion"}],"is_trial":false,"path_per_floor":["M","?","M","?","M","R","E","R","T","E","R","M","M","E","R","B"],"character_chosen":"IRONCLAD","items_purchased":[],"campfire_rested":3,"item_purchase_floors":[],"current_hp_per_floor":[74,48,54,43,49,49,20,42,42,22,44,20,26,9,31,0],"gold":496,"neow_bonus":"THREE_ENEMY_KILL","is_prod":false,"is_daily":false,"chose_seed":false,"campfire_upgraded":1,"win_rate":0,"timestamp":1543413416,"path_taken":["M","?","M","?","?","R","E","R","T","E","R","M","M","E","R","BOSS"],"build_version":"2018-11-15","purchased_purges":0,"victory":false,"max_hp_per_floor":[75,75,75,75,75,75,75,75,75,75,75,75,75,75,75,75],"card_choices":[{"not_picked":["Rage","Armaments"],"picked":"Iron Wave","floor":1},{"not_picked":["Uppercut","Dual Wield"],"picked":"Cleave","floor":3},{"not_picked":["Armaments","Second Wind"],"picked":"Battle Trance","floor":5},{"not_picked":["Pommel Strike","Blood for Blood"],"picked":"Reaper","floor":7},{"not_picked":["Headbutt","Second Wind"],"picked":"Iron Wave","floor":10},{"not_picked":["Cleave","Thunderclap"],"picked":"Pommel Strike","floor":12},{"not_picked":["Intimidate","Entrench","Anger"],"picked":"SKIP","floor":13},{"not_picked":["Twin Strike","Rampage"],"picked":"Power Through","floor":14}],"player_experience":527297,"relics_obtained":[{"floor":7,"key":"Blood Vial"},{"floor":9,"key":"Boot"},{"floor":10,"key":"Calipers"},{"floor":14,"key":"Orichalcum"}],"event_choices":[{"damage_healed":0,"gold_gain":0,"player_choice":"Take Damage","damage_taken":26,"relics_obtained":["Golden Idol"],"max_hp_gain":0,"max_hp_loss":0,"event_name":"Golden Idol","floor":2,"gold_loss":0},{"damage_healed":0,"gold_gain":0,"player_choice":"Success","damage_taken":11,"relics_obtained":["MawBank"],"max_hp_gain":0,"max_hp_loss":0,"event_name":"Scrap Ooze","floor":4,"gold_loss":0}],"is_beta":false,"boss_relics":[],"items_purged_floors":[],"is_endless":false,"potions_floor_spawned":[3,7,13],"killed_by":"Hexaghost","ascension_level":18}