{"gold_per_floor":[360,360,360,378,394,394,394,394,394,394,494,528,543,561,561,561],"floor_reached":16,"playtime":619,"items_purged":[],"score":158,"play_id":"2bac43a4-e971-4cd1-a24a-264be19992eb","local_time":"20190306051359","is_ascension_mode":true,"campfire_choices":[{"data":"Bash","floor":6,"key":"SMITH"},{"data":"Iron Wave","floor":8,"key":"SMITH"},{"data":"Battle Trance","floor":10,"key":"SMITH"},{"data":"Immolate","floor":15,"key":"SMITH"}],"neow_cost":"TEN_PERCENT_HP_LOSS","seed_source_timestamp":11061310094237,"circlet_count":0,"master_deck":["AscendersBane","Strike_R","Strike_R","Strike_R","Strike_R","Strike_R","Defend_R","Defend_R","Defend_R","Bash+1","Iron Wave+1","Battle Trance+1","Immolate+1"],"relics":["Burning Blood","Meat on the Bone","Incense Burner"],"potions_floor_usage":[7,12],"damage_taken":[{"damage":0,"enemies":"Small Slimes","floor":1,"turns":3},{"damage":1,"enemies":"Cultist","floor":4,"turns":3},{"damage":0,"enemies":"2 Louse","floor":5,"turns":2},{"damage":0,"enemies":"Exordium Wildlife","floor":7,"turns":1},{"damage":17,"enemies":"Gremlin Nob","floor":12,"turns":4},{"damage":6,"enemies":"Looter","floor":13,"turns":3},{"damage":0,"enemies":"2 Fungi Beasts","floor":14,"turns":2},{"damage":76,"enemies":"Hexaghost","floor":16,"turns":9}],"seed_played":"3586764736806509203","potions_obtained":[{"floor":1,"key":"SmokeBomb"},{"floor":5,"key":"GamblersBrew"}],"is_trial":false,"path_per_floor":["M","?","?","M","M","R","M","R","T","R","?","E","M","M","R","B"],"character_chosen":"IRONCLAD","items_purchased":[],"campfire_rested":0,"item_purchase_floors":[],"current_hp_per_floor":[72,77,70,75,77,77,77,77,77,77,77,66,66,72,72,0],"gold":561,"neow_bonus":"TWO_FIFTY_GOLD","is_prod":false,"is_daily":false,"chose_seed":false,"campfire_upgraded":4,"win_rate":0,"timestamp":1551870839,"path_taken":["M","?","?","M","M","R","M","R","T","R","?","E","M","M","R","BOSS"],"build_version":"2019-01-23","purchased_purges":0,"victory":false,"max_hp_per_floor":[72,77,77,77,77,77,77,77,77,77,77,77,77,77,77,77],"card_choices":[{"not_picked":["Sever Soul","Rage","Fire Breathing"],"picked":"SKIP","floor":1},{"not_picked":["Pommel Strike","Sword Boomerang"],"picked":"Iron Wave","floor":4},{"not_picked":["Headbutt","Pommel Strike"],"picked":"Battle Trance","floor":5},{"not_picked":["Perfected Strike","Wild Strike"],"picked":"Immolate","floor":12},{"not_picked":["Headbutt","Pommel Strike","Wild Strike"],"picked":"SKIP","floor":13},{"not_picked":["Intimidate","Headbutt","Anger"],"picked":"SKIP","floor":14}],"player_experience":205287,"relics_obtained":[{"floor":9,"key":"Meat on the Bone"},{"floor":12,"key":"Incense Burner"}],"event_choices":[{"damage_healed":0,"gold_gain":0,"player_choice":"Donut","damage_taken":0,"max_hp_gain":5,"max_hp_loss":0,"event_name":"Big Fish","floor":2,"gold_loss":0},{"cards_removed":["Defend_R"],"damage_healed":0,"gold_gain":0,"player_choice":"Card Removal","damage_taken":7,"max_hp_gain":0,"max_hp_loss":0,"event_name":"Golden Wing","floor":3,"gold_loss":0},{"damage_healed":0,"gold_gain":100,"player_choice":"Pray","damage_taken":0,"max_hp_gain":0,"max_hp_loss":0,"event_name":"Golden Shrine","floor":11,"gold_loss":0}],"is_beta":false,"boss_relics":[],"items_purged_floors":[],"is_endless":false,"potions_floor_spawned":[1,5],"killed_by":"Hexaghost","ascension_level":11}