{"gold_per_floor":[15,27,44,54,72,72,97,97,97,97,97,108,108,122,122,224,224,244,263,263],"floor_reached":20,"playtime":2520,"items_purged":[],"score":203,"play_id":"d25494de-5512-4d02-831b-646ca4291f7f","local_time":"20190201124549","is_ascension_mode":false,"campfire_choices":[{"floor":6.0,"key":"REST"},{"floor":8.0,"key":"REST"},{"data":"Whirlwind","floor":15,"key":"SMITH"}],"neow_cost":"NO_GOLD","seed_source_timestamp":0,"circlet_count":0,"master_deck":["Strike_R","Strike_R","Strike_R","Strike_R","Defend_R","Defend_R","Defend_R","Defend_R","Bash","Armaments","Offering","Shockwave","True Grit","Battle Trance","Juggernaut","Headbutt","Whirlwind+1","Immolate","Rampage+1"],"special_seed":0,"relics":["Burning Blood","Bottled Lightning","Matryoshka","Pantograph","Darkstone Periapt","Empty Cage"],"potions_floor_usage":[16,16,16],"damage_taken":[{"damage":6.0,"enemies":"Cultist","floor":1.0,"turns":3.0},{"damage":1.0,"enemies":"Jaw Worm","floor":2.0,"turns":3.0},{"damage":4.0,"enemies":"Small Slimes","floor":3.0,"turns":4.0},{"damage":44.0,"enemies":"Exordium Thugs","floor":4.0,"turns":8.0},{"damage":11.0,"enemies":"Looter","floor":5.0,"turns":4.0},{"damage":62.0,"enemies":"Gremlin Nob","floor":7.0,"turns":6.0},{"damage":11,"enemies":"3 Louse","floor":12,"turns":5},{"damage":16,"enemies":"Exordium Wildlife","floor":14,"turns":5},{"damage":77,"enemies":"The Guardian","floor":16,"turns":13},{"damage":35,"enemies":"Shell Parasite","floor":18,"turns":5},{"damage":52,"enemies":"Chosen","floor":19,"turns":6},{"damage":31,"enemies":"Centurion and Healer","floor":20,"turns":7}],"seed_played":"4837422934315294902","potions_obtained":[{"floor":3.0,"key":"Swift Potion"},{"floor":5.0,"key":"SteroidPotion"},{"floor":7.0,"key":"BloodPotion"}],"is_trial":false,"path_per_floor":["M","M","M","M","M","R","E","R","T","T","?","M","?","M","R","B",null,"M","M","M"],"character_chosen":"IRONCLAD","items_purchased":[],"campfire_rested":2,"item_purchase_floors":[],"current_hp_per_floor":[96,96,96,58,53,81,25,53,53,53,85,80,86,76,76,40,102,73,27,0],"gold":263,"neow_bonus":"TWENTY_PERCENT_HP_BONUS","is_prod":false,"is_daily":false,"chose_seed":false,"campfire_upgraded":1,"win_rate":0.0,"timestamp":1548985549,"path_taken":["M","M","M","M","M","R","E","R","T","?","?","M","?","?","R","BOSS","M","M","M"],"build_version":"2019-01-23","purchased_purges":0,"victory":false,"max_hp_per_floor":[96,96,96,96,96,96,96,96,96,96,96,96,102,102,102,102,102,102,102,102],"card_choices":[{"not_picked":["Iron Wave","Heavy Blade"],"picked":"Armaments","floor":1.0},{"not_picked":["Perfected Strike","Cleave"],"picked":"Offering","floor":2.0},{"not_picked":["Armaments","Warcry"],"picked":"Shockwave","floor":3.0},{"not_picked":["Entrench","Clothesline"],"picked":"True Grit","floor":4.0},{"not_picked":["Sword Boomerang","Metallicize"],"picked":"Battle Trance","floor":5.0},{"not_picked":["Clash","True Grit"],"picked":"Juggernaut","floor":7.0},{"not_picked":["Clash","Iron Wave"],"picked":"Headbutt","floor":12},{"not_picked":["Dual Wield","Rage"],"picked":"Whirlwind","floor":14},{"not_picked":["Double Tap","Impervious"],"picked":"Immolate","floor":16},{"not_picked":["Flex","Rupture","Shockwave"],"picked":"SKIP","floor":18},{"not_picked":["Pommel Strike","Sentinel"],"picked":"Rampage+1","floor":19}],"player_experience":64615,"relics_obtained":[{"floor":7.0,"key":"Bottled Lightning"},{"floor":9.0,"key":"Matryoshka"},{"floor":10.0,"key":"Pantograph"},{"floor":10.0,"key":"Darkstone Periapt"}],"event_choices":[{"damage_healed":32.0,"max_hp_gain":0.0,"max_hp_loss":0.0,"gold_gain":0.0,"event_name":"Big Fish","player_choice":"Banana","floor":11.0,"gold_loss":0.0,"damage_taken":0.0},{"damage_healed":0,"gold_gain":0,"player_choice":"Cursed","damage_taken":0,"max_hp_gain":0,"max_hp_loss":0,"event_name":"Wheel of Change","floor":13,"gold_loss":0,"cards_obtained":["Decay"]}],"is_beta":false,"boss_relics":[{"not_picked":["Ectoplasm","Fusion Hammer"],"picked":"Empty Cage"}],"items_purged_floors":[],"is_endless":false,"potions_floor_spawned":[3,5,7,12],"killed_by":"Centurion and Healer","ascension_level":0}