{"gold_per_floor":[13,32,43,43,43,43,84,84,159,174,193,193,193,143,143,274,274,295,313,334,334],"floor_reached":21,"playtime":2519,"items_purged":[],"score":217,"play_id":"6d15e3ba-c87f-4972-87db-31e4e168d6db","local_time":"20190307201914","is_ascension_mode":true,"campfire_choices":[{"data":"Shrug It Off","floor":6,"key":"SMITH"},{"data":"Body Slam","floor":8,"key":"SMITH"},{"data":"Body Slam","floor":12,"key":"SMITH"},{"data":"Armaments","floor":15,"key":"SMITH"}],"neow_cost":"NO_GOLD","seed_source_timestamp":128997639700,"circlet_count":0,"master_deck":["Strike_R","Strike_R","Strike_R","Defend_R","Defend_R","Defend_R","Defend_R","Bash","Demon Form","Armaments+1","Body Slam+1","Shrug It Off+1","Injury","Feel No Pain","Body Slam+1","Searing Blow","Impervious","Heavy Blade","Headbutt"],"relics":["Burning Blood","Golden Idol","Bronze Scales","Sundial","Cursed Key"],"potions_floor_usage":[7,16,16,19],"damage_taken":[{"damage":14,"enemies":"Jaw Worm","floor":1,"turns":6},{"damage":1,"enemies":"Small Slimes","floor":2,"turns":4},{"damage":0,"enemies":"2 Louse","floor":3,"turns":3},{"damage":41,"enemies":"Gremlin Nob","floor":7,"turns":5},{"damage":3,"enemies":"2 Fungi Beasts","floor":10,"turns":4},{"damage":12,"enemies":"Exordium Thugs","floor":11,"turns":4},{"damage":38,"enemies":"The Guardian","floor":16,"turns":10},{"damage":27,"enemies":"Spheric Guardian","floor":18,"turns":6},{"damage":14,"enemies":"Shell Parasite","floor":19,"turns":4},{"damage":23,"enemies":"Snecko","floor":20,"turns":4},{"damage":51,"enemies":"Masked Bandits","floor":21,"turns":5}],"seed_played":"-4326526424371488566","potions_obtained":[{"floor":3,"key":"Weak Potion"},{"floor":7,"key":"LiquidBronze"},{"floor":10,"key":"Dexterity Potion"},{"floor":11,"key":"Explosive Potion"}],"is_trial":false,"path_per_floor":["M","M","M","?","$","R","E","R","T","M","M","R","?","?","R","B",null,"M","M","M","?"],"character_chosen":"IRONCLAD","items_purchased":[],"campfire_rested":0,"item_purchase_floors":[],"current_hp_per_floor":[72,77,80,80,80,80,45,45,45,48,42,42,42,42,42,10,80,59,51,34,0],"gold":334,"neow_bonus":"THREE_RARE_CARDS","is_prod":false,"is_daily":false,"chose_seed":false,"campfire_upgraded":4,"win_rate":0,"timestamp":1551950354,"path_taken":["M","M","M","?","$","R","E","R","T","M","M","R","?","?","R","BOSS","M","M","M","?"],"build_version":"2019-01-23","purchased_purges":0,"victory":false,"max_hp_per_floor":[80,80,80,80,80,80,80,80,80,80,80,80,80,80,80,80,80,80,80,80,80],"card_choices":[{"not_picked":["Dark Embrace","Berserk"],"picked":"Demon Form","floor":0},{"not_picked":["Wild Strike","Anger"],"picked":"Armaments","floor":1},{"not_picked":["Burning Pact","Seeing Red"],"picked":"Body Slam","floor":2},{"not_picked":["Havoc","Searing Blow"],"picked":"Shrug It Off","floor":3},{"not_picked":["Rage","Twin Strike"],"picked":"Feel No Pain","floor":7},{"not_picked":["Flex","Burning Pact"],"picked":"Body Slam","floor":10},{"not_picked":["Power Through","True Grit"],"picked":"Searing Blow","floor":11},{"not_picked":["Double Tap","Berserk"],"picked":"Impervious","floor":16},{"not_picked":["Evolve+1","Cleave"],"picked":"Heavy Blade","floor":18},{"not_picked":["Wild Strike","Clothesline"],"picked":"Headbutt","floor":19},{"not_picked":["Clash","Body Slam","Rage+1"],"picked":"SKIP","floor":20}],"player_experience":231018,"relics_obtained":[{"floor":7,"key":"Bronze Scales"},{"floor":9,"key":"Sundial"}],"event_choices":[{"damage_healed":0,"gold_gain":0,"player_choice":"Take Wound","damage_taken":0,"relics_obtained":["Golden Idol"],"max_hp_gain":0,"max_hp_loss":0,"event_name":"Golden Idol","floor":4,"gold_loss":0,"cards_obtained":["Injury"]},{"cards_removed":["Strike_R"],"damage_healed":0,"gold_gain":0,"player_choice":"Forget","damage_taken":0,"max_hp_gain":0,"max_hp_loss":0,"event_name":"Living Wall","floor":13,"gold_loss":0},{"cards_removed":["Strike_R"],"damage_healed":0,"gold_gain":0,"player_choice":"Card Removal","damage_taken":0,"max_hp_gain":0,"max_hp_loss":0,"event_name":"The Cleric","floor":14,"gold_loss":50},{"damage_healed":0,"gold_gain":0,"player_choice":"Fought Bandits","damage_taken":0,"max_hp_gain":0,"max_hp_loss":0,"event_name":"Masked Bandits","floor":21,"gold_loss":0}],"is_beta":false,"boss_relics":[{"not_picked":["Astrolabe","Runic Cube"],"picked":"Cursed Key"}],"items_purged_floors":[],"is_endless":false,"potions_floor_spawned":[3,7,10,11],"killed_by":"Masked Bandits","ascension_level":4}