{"gold_per_floor":[110,110,129,4,16,45,45,72,72,101,112,112,24,88,88,164,164,177,193,193,36,36,36,66,66,366,381,438,113,128,128,128,203,203,218,230,246,246,263,263,263],"floor_reached":41,"playtime":2946,"items_purged":["Strike_B","Normality"],"score":898,"play_id":"81261ee5-53f2-4b35-b313-f52d50e19719","local_time":"20190228102840","is_ascension_mode":true,"campfire_choices":[{"data":"Zap","floor":7,"key":"SMITH"},{"data":"Go for the Eyes","floor":12,"key":"SMITH"},{"data":"Defragment","floor":15,"key":"SMITH"},{"data":"Coolheaded","floor":23,"key":"SMITH"},{"data":"Zap","floor":25,"key":"SMITH"},{"floor":32,"key":"REST"},{"data":"FTL","floor":40,"key":"SMITH"}],"neow_cost":"NONE","seed_source_timestamp":3596328375742,"circlet_count":0,"master_deck":["AscendersBane","Defend_B","Defend_B","Defend_B","Defend_B","Zap+1","Dualcast","Gash","Go for the Eyes+1","Cold Snap","Compile Driver","Reinforced Body","Coolheaded+1","Conserve Battery","Darkness","Defragment+1","FTL+1","Electrodynamics","Cold Snap+1","Zap+1","FTL+1","Core Surge","Regret","Buffer+1","Hyperbeam+1","Steam+1","Aggregate+1","Undo"],"relics":["Cracked Core","NeowsBlessing","CultistMask","Boot","Mango","Meat on the Bone","Centennial Puzzle","FossilizedHelix","Cursed Key","PreservedInsect","Bag of Marbles","Old Coin","Tiny Chest","Potion Belt","Mercury Hourglass","Astrolabe"],"potions_floor_usage":[6,8,14,14,28,33,33,33],"damage_taken":[{"damage":0,"enemies":"Jaw Worm","floor":1,"turns":1},{"damage":0,"enemies":"Cultist","floor":3,"turns":1},{"damage":0,"enemies":"2 Louse","floor":5,"turns":1},{"damage":9,"enemies":"3 Sentries","floor":6,"turns":10},{"damage":11,"enemies":"Lagavulin","floor":8,"turns":6},{"damage":36,"enemies":"Gremlin Nob","floor":10,"turns":5},{"damage":0,"enemies":"Blue Slaver","floor":11,"turns":3},{"damage":6,"enemies":"Lagavulin Event","floor":14,"turns":5},{"damage":33,"enemies":"Hexaghost","floor":16,"turns":10},{"damage":5,"enemies":"Shell Parasite","floor":18,"turns":5},{"damage":0,"enemies":"3 Byrds","floor":19,"turns":2},{"damage":22,"enemies":"Gremlin Leader","floor":24,"turns":5},{"damage":12,"enemies":"Snake Plant","floor":27,"turns":3},{"damage":24,"enemies":"Book of Stabbing","floor":28,"turns":5},{"damage":9,"enemies":"Centurion and Healer","floor":30,"turns":6},{"damage":45,"enemies":"Collector","floor":33,"turns":13},{"damage":0,"enemies":"Orb Walker","floor":35,"turns":3},{"damage":0,"enemies":"3 Shapes","floor":36,"turns":4},{"damage":42,"enemies":"Spire Growth","floor":37,"turns":7},{"damage":12,"enemies":"4 Shapes","floor":39,"turns":8},{"damage":54,"enemies":"Giant Head","floor":41,"turns":8}],"seed_played":"-1155673695010165856","potions_obtained":[{"floor":3,"key":"EssenceOfSteel"},{"floor":6,"key":"Poison Potion"},{"floor":10,"key":"Strength Potion"},{"floor":11,"key":"Ancient Potion"},{"floor":16,"key":"Ancient Potion"},{"floor":18,"key":"Energy Potion"},{"floor":24,"key":"SkillPotion"},{"floor":28,"key":"SkillPotion"},{"floor":36,"key":"Poison Potion"}],"is_trial":false,"path_per_floor":["M","?","M","$","M","E","R","E","T","E","M","R","$","?","R","B",null,"M","M","?","$","?","R","E","R","T","M","E","$","M","T","R","B",null,"M","M","M","?","M","R","E"],"character_chosen":"DEFECT","items_purchased":["Cold Snap","Defragment","PreservedInsect","Potion Belt","Swift Potion"],"campfire_rested":1,"item_purchase_floors":[4,13,21,29,29],"current_hp_per_floor":[64,64,64,64,64,55,55,58,58,34,46,46,46,52,52,31,72,67,67,67,67,67,67,45,45,45,45,33,33,36,36,61,28,71,71,71,41,41,41,41,0],"gold":263,"neow_bonus":"THREE_ENEMY_KILL","is_prod":false,"is_daily":false,"chose_seed":false,"campfire_upgraded":6,"win_rate":0,"timestamp":1551367720,"path_taken":["M","?","M","$","?","E","R","E","T","E","M","R","$","?","R","BOSS","M","M","?","?","?","R","E","R","T","?","E","$","?","?","R","BOSS","M","?","?","?","M","R","E"],"build_version":"2019-01-23","purchased_purges":2,"victory":false,"max_hp_per_floor":[71,71,71,71,71,71,71,85,85,85,85,85,85,85,85,85,85,85,85,85,85,85,85,85,85,85,85,85,85,85,85,85,85,85,85,85,85,85,85,85,85],"card_choices":[{"not_picked":["Turbo","Streamline"],"picked":"Gash","floor":1},{"not_picked":["Lockon","BootSequence"],"picked":"Go for the Eyes","floor":3},{"not_picked":["Chill","FTL"],"picked":"Compile Driver","floor":5},{"not_picked":["Turbo","Multi-Cast"],"picked":"Reinforced Body","floor":6},{"not_picked":["Tempest","Conserve Battery"],"picked":"Coolheaded","floor":8},{"not_picked":["Compile Driver","Melter"],"picked":"Conserve Battery","floor":10},{"not_picked":["Beam Cell","Stack"],"picked":"Darkness","floor":11},{"not_picked":["Scrape","Coolheaded"],"picked":"FTL","floor":14},{"not_picked":["Echo Form","Buffer"],"picked":"Electrodynamics","floor":16},{"not_picked":["Double Energy","Reprogram","Gash"],"picked":"SKIP","floor":18},{"not_picked":["Darkness","Go for the Eyes"],"picked":"Cold Snap+1","floor":19},{"not_picked":["Go for the Eyes","Amplify"],"picked":"FTL+1","floor":24},{"not_picked":["Turbo+1","Ball Lightning","Gash+1"],"picked":"SKIP","floor":27},{"not_picked":["Hyperbeam","Reprogram+1"],"picked":"Core Surge","floor":28},{"not_picked":["Cold Snap","Redo","Leap"],"picked":"SKIP","floor":30},{"not_picked":["Thunder Strike","Rainbow"],"picked":"Buffer","floor":33},{"not_picked":["Chaos+1","Redo","Sunder"],"picked":"SKIP","floor":35},{"not_picked":["Streamline","Gash+1","Auto Shields+1"],"picked":"SKIP","floor":36},{"not_picked":["Rip and Tear","Steam+1"],"picked":"Undo","floor":37},{"not_picked":["FTL","Beam Cell+1","Electrodynamics"],"picked":"SKIP","floor":39}],"player_experience":724212,"relics_obtained":[{"floor":6,"key":"Boot"},{"floor":8,"key":"Mango"},{"floor":9,"key":"Meat on the Bone"},{"floor":10,"key":"Centennial Puzzle"},{"floor":14,"key":"FossilizedHelix"},{"floor":24,"key":"Bag of Marbles"},{"floor":26,"key":"Old Coin"},{"floor":28,"key":"Tiny Chest"},{"floor":31,"key":"Mercury Hourglass"}],"event_choices":[{"damage_healed":0,"gold_gain":0,"player_choice":"Trade","damage_taken":0,"relics_obtained":["CultistMask"],"max_hp_gain":0,"max_hp_loss":0,"event_name":"FaceTrader","floor":2,"gold_loss":0},{"damage_healed":0,"gold_gain":30,"player_choice":"Searched \u00272\u0027 times","damage_taken":0,"max_hp_gain":0,"max_hp_loss":0,"event_name":"Dead Adventurer","floor":14,"gold_loss":0},{"damage_healed":0,"gold_gain":0,"player_choice":"1 cards matched","damage_taken":0,"max_hp_gain":0,"max_hp_loss":0,"event_name":"Match and Keep!","floor":20,"gold_loss":0,"cards_obtained":["Zap"]},{"damage_healed":0,"gold_gain":0,"player_choice":"1 cards matched","damage_taken":0,"max_hp_gain":0,"max_hp_loss":0,"event_name":"Match and Keep!","floor":20,"gold_loss":0,"cards_obtained":["Zap"]},{"damage_healed":0,"gold_gain":0,"player_choice":"Forge","damage_taken":0,"max_hp_gain":0,"max_hp_loss":0,"event_name":"Accursed Blacksmith","floor":38,"gold_loss":0,"cards_upgraded":["Buffer"]}],"is_beta":false,"boss_relics":[{"not_picked":["Runic Dome","FrozenCore"],"picked":"Cursed Key"},{"not_picked":["Black Star","Velvet Choker"],"picked":"Astrolabe"}],"items_purged_floors":[4,29],"is_endless":false,"potions_floor_spawned":[3,6,10,11,16,18,24,28,36],"killed_by":"Giant Head","ascension_level":20}