{"gold_per_floor":[109,123,273,329,14,14,38,38,38,50,50,81,98,127,127,202,202,221,238,238,254,264,264,264],"floor_reached":24,"playtime":896,"items_purged":["Doubt"],"score":412,"play_id":"c64bea9c-890a-4870-b94e-3f80a3d1614a","local_time":"20181129103230","is_ascension_mode":true,"campfire_choices":[{"data":"Bash","floor":6,"key":"SMITH"},{"data":"Inflame","floor":8,"key":"SMITH"},{"data":"Metallicize","floor":11,"key":"SMITH"},{"data":"Whirlwind","floor":15,"key":"SMITH"},{"floor":23,"key":"REST"}],"neow_cost":"NONE","seed_source_timestamp":1285753863615604,"circlet_count":0,"master_deck":["AscendersBane","Strike_R","Strike_R","Strike_R","Strike_R","Defend_R","Defend_R","Defend_R","Defend_R","Bash+1","Sever Soul","Inflame+1","Reckless Charge","Metallicize+1","Whirlwind+1","Ghostly Armor","Iron Wave","Offering","Flame Barrier","Disarm+1","Necronomicurse","Warcry","Body Slam+1","Flame Barrier"],"relics":["Burning Blood","Membership Card","Dream Catcher","Darkstone Periapt","Ornamental Fan","Kunai","Mark of Pain","Necronomicon"],"potions_floor_usage":[12,14,14,24],"damage_taken":[{"damage":5,"enemies":"2 Louse","floor":1,"turns":4},{"damage":14,"enemies":"Jaw Worm","floor":2,"turns":4},{"damage":0,"enemies":"Cultist","floor":10,"turns":2},{"damage":12,"enemies":"Gremlin Nob","floor":12,"turns":4},{"damage":16,"enemies":"2 Fungi Beasts","floor":13,"turns":3},{"damage":12,"enemies":"Lagavulin","floor":14,"turns":7},{"damage":41,"enemies":"Slime Boss","floor":16,"turns":13},{"damage":15,"enemies":"3 Byrds","floor":18,"turns":4},{"damage":14,"enemies":"Shell Parasite","floor":19,"turns":5},{"damage":6,"enemies":"3 Cultists","floor":21,"turns":3},{"damage":16,"enemies":"Snake Plant","floor":22,"turns":3},{"damage":59,"enemies":"Gremlin Leader","floor":24,"turns":7}],"seed_played":"1114003773082740915","potions_obtained":[{"floor":1,"key":"SpeedPotion"},{"floor":13,"key":"Regen Potion"},{"floor":14,"key":"SpeedPotion"},{"floor":19,"key":"SkillPotion"},{"floor":22,"key":"SmokeBomb"}],"is_trial":false,"path_per_floor":["M","M","?","?","$","R","T","R","T","M","R","E","M","E","R","B",null,"M","M","?","M","M","R","E"],"character_chosen":"IRONCLAD","items_purchased":["Membership Card","Block Potion","Reckless Charge"],"campfire_rested":1,"item_purchase_floors":[5,5,5],"current_hp_per_floor":[69,61,61,61,61,61,61,61,61,67,67,61,51,60,60,25,63,54,46,31,31,21,45,0],"gold":264,"neow_bonus":"REMOVE_CARD","is_prod":false,"is_daily":false,"chose_seed":false,"campfire_upgraded":4,"win_rate":0,"timestamp":1543505550,"path_taken":["M","M","?","?","?","R","?","R","T","M","R","E","M","E","R","BOSS","M","M","?","M","M","R","E"],"build_version":"2018-11-15","purchased_purges":1,"victory":false,"max_hp_per_floor":[75,75,75,75,75,75,75,75,75,75,75,75,75,75,75,75,75,75,75,81,81,81,81,81],"card_choices":[{"not_picked":["Entrench","Pommel Strike"],"picked":"Sever Soul","floor":1},{"not_picked":["Flame Barrier","Heavy Blade"],"picked":"Inflame","floor":2},{"not_picked":["Corruption","Perfected Strike"],"picked":"Metallicize","floor":10},{"not_picked":["Searing Blow","Fire Breathing"],"picked":"Whirlwind","floor":12},{"not_picked":["Warcry","Thunderclap"],"picked":"Ghostly Armor","floor":13},{"not_picked":["Havoc","Flex"],"picked":"Iron Wave","floor":14},{"not_picked":["Limit Break","Barricade"],"picked":"Offering","floor":16},{"not_picked":["Clothesline","Thunderclap"],"picked":"Flame Barrier","floor":18},{"not_picked":["Heavy Blade","Power Through"],"picked":"Disarm+1","floor":19},{"not_picked":["Entrench","Sword Boomerang"],"picked":"Warcry","floor":21},{"not_picked":["Carnage","Clash"],"picked":"Body Slam+1","floor":22},{"not_picked":["Infernal Blade","Warcry"],"picked":"Flame Barrier","floor":23}],"player_experience":539978,"relics_obtained":[{"floor":7,"key":"Dream Catcher"},{"floor":9,"key":"Darkstone Periapt"},{"floor":12,"key":"Ornamental Fan"},{"floor":14,"key":"Kunai"},{"floor":20,"key":"Necronomicon"}],"event_choices":[{"damage_healed":0,"gold_gain":150,"player_choice":"AGREE","damage_taken":0,"max_hp_gain":0,"max_hp_loss":0,"event_name":"Liars Game","floor":3,"gold_loss":0,"cards_obtained":["Doubt"]},{"damage_healed":0,"gold_gain":56,"player_choice":"Gained Gold","damage_taken":0,"max_hp_gain":0,"max_hp_loss":0,"event_name":"Golden Wing","floor":4,"gold_loss":0},{"damage_healed":0,"gold_gain":0,"player_choice":"Obtained Book","damage_taken":21,"max_hp_gain":0,"max_hp_loss":0,"event_name":"Cursed Tome","floor":20,"gold_loss":0}],"is_beta":false,"boss_relics":[{"not_picked":["Cursed Key","Runic Dome"],"picked":"Mark of Pain"}],"items_purged_floors":[5],"is_endless":false,"potions_floor_spawned":[1,13,14,19,22],"killed_by":"Gremlin Leader","ascension_level":20}