{"gold_per_floor":[116,291,20,32,45,45,72,90,90,90,105,105,105,124,124,226,226,214,93,26,26,26,26,41,41,41,57,68,68,79,79,79,182,182,194,27,39,39,55,55,71,71,71,71,91,91,0,0,0,0],"floor_reached":50,"playtime":3267,"items_purged":["Doubt"],"score":685,"play_id":"21861e25-fd05-4993-99c5-d866d27d3312","local_time":"20190306042640","is_ascension_mode":true,"campfire_choices":[{"data":"Clothesline","floor":6,"key":"SMITH"},{"data":"Armaments","floor":10,"key":"SMITH"},{"data":"Shrug It Off","floor":13,"key":"SMITH"},{"data":"True Grit","floor":15,"key":"SMITH"},{"data":"Metallicize","floor":23,"key":"SMITH"},{"data":"Uppercut","floor":25,"key":"SMITH"},{"data":"Bludgeon","floor":29,"key":"SMITH"},{"data":"Inflame","floor":32,"key":"SMITH"},{"data":"Demon Form","floor":40,"key":"SMITH"},{"floor":42,"key":"REST"},{"floor":49,"key":"REST"}],"neow_cost":"NONE","seed_source_timestamp":5562465783782,"circlet_count":0,"master_deck":["AscendersBane","Strike_R","Strike_R","Strike_R","Strike_R","Strike_R","Defend_R","Defend_R","Defend_R","Defend_R","Bash+1","Shrug It Off+1","Clothesline+1","Armaments+1","True Grit+1","Bludgeon+1","Shrug It Off","Uppercut+1","Metallicize+1","Pommel Strike+1","Inflame+1","Demon Form+1","Secret Technique+1","True Grit+1","Forethought+1","Pommel Strike+1","Power Through+1"],"relics":["Burning Blood","Oddly Smooth Stone","Du-Vu Doll","Dodecahedron","Sundial","Philosopher\u0027s Stone","Toxic Egg 2","MutagenicStrength","Mark of Pain","Kunai","Red Mask"],"potions_floor_usage":[7,7,30,50,50],"damage_taken":[{"damage":7,"enemies":"Small Slimes","floor":1,"turns":4},{"damage":0,"enemies":"Cultist","floor":4,"turns":3},{"damage":0,"enemies":"2 Louse","floor":5,"turns":3},{"damage":8,"enemies":"Gremlin Nob","floor":7,"turns":4},{"damage":18,"enemies":"Exordium Thugs","floor":8,"turns":6},{"damage":2,"enemies":"Looter","floor":11,"turns":4},{"damage":7,"enemies":"3 Louse","floor":14,"turns":4},{"damage":30,"enemies":"The Guardian","floor":16,"turns":14},{"damage":14,"enemies":"2 Thieves","floor":18,"turns":4},{"damage":3,"enemies":"Spheric Guardian","floor":24,"turns":5},{"damage":11,"enemies":"Chosen and Byrds","floor":27,"turns":7},{"damage":0,"enemies":"Centurion and Healer","floor":28,"turns":6},{"damage":21,"enemies":"3 Cultists","floor":30,"turns":8},{"damage":68,"enemies":"Collector","floor":33,"turns":13},{"damage":13,"enemies":"3 Darklings","floor":35,"turns":9},{"damage":0,"enemies":"3 Shapes","floor":37,"turns":6},{"damage":14,"enemies":"Spire Growth","floor":39,"turns":7},{"damage":8,"enemies":"Maw","floor":41,"turns":8},{"damage":21,"enemies":"Jaw Worm Horde","floor":45,"turns":6},{"damage":93,"enemies":"Donu and Deca","floor":50,"turns":7}],"seed_played":"-5930137848094769897","potions_obtained":[{"floor":1,"key":"Block Potion"},{"floor":5,"key":"Strength Potion"},{"floor":8,"key":"PowerPotion"},{"floor":27,"key":"Regen Potion"},{"floor":37,"key":"Strength Potion"},{"floor":39,"key":"BloodPotion"}],"is_trial":false,"path_per_floor":["M","?","$","M","M","R","E","M","T","R","M","?","R","M","R","B",null,"M","$","$","?","?","R","M","R","T","M","M","R","M","?","R","B",null,"M","$","M","?","M","R","M","R","T","$","M","?","?","$","R","B"],"character_chosen":"IRONCLAD","items_purchased":["Oddly Smooth Stone","Shrug It Off","Shrug It Off","Uppercut","Metallicize","Secret Technique+1"],"campfire_rested":2,"item_purchase_floors":[3,3,19,19,20,36],"current_hp_per_floor":[71,71,71,77,80,80,78,66,66,66,70,70,70,69,69,45,71,63,63,63,63,80,80,80,80,80,75,80,80,80,80,80,18,65,58,58,64,64,56,56,54,78,78,78,63,63,63,63,80,0],"gold":0,"neow_bonus":"UPGRADE_CARD","is_prod":false,"is_daily":false,"chose_seed":false,"campfire_upgraded":9,"win_rate":0,"timestamp":1551868000,"path_taken":["M","?","$","M","M","R","E","M","T","R","M","?","R","M","R","BOSS","M","?","$","?","?","R","M","R","T","M","M","R","M","?","R","BOSS","M","$","M","?","M","R","M","R","T","?","M","?","?","?","R","BOSS"],"build_version":"2019-01-23","purchased_purges":1,"victory":false,"max_hp_per_floor":[80,80,80,80,80,80,80,80,80,80,80,80,80,80,80,80,80,80,80,80,80,80,80,80,80,80,80,80,80,80,80,80,80,80,80,80,80,80,80,80,80,80,80,80,80,80,80,80,80,80],"card_choices":[{"not_picked":["Anger","Havoc","Pummel"],"picked":"SKIP","floor":1},{"not_picked":["Body Slam","Iron Wave"],"picked":"Clothesline","floor":4},{"not_picked":["Thunderclap","Bludgeon","Warcry"],"picked":"SKIP","floor":5},{"not_picked":["Clash","Clothesline"],"picked":"Armaments","floor":7},{"not_picked":["Wild Strike","Body Slam","Power Through"],"picked":"SKIP","floor":8},{"not_picked":["Power Through","Wild Strike","Clothesline"],"picked":"SKIP","floor":11},{"not_picked":["Infernal Blade","Metallicize"],"picked":"True Grit","floor":14},{"not_picked":["Offering","Berserk"],"picked":"Bludgeon","floor":16},{"not_picked":["True Grit","Heavy Blade","Burning Pact"],"picked":"SKIP","floor":18},{"not_picked":["Carnage","True Grit"],"picked":"Pommel Strike+1","floor":24},{"not_picked":["Warcry+1","Armaments+1","Cleave"],"picked":"SKIP","floor":27},{"not_picked":["Thunderclap+1","Flex+1","Cleave"],"picked":"SKIP","floor":28},{"not_picked":["Flex+1","Perfected Strike"],"picked":"Inflame","floor":30},{"not_picked":["Bludgeon","Dark Embrace"],"picked":"Demon Form","floor":33},{"not_picked":["Cleave+1","Twin Strike+1","Sever Soul"],"picked":"SKIP","floor":35},{"not_picked":["Wild Strike","Hemokinesis+1"],"picked":"True Grit+1","floor":37},{"not_picked":["Shockwave+1","Dropkick+1"],"picked":"Pommel Strike+1","floor":39},{"not_picked":["Thunderclap","Dual Wield+1","Anger"],"picked":"SKIP","floor":41},{"not_picked":["Anger+1","Perfected Strike+1"],"picked":"Power Through+1","floor":45}],"player_experience":199828,"relics_obtained":[{"floor":7,"key":"Du-Vu Doll"},{"floor":9,"key":"Dodecahedron"},{"floor":26,"key":"Toxic Egg 2"},{"floor":43,"key":"Kunai"}],"event_choices":[{"damage_healed":0,"gold_gain":175,"player_choice":"AGREE","damage_taken":0,"max_hp_gain":0,"max_hp_loss":0,"event_name":"Liars Game","floor":2,"gold_loss":0,"cards_obtained":["Doubt"]},{"damage_healed":0,"gold_gain":0,"player_choice":"Gave Potion","damage_taken":0,"relics_obtained":["Sundial"],"max_hp_gain":0,"max_hp_loss":0,"event_name":"WeMeetAgain","floor":12,"gold_loss":0},{"damage_healed":0,"gold_gain":0,"player_choice":"Ignored","damage_taken":0,"max_hp_gain":0,"max_hp_loss":0,"event_name":"Vampires","floor":21,"gold_loss":0},{"damage_healed":26,"gold_gain":0,"player_choice":"Heal","damage_taken":0,"max_hp_gain":0,"max_hp_loss":0,"event_name":"The Library","floor":22,"gold_loss":0},{"damage_healed":0,"gold_gain":0,"player_choice":"Inject Mutagens","damage_taken":0,"relics_obtained":["MutagenicStrength"],"max_hp_gain":0,"max_hp_loss":0,"event_name":"Drug Dealer","floor":31,"gold_loss":0},{"damage_healed":0,"gold_gain":0,"player_choice":"1 cards matched","damage_taken":0,"max_hp_gain":0,"max_hp_loss":0,"event_name":"Match and Keep!","floor":38,"gold_loss":0,"cards_obtained":["Forethought"]},{"damage_healed":0,"gold_gain":0,"player_choice":"Ignored","damage_taken":0,"max_hp_gain":0,"max_hp_loss":0,"event_name":"Mysterious Sphere","floor":46,"gold_loss":0},{"damage_healed":0,"gold_gain":0,"player_choice":"Paid","damage_taken":0,"relics_obtained":["Red Mask"],"max_hp_gain":0,"max_hp_loss":0,"event_name":"Tomb of Lord Red Mask","floor":47,"gold_loss":91}],"is_beta":false,"boss_relics":[{"not_picked":["Snecko Eye","Astrolabe"],"picked":"Philosopher\u0027s Stone"},{"not_picked":["Calling Bell","Orrery"],"picked":"Mark of Pain"}],"items_purged_floors":[3],"is_endless":false,"potions_floor_spawned":[1,5,8,27,37,39],"killed_by":"Donu and Deca","ascension_level":11}