{"gold_per_floor":[112,62,72,72,86,86,102,131,131,131,143,143,177,190,190,290,290,302,335,43,43,43,43,77,177,200,230,230,230,248,266,266,370,370,380,480,123,134,148,179,179,199,226,226,136,151,185,185,185,185,185,185,30,55,55],"floor_reached":56,"playtime":2444,"items_purged":["Strike_R","Strike_R","Decay","Clumsy"],"score":1523,"play_id":"c08926cf-b05a-4311-bacd-461c2a768107","local_time":"20190301170244","is_ascension_mode":true,"campfire_choices":[{"data":"Armaments","floor":6.0,"key":"SMITH"},{"data":"Spot Weakness","floor":10.0,"key":"SMITH"},{"data":"Iron Wave","floor":12.0,"key":"SMITH"},{"data":"Twin Strike","floor":15.0,"key":"SMITH"},{"floor":23.0,"key":"REST"},{"floor":28.0,"key":"REST"},{"floor":32.0,"key":"REST"},{"floor":41.0,"key":"RECALL"},{"data":"Heavy Blade","floor":49,"key":"SMITH"},{"floor":52,"key":"REST"}],"neow_cost":"NONE","seed_source_timestamp":237186667984416,"circlet_count":0,"master_deck":["Strike_R","Defend_R","Defend_R","Defend_R+1","Defend_R+1","Bash+1","Twin Strike+1","Cleave","Armaments+1","Spot Weakness+1","Iron Wave+1","True Grit+1","Warcry+1","Clothesline","Apotheosis+1","Flex+1","Necronomicurse","Body Slam+1","Sword Boomerang+1","Pummel+1","Heavy Blade+1","Havoc+1","Impervious+1","Inflame+1","Shrug It Off+1","Disarm+1","Flame Barrier+1","Heavy Blade+1","Warcry+1","Madness+1","Madness+1","Battle Trance+1","Shockwave+1","Pummel+1"],"special_seed":0,"relics":["Burning Blood","Mango","Ornamental Fan","Toxic Egg 2","Cursed Key","Red Mask","Necronomicon","Question Card","Pocketwatch","Paper Frog","Dodecahedron","Frozen Egg 2","Runic Pyramid","ClockworkSouvenir","Bronze Scales","Smiling Mask","Molten Egg 2","War Paint"],"potions_floor_usage":[54,55],"damage_taken":[{"damage":6.0,"enemies":"Cultist","floor":1.0,"turns":3.0},{"damage":3.0,"enemies":"Small Slimes","floor":3.0,"turns":5.0},{"damage":0.0,"enemies":"2 Louse","floor":5.0,"turns":2.0},{"damage":0.0,"enemies":"2 Fungi Beasts","floor":7.0,"turns":3.0},{"damage":25.0,"enemies":"Gremlin Nob","floor":8.0,"turns":4.0},{"damage":6.0,"enemies":"Blue Slaver","floor":11.0,"turns":5.0},{"damage":10.0,"enemies":"3 Sentries","floor":13.0,"turns":5.0},{"damage":10.0,"enemies":"3 Louse","floor":14.0,"turns":2.0},{"damage":53.0,"enemies":"Hexaghost","floor":16.0,"turns":9.0},{"damage":15.0,"enemies":"Shell Parasite","floor":18.0,"turns":5.0},{"damage":14.0,"enemies":"Masked Bandits","floor":19.0,"turns":3.0},{"damage":19.0,"enemies":"Slavers","floor":24.0,"turns":7.0},{"damage":8.0,"enemies":"Colosseum Slavers","floor":25.0,"turns":4.0},{"damage":4.0,"enemies":"Colosseum Nobs","floor":25.0,"turns":5.0},{"damage":37.0,"enemies":"Book of Stabbing","floor":27.0,"turns":6.0},{"damage":2.0,"enemies":"3 Byrds","floor":30.0,"turns":3.0},{"damage":0.0,"enemies":"Snecko","floor":31.0,"turns":3.0},{"damage":17.0,"enemies":"Champ","floor":33.0,"turns":7.0},{"damage":15.0,"enemies":"3 Darklings","floor":35.0,"turns":5.0},{"damage":0.0,"enemies":"Orb Walker","floor":38.0,"turns":2.0},{"damage":12.0,"enemies":"Transient","floor":39.0,"turns":5.0},{"damage":0.0,"enemies":"Nemesis","floor":40.0,"turns":3.0},{"damage":0.0,"enemies":"Writhing Mass","floor":42.0,"turns":4.0},{"damage":2.0,"enemies":"Spire Growth","floor":46.0,"turns":4.0},{"damage":4.0,"enemies":"Giant Head","floor":47.0,"turns":6.0},{"damage":33,"enemies":"Donu and Deca","floor":50,"turns":5},{"damage":31,"enemies":"Shield and Spear","floor":54,"turns":3},{"damage":62,"enemies":"The Heart","floor":55,"turns":8}],"seed_played":"-2846518334962454638","potions_obtained":[{"floor":3.0,"key":"Poison Potion"},{"floor":8.0,"key":"Weak Potion"},{"floor":13.0,"key":"PowerPotion"},{"floor":16.0,"key":"BloodPotion"},{"floor":19.0,"key":"GamblersBrew"},{"floor":27.0,"key":"Regen Potion"},{"floor":30.0,"key":"Energy Potion"},{"floor":39.0,"key":"Energy Potion"},{"floor":42.0,"key":"FearPotion"}],"is_trial":false,"path_per_floor":["M","?","M","?","M","R","M","E","T","R","M","R","E","M","R","B",null,"M","?","$","?","?","R","E","?","T","E","R","?","M","M","R","B",null,"M","?","$","M","M","E","R","M","T","?","$","M","E","?","R","B",null,"R","$","E","B",null],"character_chosen":"IRONCLAD","items_purchased":["Apotheosis+1","Flex+1","ClockworkSouvenir","Shrug It Off+1","Battle Trance+1","Shockwave+1","Pummel+1"],"campfire_rested":4,"item_purchase_floors":[20,20,37,37,45,53,53],"current_hp_per_floor":[80,80,80,73,79,79,80,75,75,75,75,75,71,67,67,20,76,67,59,59,59,43,71,58,58,58,27,55,55,59,65,93,82,91,82,82,82,88,94,94,94,94,94,82,82,86,88,88,88,61,86,94,94,78,22],"gold":55,"neow_bonus":"UPGRADE_CARD","is_prod":false,"is_daily":false,"chose_seed":false,"campfire_upgraded":5,"win_rate":0,"timestamp":1551456164,"path_taken":["M","?","M","?","M","R","M","E","T","R","M","R","E","M","R","BOSS","M","?","$","?","?","R","E","?","T","E","R","?","M","M","R","BOSS","M","?","$","M","M","E","R","?","T","?","$","M","E","?","R","BOSS","R","$","E","BOSS"],"build_version":"2019-01-23","purchased_purges":4,"victory":true,"max_hp_per_floor":[80,80,80,80,80,80,80,94,94,94,94,94,94,94,94,94,94,94,94,94,94,94,94,94,94,94,94,94,94,94,94,94,94,94,94,94,94,94,94,94,94,94,94,94,94,94,94,94,94,94,94,94,94,94,94],"card_choices":[{"not_picked":["True Grit","Warcry"],"picked":"Twin Strike","floor":1.0},{"not_picked":["Headbutt","Limit Break"],"picked":"Cleave","floor":3.0},{"not_picked":["Perfected Strike","True Grit"],"picked":"Armaments","floor":5.0},{"not_picked":["Pommel Strike","Havoc","Thunderclap"],"picked":"SKIP","floor":7.0},{"not_picked":["Sentinel","Sword Boomerang"],"picked":"Spot Weakness","floor":8.0},{"not_picked":["Pommel Strike","Hemokinesis"],"picked":"Iron Wave","floor":11.0},{"not_picked":["Searing Blow","Havoc"],"picked":"True Grit","floor":13.0},{"not_picked":["Wild Strike","Second Wind+1","Spot Weakness+1"],"picked":"SKIP","floor":14.0},{"not_picked":["Dark Embrace","Brutality"],"picked":"Barricade","floor":16.0},{"not_picked":["Fire Breathing","Dual Wield+1"],"picked":"Warcry+1","floor":18.0},{"not_picked":["Infernal Blade+1","Feel No Pain+1"],"picked":"Clothesline","floor":19.0},{"not_picked":["Ghostly Armor+1","Dropkick+1"],"picked":"Body Slam+1","floor":24.0},{"not_picked":["Flex+1","True Grit+1","Feel No Pain"],"picked":"Sword Boomerang+1","floor":25.0},{"not_picked":["Wild Strike+1","Rampage","Sever Soul"],"picked":"Pummel+1","floor":27.0},{"not_picked":["Cleave","Flex+1","Immolate"],"picked":"Heavy Blade","floor":30.0},{"not_picked":["Uppercut","Perfected Strike+1","Heavy Blade"],"picked":"Havoc+1","floor":31.0},{"not_picked":["Immolate","Fiend Fire","Bludgeon"],"picked":"Impervious+1","floor":33.0},{"not_picked":["Cleave","Whirlwind","Flex+1"],"picked":"Inflame+1","floor":35.0},{"not_picked":["Rampage","Battle Trance+1","Thunderclap"],"picked":"Disarm+1","floor":38.0},{"not_picked":["Feel No Pain+1","Dual Wield+1","Headbutt"],"picked":"Flame Barrier+1","floor":39.0},{"not_picked":["Wild Strike","Uppercut","Intimidate+1"],"picked":"Heavy Blade+1","floor":40.0},{"not_picked":["Heavy Blade+1","Feel No Pain+1","Hemokinesis"],"picked":"Warcry+1","floor":42.0},{"not_picked":["Metallicize+1","Twin Strike+1","Cleave","Shrug It Off+1"],"picked":"SKIP","floor":46.0},{"not_picked":["Body Slam+1","Pommel Strike","Thunderclap+1","Armaments+1"],"picked":"SKIP","floor":47.0},{"not_picked":["Pommel Strike+1","Whirlwind+1","Twin Strike+1","Warcry+1"],"picked":"SKIP","floor":54}],"player_experience":291639,"relics_obtained":[{"floor":8.0,"key":"Mango"},{"floor":9.0,"key":"Ornamental Fan"},{"floor":13.0,"key":"Toxic Egg 2"},{"floor":19.0,"key":"Red Mask"},{"floor":22.0,"key":"Necronomicon"},{"floor":24.0,"key":"Question Card"},{"floor":25.0,"key":"Pocketwatch"},{"floor":25.0,"key":"Paper Frog"},{"floor":27.0,"key":"Dodecahedron"},{"floor":40.0,"key":"Bronze Scales"},{"floor":43.0,"key":"Smiling Mask"},{"floor":47.0,"key":"Molten Egg 2"},{"floor":54,"key":"War Paint"}],"event_choices":[{"cards_removed":["Strike_R"],"damage_healed":0.0,"max_hp_gain":0.0,"max_hp_loss":0.0,"gold_gain":0.0,"event_name":"The Cleric","player_choice":"Card Removal","floor":2.0,"gold_loss":50.0,"damage_taken":0.0},{"cards_removed":["Strike_R"],"damage_healed":0.0,"max_hp_gain":0.0,"max_hp_loss":0.0,"gold_gain":0.0,"event_name":"Golden Wing","player_choice":"Card Removal","floor":4.0,"gold_loss":0.0,"damage_taken":7.0},{"damage_healed":0.0,"max_hp_gain":0.0,"max_hp_loss":0.0,"gold_gain":0.0,"event_name":"Masked Bandits","player_choice":"Fought Bandits","floor":19.0,"gold_loss":0.0,"damage_taken":0.0},{"damage_healed":0.0,"max_hp_gain":0.0,"max_hp_loss":0.0,"gold_gain":0.0,"event_name":"Ghosts","player_choice":"Ignored","floor":21.0,"gold_loss":0.0,"damage_taken":0.0},{"damage_healed":0.0,"max_hp_gain":0.0,"max_hp_loss":0.0,"gold_gain":0.0,"event_name":"Cursed Tome","player_choice":"Obtained Book","floor":22.0,"gold_loss":0.0,"damage_taken":16.0},{"damage_healed":0.0,"max_hp_gain":0.0,"max_hp_loss":0.0,"gold_gain":0.0,"event_name":"Colosseum","player_choice":"Fight","floor":25.0,"gold_loss":0.0,"damage_taken":0.0},{"damage_healed":0.0,"max_hp_gain":0.0,"max_hp_loss":0.0,"gold_gain":0.0,"event_name":"Colosseum","player_choice":"Fought Nobs","floor":25.0,"gold_loss":0.0,"damage_taken":0.0},{"damage_healed":0.0,"max_hp_gain":0.0,"max_hp_loss":0.0,"gold_gain":0.0,"event_name":"The Mausoleum","player_choice":"Opened","floor":29.0,"gold_loss":0.0,"damage_taken":0.0,"relics_obtained":["Frozen Egg 2"]},{"damage_healed":0.0,"max_hp_gain":0.0,"max_hp_loss":0.0,"gold_gain":100.0,"event_name":"Golden Shrine","player_choice":"Pray","floor":36.0,"gold_loss":0.0,"damage_taken":0.0},{"damage_healed":0.0,"max_hp_gain":0.0,"max_hp_loss":0.0,"gold_gain":0.0,"event_name":"Winding Halls","player_choice":"Embrace Madness","floor":44.0,"gold_loss":0.0,"damage_taken":12.0,"cards_obtained":["Madness","Madness"]},{"cards_removed":["Barricade"],"damage_healed":0,"gold_gain":0,"player_choice":"Removed Power","damage_taken":0,"max_hp_gain":0,"max_hp_loss":0,"event_name":"Falling","floor":48,"gold_loss":0}],"is_beta":false,"boss_relics":[{"not_picked":["Fusion Hammer","Calling Bell"],"picked":"Cursed Key"},{"not_picked":["Snecko Eye","Runic Dome"],"picked":"Runic Pyramid"}],"items_purged_floors":[20,37,45,53],"is_endless":false,"potions_floor_spawned":[3,8,13,16,19,25,27,30,38,39,42,47],"ascension_level":5}