{"gold_per_floor":[113,38,213,213,229,248,248,278,305,334,334,359,369,444,444,518,518,537,231,141,161,161,161,189,203,203,203,234,254,79,79,79,154,154,167,178,191,191,20,20,20,31,31,31,31,45,59,79,79,79],"floor_reached":51,"playtime":2975,"items_purged":["Pain","Strike_B","Strike_B","Strike_B"],"score":1122,"play_id":"21ff08c0-7cb9-4133-a1a1-77c5a6d8f852","local_time":"20181104144008","is_ascension_mode":true,"campfire_choices":[{"data":"Zap","floor":7,"key":"SMITH"},{"floor":11,"key":"REST"},{"data":"Defragment","floor":15,"key":"SMITH"},{"data":"Defragment","floor":23,"key":"SMITH"},{"floor":27,"key":"REST"},{"floor":32,"key":"REST"},{"floor":40,"key":"REST"},{"floor":45,"key":"REST"},{"floor":49,"key":"REST"}],"neow_cost":"CURSE","seed_source_timestamp":95163722542035,"circlet_count":0,"master_deck":["AscendersBane","Defend_B","Defend_B","Defend_B","Zap+1","Dualcast","Chill","Chill","Auto Shields","Glacier","Rebound","Defragment+1","Seek","BootSequence","Glacier","Madness","Defragment+1","Blizzard","Chaos+1","Blizzard","Blizzard","Ball Lightning","Chill","Rainbow","Go for the Eyes+1","Mayhem","Conserve Battery","Defragment"],"relics":["Cracked Core","Potion Belt","Bag of Marbles","Orichalcum","Ancient Tea Set","Inserter","Membership Card","Regal Pillow","Mercury Hourglass","Blood Vial","MawBank","Nuclear Battery","Darkstone Periapt"],"potions_floor_usage":[8,8,16,22,29,35,50,50],"damage_taken":[{"damage":2,"enemies":"Small Slimes","floor":1,"turns":3},{"damage":0,"enemies":"Jaw Worm","floor":5,"turns":3},{"damage":0,"enemies":"2 Louse","floor":6,"turns":4},{"damage":30,"enemies":"Gremlin Nob","floor":8,"turns":6},{"damage":13,"enemies":"3 Sentries","floor":10,"turns":11},{"damage":0,"enemies":"2 Fungi Beasts","floor":13,"turns":3},{"damage":10,"enemies":"Slime Boss","floor":16,"turns":13},{"damage":0,"enemies":"3 Byrds","floor":18,"turns":8},{"damage":1,"enemies":"2 Thieves","floor":20,"turns":5},{"damage":5,"enemies":"Centurion and Healer","floor":21,"turns":16},{"damage":23,"enemies":"Colosseum Slavers","floor":22,"turns":5},{"damage":15,"enemies":"Slavers","floor":24,"turns":11},{"damage":13,"enemies":"Snecko","floor":25,"turns":9},{"damage":19,"enemies":"Book of Stabbing","floor":28,"turns":8},{"damage":7,"enemies":"Cultist and Chosen","floor":29,"turns":7},{"damage":35,"enemies":"Automaton","floor":33,"turns":13},{"damage":18,"enemies":"3 Darklings","floor":35,"turns":5},{"damage":0,"enemies":"3 Shapes","floor":36,"turns":3},{"damage":11,"enemies":"Maw","floor":37,"turns":9},{"damage":23,"enemies":"Jaw Worm Horde","floor":42,"turns":5},{"damage":0,"enemies":"Spire Growth","floor":46,"turns":7},{"damage":0,"enemies":"Maw","floor":47,"turns":9},{"damage":29,"enemies":"3 Darklings","floor":48,"turns":6},{"damage":37,"enemies":"Time Eater","floor":50,"turns":15}],"seed_played":"-421698333103655589","potions_obtained":[{"floor":1,"key":"Strength Potion"},{"floor":5,"key":"Weak Potion"},{"floor":10,"key":"FocusPotion"},{"floor":21,"key":"LiquidBronze"},{"floor":28,"key":"GamblersBrew"},{"floor":33,"key":"GamblersBrew"},{"floor":36,"key":"Regen Potion"},{"floor":46,"key":"Swift Potion"}],"is_trial":false,"path_per_floor":["M","$","?","?","M","M","R","E","T","E","R","T","M","?","R","B",null,"M","$","M","M","?","R","E","M","T","R","E","M","$","?","R","B",null,"M","M","M","?","$","R","$","M","T","?","R","M","M","M","R","B",null],"character_chosen":"DEFECT","items_purchased":["Membership Card","Glacier","Madness","MawBank","Chill","Mayhem"],"campfire_rested":6,"item_purchase_floors":[19,19,19,30,30,39],"current_hp_per_floor":[76,76,76,69,69,69,69,39,39,26,51,51,51,40,40,30,71,71,71,70,65,42,42,27,14,14,54,35,30,30,58,85,50,76,60,62,53,53,53,85,85,62,62,62,85,85,85,56,85,58],"gold":79,"neow_bonus":"TWENTY_PERCENT_HP_BONUS","is_prod":false,"is_daily":false,"chose_seed":false,"campfire_upgraded":3,"win_rate":0,"timestamp":1541360408,"path_taken":["M","$","?","?","M","M","R","E","T","E","R","?","?","?","R","BOSS","M","$","M","M","?","R","E","M","T","R","E","M","$","?","R","BOSS","M","M","M","?","$","R","$","M","T","?","R","M","?","M","R","BOSS"],"build_version":"2018-11-01","purchased_purges":4,"victory":true,"max_hp_per_floor":[85,85,85,85,85,85,85,85,85,85,85,85,85,85,85,85,85,85,85,85,85,85,85,85,85,85,85,85,85,85,85,85,85,85,85,85,85,85,85,85,85,85,85,85,85,85,85,85,85,85],"card_choices":[{"not_picked":["Steam","Sunder"],"picked":"Chill","floor":1},{"not_picked":["Turbo","Ball Lightning"],"picked":"Chill","floor":5},{"not_picked":["Double Energy","Turbo"],"picked":"Auto Shields","floor":6},{"not_picked":["Steam","Hyperbeam"],"picked":"Glacier","floor":8},{"not_picked":["Barrage","Redo"],"picked":"Rebound","floor":10},{"not_picked":["Sweeping Beam","Hologram"],"picked":"Defragment","floor":13},{"not_picked":["Hyperbeam","Amplify"],"picked":"Seek","floor":16},{"not_picked":["Redo","Force Field"],"picked":"BootSequence","floor":18},{"not_picked":["Beam Cell+1","Barrage"],"picked":"Defragment","floor":20},{"not_picked":["Compile Driver+1","Cold Snap"],"picked":"Blizzard","floor":21},{"not_picked":["Stack","Cold Snap"],"picked":"Chaos+1","floor":24},{"not_picked":["Hologram","Auto Shields"],"picked":"Blizzard","floor":25},{"not_picked":["Barrage","Amplify"],"picked":"Blizzard","floor":28},{"not_picked":["FTL+1","Heatsinks"],"picked":"Ball Lightning","floor":29},{"not_picked":["Thunder Strike","Biased Cognition"],"picked":"Rainbow","floor":33},{"not_picked":["Hologram+1","Melter+1"],"picked":"Go for the Eyes+1","floor":35},{"not_picked":["Redo","Barrage","Leap"],"picked":"SKIP","floor":36},{"not_picked":["Auto Shields","Redo","Ball Lightning"],"picked":"SKIP","floor":37},{"not_picked":["Gash","Cold Snap","Rebound+1"],"picked":"SKIP","floor":42},{"not_picked":["Buffer","Hologram"],"picked":"Defragment","floor":46},{"not_picked":["Redo","Turbo+1","FTL"],"picked":"SKIP","floor":47},{"not_picked":["Go for the Eyes","Heatsinks","Conserve Battery"],"picked":"SKIP","floor":48}],"player_experience":194365,"relics_obtained":[{"floor":8,"key":"Potion Belt"},{"floor":9,"key":"Bag of Marbles"},{"floor":10,"key":"Orichalcum"},{"floor":12,"key":"Ancient Tea Set"},{"floor":24,"key":"Regal Pillow"},{"floor":26,"key":"Mercury Hourglass"},{"floor":28,"key":"Blood Vial"},{"floor":43,"key":"Darkstone Periapt"}],"event_choices":[{"damage_healed":0,"gold_gain":175,"player_choice":"AGREE","damage_taken":0,"max_hp_gain":0,"max_hp_loss":0,"event_name":"Liars Game","floor":3,"gold_loss":0,"cards_obtained":["Doubt"]},{"cards_removed":["Doubt"],"damage_healed":0,"gold_gain":0,"player_choice":"Card Removal","damage_taken":7,"max_hp_gain":0,"max_hp_loss":0,"event_name":"Golden Wing","floor":4,"gold_loss":0},{"damage_healed":0,"gold_gain":75,"player_choice":"Gather Gold","damage_taken":11,"max_hp_gain":0,"max_hp_loss":0,"event_name":"World of Goop","floor":14,"gold_loss":0},{"damage_healed":0,"gold_gain":0,"player_choice":"Fight","damage_taken":0,"max_hp_gain":0,"max_hp_loss":0,"event_name":"Colosseum","floor":22,"gold_loss":0},{"damage_healed":0,"gold_gain":0,"player_choice":"Fled From Nobs","damage_taken":0,"max_hp_gain":0,"max_hp_loss":0,"event_name":"Colosseum","floor":22,"gold_loss":0},{"damage_healed":28,"gold_gain":0,"player_choice":"Heal","damage_taken":0,"max_hp_gain":0,"max_hp_loss":0,"event_name":"The Library","floor":31,"gold_loss":0},{"cards_removed":["Defend_B"],"damage_healed":0,"gold_gain":0,"player_choice":"Removed Skill","damage_taken":0,"max_hp_gain":0,"max_hp_loss":0,"event_name":"Falling","floor":38,"gold_loss":0},{"damage_healed":0,"gold_gain":0,"cards_transformed":["Strike_B"],"player_choice":"Transformed","damage_taken":0,"max_hp_gain":0,"max_hp_loss":0,"event_name":"Transmorgrifier","floor":44,"gold_loss":0,"cards_obtained":["Conserve Battery"]}],"is_beta":false,"boss_relics":[{"not_picked":["Calling Bell","Runic Pyramid"],"picked":"Inserter"},{"not_picked":["Tiny House","Sozu"],"picked":"Nuclear Battery"}],"items_purged_floors":[2,19,30,39],"is_endless":false,"potions_floor_spawned":[1,5,10,21,22,28,33,36,46],"ascension_level":14}