{"path_per_floor":["M","M","M","M","?","E","R","$","T","?","E","M","?","?","R","B",null,"M","M","?","$","M","R","E","R","T","?","M","M","?","?","R","B",null,"M","?","M","M","$","R","?","R","T","M","R","M","$","M","R","B"],"character_chosen":"THE_SILENT","items_purchased":["Bag of Marbles","Distraction","Backflip","Dodge and Roll","Shuriken","Prepared","Master of Strategy"],"gold_per_floor":[109,125,140,150,150,180,180,23,23,23,58,74,74,74,74,169,169,187,206,206,10,24,24,53,53,53,53,67,85,85,135,135,236,236,249,297,308,328,328,328,328,328,355,369,369,386,1,19,19,19],"floor_reached":51,"campfire_rested":9,"playtime":4331,"current_hp_per_floor":[53,52,42,31,31,13,34,34,34,57,33,33,15,1,22,20,70,65,45,45,45,35,56,42,63,63,63,63,43,27,27,48,26,70,62,45,20,5,5,26,26,47,47,42,63,58,58,42,63,15],"items_purged":["Injury"],"gold":19,"play_id":"87bece95-37b3-4da2-b446-fa51134dc862","is_prod":false,"is_daily":false,"campfire_rituals":0,"campfire_upgraded":0,"is_hardmode":false,"path_taken":["M","M","M","M","?","E","R","$","T","?","E","M","?","?","R","BOSS","M","M","?","$","M","R","E","R","T","?","M","?","?","?","R","BOSS","M","?","M","M","$","R","?","R","T","M","R","M","$","M","R","BOSS"],"build_version":"2017-12-21-PROD1","purchased_purges":1,"victory":true,"master_deck":["Defend_G","Defend_G","Defend_G","Defend_G","Defend_G","Strike_G","Strike_G","Strike_G","Strike_G","Strike_G","Survivor","Doppelganger","Quick Slash","Escape Plan","Dagger Spray","Flying Knee","Die Die Die","Distraction","Endless Agony","Tools of the Trade","Clumsy","Clumsy","Sucker Punch","Prepared","Panacea","Cloak And Dagger","Distraction","Backflip","Dodge and Roll","Prepared","Outmaneuver","Deflect","Dagger Throw","Prepared","Tactician","Underhanded Strike","Backflip","Noxious Fumes","Caltrops","Distraction","Choke","Envenom","Dash","Reflex","Prepared","Master of Strategy","Calculated Gamble","Reflex"],"max_hp_per_floor":[70,70,70,70,70,70,70,70,70,70,70,70,70,70,70,70,70,70,70,70,70,70,70,70,70,70,70,70,70,70,70,70,70,70,70,70,70,70,70,70,70,70,70,70,70,70,70,70,70,70],"relics":["Ring of the Snake","Letter Opener","Bag of Marbles","Centennial Puzzle","Ancient Tea Set","Smiling Mask","Calling Bell","The Courier","Tough Bandages","Mercury Hourglass","Happy Flower","Dream Catcher","Enchiridion","Sozu","Bird Faced Urn","Vajra","Shuriken"],"campfire_meditates":0,"card_choices":[{"not_picked":["Dagger Spray","Sucker Punch"],"picked":"Quick Slash"},{"not_picked":["Finisher","Unload"],"picked":"Escape Plan"},{"not_picked":["Underhanded Strike","Bouncing Flask"],"picked":"Dagger Spray"},{"not_picked":["Calculated Gamble","PiercingWail"],"picked":"Flying Knee"},{"not_picked":["Slice","Blade Dance"],"picked":"Die Die Die"},{"not_picked":["Sucker Punch","Malaise"],"picked":"Distraction"},{"not_picked":["Crippling Poison","Bane"],"picked":"Endless Agony"},{"not_picked":["Storm of Steel","Doppelganger"],"picked":"Tools of the Trade"},{"not_picked":["Poisoned Stab","Deadly Poison"],"picked":"Sucker Punch"},{"not_picked":["Dagger Spray","Slice"],"picked":"Prepared"},{"not_picked":["Reflex","Heel Hook"],"picked":"Prepared"},{"not_picked":["Sucker Punch","Underhanded Strike"],"picked":"Outmaneuver"},{"not_picked":["Caltrops","Endless Agony"],"picked":"Deflect"},{"not_picked":["Envenom","Poisoned Stab"],"picked":"Dagger Throw"},{"not_picked":["Masterful Stab","Slice"],"picked":"Prepared"},{"not_picked":["Bullet Time","Unload"],"picked":"Tactician"},{"not_picked":["Escape Plan","Infinite Blades"],"picked":"Underhanded Strike"},{"not_picked":["Poisoned Stab","Blur"],"picked":"Backflip"},{"not_picked":["Infinite Blades","Deflect"],"picked":"Noxious Fumes"},{"not_picked":["Accuracy","Reflex"],"picked":"Caltrops"},{"not_picked":["Dagger Spray","Outmaneuver"],"picked":"Distraction"},{"not_picked":["Predator","Backstab"],"picked":"Choke"},{"not_picked":["Acrobatics","Blade Dance"],"picked":"Envenom"},{"not_picked":["Accuracy","Riddle With Holes"],"picked":"Dash"},{"not_picked":["Finisher","Blade Dance"],"picked":"Reflex"},{"not_picked":["Slice","Choke"],"picked":"Calculated Gamble"},{"not_picked":["Choke","Backstab"],"picked":"Reflex"}],"player_experience":87281,"potions_floor_usage":[6,16,16,24,24,33],"damage_taken":[{"damage":17,"enemies":"Looter","floor":1,"turns":3},{"damage":1,"enemies":"Cultist","floor":2,"turns":4},{"damage":10,"enemies":"Jaw Worm","floor":3,"turns":4},{"damage":11,"enemies":"3 Louse","floor":4,"turns":3},{"damage":18,"enemies":"Gremlin Nob","floor":6,"turns":4},{"damage":24,"enemies":"Lagavulin","floor":11,"turns":8},{"damage":0,"enemies":"2 Fungi Beasts","floor":12,"turns":1},{"damage":2,"enemies":"Slime Boss","floor":16,"turns":7},{"damage":5,"enemies":"3 Byrds","floor":18,"turns":3},{"damage":20,"enemies":"Shell Parasite","floor":19,"turns":6},{"damage":10,"enemies":"Snecko","floor":22,"turns":5},{"damage":14,"enemies":"Book of Stabbing","floor":24,"turns":5},{"damage":0,"enemies":"3 Cultists","floor":28,"turns":3},{"damage":20,"enemies":"Sentry and Sphere","floor":29,"turns":6},{"damage":22,"enemies":"Collector","floor":33,"turns":13},{"damage":8,"enemies":"3 Shapes","floor":35,"turns":2},{"damage":17,"enemies":"Mysterious Sphere","floor":36,"turns":3},{"damage":27,"enemies":"3 Darklings","floor":37,"turns":4},{"damage":21,"enemies":"Maw","floor":38,"turns":7},{"damage":11,"enemies":"4 Shapes","floor":44,"turns":3},{"damage":15,"enemies":"Sphere and 2 Shapes","floor":46,"turns":5},{"damage":24,"enemies":"3 Darklings","floor":48,"turns":3},{"damage":58,"enemies":"Donu and Deca","floor":50,"turns":8}],"event_choices":[{"event_name":"Golden Wing","player_choice":"Ignored","floor":5,"damage_taken":0},{"event_name":"Big Fish","player_choice":"Banana","floor":10,"damage_taken":0},{"event_name":"Scrap Ooze","player_choice":"success","floor":13,"damage_taken":18},{"event_name":"Shining Light","player_choice":"Entered Light","floor":14,"damage_taken":0},{"event_name":"Match and Keep!","player_choice":"2 cards matched","floor":20,"damage_taken":0},{"event_name":"Drug Dealer","player_choice":"Ignored","floor":27,"damage_taken":0},{"event_name":"Cursed Tome","player_choice":"Obtained Book","floor":30,"damage_taken":0},{"event_name":"The Joust","player_choice":"Bet on Murderer","floor":31,"damage_taken":0},{"event_name":"Mysterious Sphere","player_choice":"Fight","floor":36,"damage_taken":0}],"boss_relics":[{"not_picked":["Lizard Tail","Runic Dome"],"picked":"Calling Bell"},{"not_picked":["Black Star","Runic Pyramid"],"picked":"Sozu"}],"potions_floor_spawned":[2,4,12,16,18,24,29,35,37,44,48],"seed_played":"5421941999381368816","is_trial":false}