{"gold_per_floor":[109,121,121,196,223,257,257,257,257,257,325,344,28,63,63,63],"floor_reached":16,"playtime":556,"items_purged":[],"score":207,"play_id":"61feaf1b-d1f0-4d4b-b74a-d20ccfb0293e","local_time":"20190211111032","is_ascension_mode":true,"campfire_choices":[{"floor":8,"key":"REST"},{"data":"Sucker Punch","floor":10,"key":"SMITH"},{"floor":15,"key":"REST"}],"neow_cost":"NONE","seed_source_timestamp":516507870060630,"circlet_count":0,"master_deck":["AscendersBane","Defend_G","Defend_G","Defend_G","Defend_G","Defend_G","Strike_G","Strike_G","Strike_G","Strike_G","Strike_G","Survivor","Neutralize","Dodge and Roll","Predator","Sucker Punch+1","Poisoned Stab","Dagger Spray","Escape Plan"],"relics":["Ring of the Snake","Pen Nib","Tingsha","Regal Pillow","Bronze Scales","Gremlin Horn","Letter Opener","Prayer Wheel"],"potions_floor_usage":[6,6,16],"damage_taken":[{"damage":7,"enemies":"Small Slimes","floor":1,"turns":4},{"damage":2,"enemies":"2 Louse","floor":2,"turns":3},{"damage":19,"enemies":"Lagavulin","floor":6,"turns":8},{"damage":0,"enemies":"Jaw Worm","floor":12,"turns":2},{"damage":27,"enemies":"3 Sentries","floor":14,"turns":7},{"damage":43,"enemies":"Slime Boss","floor":16,"turns":7}],"seed_played":"8679253117744294519","potions_obtained":[{"floor":1,"key":"Dexterity Potion"},{"floor":2,"key":"EssenceOfSteel"},{"floor":6,"key":"FearPotion"}],"is_trial":false,"path_per_floor":["M","M","?","?","T","E","?","R","T","R","?","M","$","E","R","B"],"character_chosen":"THE_SILENT","items_purchased":["Letter Opener","Dagger Spray"],"campfire_rested":2,"item_purchase_floors":[13,13],"current_hp_per_floor":[52,50,32,21,21,2,2,36,36,36,36,36,36,9,43,0],"gold":63,"neow_bonus":"RANDOM_COMMON_RELIC","is_prod":false,"is_daily":false,"chose_seed":false,"campfire_upgraded":1,"win_rate":0,"timestamp":1549901432,"path_taken":["M","M","?","?","?","E","?","R","T","R","?","M","$","E","R","BOSS"],"build_version":"2019-01-23","purchased_purges":0,"victory":false,"max_hp_per_floor":[66,66,66,66,66,66,66,66,66,66,66,66,66,66,66,66],"card_choices":[{"not_picked":["Distraction","Deflect"],"picked":"Dodge and Roll","floor":1},{"not_picked":["Prepared","Underhanded Strike"],"picked":"Predator","floor":2},{"not_picked":["Setup","Storm of Steel"],"picked":"Sucker Punch","floor":6},{"not_picked":["Dagger Spray","Flying Knee"],"picked":"Poisoned Stab","floor":12},{"not_picked":["Burst","Underhanded Strike"],"picked":"Escape Plan","floor":14}],"player_experience":630505,"relics_obtained":[{"floor":5,"key":"Regal Pillow"},{"floor":6,"key":"Bronze Scales"},{"floor":9,"key":"Gremlin Horn"},{"floor":14,"key":"Prayer Wheel"}],"event_choices":[{"damage_healed":0,"gold_gain":0,"player_choice":"Success","damage_taken":18,"relics_obtained":["Tingsha"],"max_hp_gain":0,"max_hp_loss":0,"event_name":"Scrap Ooze","floor":3,"gold_loss":0},{"damage_healed":0,"gold_gain":75,"player_choice":"Gather Gold","damage_taken":11,"max_hp_gain":0,"max_hp_loss":0,"event_name":"World of Goop","floor":4,"gold_loss":0},{"damage_healed":0,"gold_gain":0,"player_choice":"Ignored","damage_taken":0,"max_hp_gain":0,"max_hp_loss":0,"event_name":"Shining Light","floor":7,"gold_loss":0},{"damage_healed":0,"gold_gain":68,"player_choice":"Gained Gold","damage_taken":0,"max_hp_gain":0,"max_hp_loss":0,"event_name":"Golden Wing","floor":11,"gold_loss":0}],"is_beta":false,"boss_relics":[],"items_purged_floors":[],"is_endless":false,"potions_floor_spawned":[1,2,6],"killed_by":"Slime Boss","ascension_level":19}