{"gold_per_floor":[111,122,87,162,172,172,198,198,198,208,208,247,57,57,57,147,210,224,224,240,240,240],"floor_reached":22,"playtime":688,"items_purged":[],"score":399,"play_id":"575f8cd6-1304-44bc-bf52-e8eec1483c08","local_time":"20181103172337","is_ascension_mode":true,"campfire_choices":[{"data":"Zap","floor":6,"key":"SMITH"},{"data":"Darkness","floor":8,"key":"SMITH"},{"floor":15,"key":"REST"}],"neow_cost":"NONE","seed_source_timestamp":17266251413176,"circlet_count":0,"master_deck":["AscendersBane","Strike_B","Strike_B","Strike_B","Defend_B","Defend_B","Defend_B","Defend_B","Zap+1","Dualcast","Biased Cognition","Darkness+1","Ball Lightning","Compile Driver","Hologram","Multi-Cast+1","Go for the Eyes+1","Rebound","Coolheaded"],"relics":["Cracked Core","Meat on the Bone","Ginger","Golden Idol","DataDisk","ClockworkSouvenir","Tiny House"],"potions_floor_usage":[7,18,22],"damage_taken":[{"damage":1,"enemies":"2 Louse","floor":1,"turns":2},{"damage":8,"enemies":"Small Slimes","floor":2,"turns":2},{"damage":1,"enemies":"Cultist","floor":5,"turns":3},{"damage":8,"enemies":"Gremlin Nob","floor":7,"turns":3},{"damage":13,"enemies":"Large Slime","floor":10,"turns":4},{"damage":15,"enemies":"Lagavulin","floor":12,"turns":5},{"damage":0,"enemies":"Slime Boss","floor":16,"turns":4},{"damage":22,"enemies":"3 Byrds","floor":18,"turns":4},{"damage":20,"enemies":"Chosen","floor":20,"turns":5},{"damage":28,"enemies":"3 Cultists","floor":22,"turns":3}],"seed_played":"52730615291139999","potions_obtained":[{"floor":1,"key":"SkillPotion"},{"floor":5,"key":"Ancient Potion"},{"floor":10,"key":"Weak Potion"},{"floor":20,"key":"Poison Potion"}],"is_trial":false,"path_per_floor":["M","M","?","?","M","R","E","R","T","M","?","E","$","?","R","B",null,"M","?","M","?","M"],"character_chosen":"DEFECT","items_purchased":["ClockworkSouvenir"],"campfire_rested":1,"item_purchase_floors":[13],"current_hp_per_floor":[67,59,75,64,63,63,55,55,55,42,24,21,21,21,43,43,72,50,50,42,27,0],"gold":240,"neow_bonus":"ONE_RANDOM_RARE_CARD","is_prod":false,"is_daily":false,"chose_seed":false,"campfire_upgraded":2,"win_rate":0,"timestamp":1541280217,"path_taken":["M","M","?","?","M","R","E","R","T","M","?","E","$","?","R","BOSS","M","?","?","?","M"],"build_version":"2018-11-01","purchased_purges":0,"victory":false,"max_hp_per_floor":[75,75,75,75,75,75,75,75,75,75,75,75,75,75,75,75,80,80,80,80,85,85],"card_choices":[{"not_picked":["Skim","Compile Driver"],"picked":"Darkness","floor":1},{"not_picked":["Turbo","Stack"],"picked":"Ball Lightning","floor":2},{"not_picked":["Aggregate","Sunder","Scrape"],"picked":"SKIP","floor":5},{"not_picked":["Steam Power","Fusion"],"picked":"Compile Driver","floor":7},{"not_picked":["Melter","Streamline"],"picked":"Hologram","floor":10},{"not_picked":["Recycle","Rainbow","Amplify"],"picked":"SKIP","floor":12},{"not_picked":["Amplify","Seek"],"picked":"Multi-Cast","floor":16},{"not_picked":["Tempest","Cold Snap"],"picked":"Go for the Eyes","floor":17},{"not_picked":["Leap+1","Consume+1"],"picked":"Rebound","floor":18},{"not_picked":["Rebound","Streamline"],"picked":"Coolheaded","floor":20}],"player_experience":178324,"relics_obtained":[{"floor":7,"key":"Meat on the Bone"},{"floor":9,"key":"Ginger"},{"floor":12,"key":"DataDisk"}],"event_choices":[{"damage_healed":18,"gold_gain":0,"player_choice":"Healed","damage_taken":0,"max_hp_gain":0,"max_hp_loss":0,"event_name":"The Cleric","floor":3,"gold_loss":35},{"damage_healed":0,"gold_gain":75,"player_choice":"Gather Gold","damage_taken":11,"max_hp_gain":0,"max_hp_loss":0,"event_name":"World of Goop","floor":4,"gold_loss":0},{"damage_healed":0,"gold_gain":0,"player_choice":"Take Damage","damage_taken":18,"relics_obtained":["Golden Idol"],"max_hp_gain":0,"max_hp_loss":0,"event_name":"Golden Idol","floor":11,"gold_loss":0},{"cards_removed":["Strike_B"],"damage_healed":0,"gold_gain":0,"player_choice":"Forget","damage_taken":0,"max_hp_gain":0,"max_hp_loss":0,"event_name":"Living Wall","floor":14,"gold_loss":0},{"damage_healed":0,"gold_gain":0,"player_choice":"Upgraded","damage_taken":0,"max_hp_gain":0,"max_hp_loss":0,"event_name":"Upgrade Shrine","floor":19,"gold_loss":0,"cards_upgraded":["Go for the Eyes"]},{"damage_healed":0,"gold_gain":0,"player_choice":"Shed Blood","damage_taken":20,"max_hp_gain":5,"max_hp_loss":0,"event_name":"Forgotten Altar","floor":21,"gold_loss":0}],"is_beta":false,"boss_relics":[{"not_picked":["Lizard Tail","Fusion Hammer"],"picked":"Tiny House"}],"items_purged_floors":[],"is_endless":false,"potions_floor_spawned":[1,5,10,12,20],"killed_by":"3 Cultists","ascension_level":13}