{"path_per_floor":["M","M","?","M","$","R","M","E","T","M","R","?","M","M","R","B",null,"M","$","M","?","M"],"character_chosen":"THE_SILENT","items_purchased":["Terror","Escape Plan","Noxious Fumes"],"gold_per_floor":[69,83,83,101,24,24,39,70,70,81,81,81,92,108,108,203,203,222,29,49,49,59],"floor_reached":23,"campfire_rested":2,"playtime":2260,"current_hp_per_floor":[70,68,61,53,53,70,66,50,50,50,73,87,87,82,82,21,87,54,54,47,47,16],"items_purged":["Defend_G"],"gold":59,"play_id":"0e3888f1-2868-4ff5-9cc7-5282b5e51497","is_prod":false,"is_daily":false,"campfire_rituals":0,"campfire_upgraded":1,"is_hardmode":false,"path_taken":["M","M","?","M","$","R","M","E","T","M","R","?","M","?","R","BOSS","M","$","?","?","M","E"],"build_version":"2017-12-21-PROD1","purchased_purges":1,"victory":false,"master_deck":["Defend_G","Defend_G","Defend_G","Defend_G","Strike_G","Strike_G","Strike_G","Strike_G","Survivor","Neutralize","Dodge and Roll","Eviscerate","Calculated Gamble","Terror","Sucker Punch","Dodge and Roll","Underhanded Strike","Footwork","Envenom","Underhanded Strike","Escape Plan","Noxious Fumes","Bouncing Flask","Outmaneuver"],"max_hp_per_floor":[70,70,70,70,70,70,70,77,77,77,77,87,87,87,87,87,87,87,87,87,87,87],"relics":["Ring of the Snake","Ancient Tea Set","Strawberry","Darkstone Periapt","Runic Pyramid"],"campfire_meditates":0,"card_choices":[{"not_picked":["Poisoned Stab","PiercingWail"],"picked":"Dodge and Roll"},{"not_picked":["Slice","Dagger Spray"],"picked":"Eviscerate"},{"not_picked":["Flechettes","Bouncing Flask"],"picked":"Calculated Gamble"},{"not_picked":["Cloak And Dagger","Blade Dance"],"picked":"Sucker Punch"},{"not_picked":["Bane","Bouncing Flask"],"picked":"Bullet Time"},{"not_picked":["Deadly Poison","Bane"],"picked":"Dodge and Roll"},{"not_picked":["Tools of the Trade","Dash"],"picked":"Underhanded Strike"},{"not_picked":["Backstab","Bouncing Flask"],"picked":"Footwork"},{"not_picked":["Corpse Explosion","Wraith Form"],"picked":"Envenom"},{"not_picked":["Accuracy","Dodge and Roll"],"picked":"Underhanded Strike"},{"not_picked":["Masterful Stab","Sucker Punch"],"picked":"Bouncing Flask"},{"not_picked":["Sucker Punch","Acrobatics"],"picked":"Outmaneuver"}],"player_experience":80771,"potions_floor_usage":[8,8,16,16,22,23],"damage_taken":[{"damage":0,"enemies":"Looter","floor":1,"turns":4},{"damage":2,"enemies":"Cultist","floor":2,"turns":5},{"damage":8,"enemies":"Jaw Worm","floor":4,"turns":6},{"damage":4,"enemies":"Gremlin Gang","floor":7,"turns":7},{"damage":23,"enemies":"3 Sentries","floor":8,"turns":7},{"damage":0,"enemies":"Red Slaver","floor":10,"turns":1},{"damage":0,"enemies":"Exordium Wildlife","floor":13,"turns":2},{"damage":5,"enemies":"3 Louse","floor":14,"turns":5},{"damage":61,"enemies":"Hexaghost","floor":16,"turns":20},{"damage":33,"enemies":"Chosen","floor":18,"turns":8},{"damage":7,"enemies":"Shell Parasite","floor":20,"turns":5},{"damage":31,"enemies":"Chosen and Byrds","floor":22,"turns":7},{"damage":18,"enemies":"Slavers","floor":23,"turns":1}],"event_choices":[{"event_name":"Golden Wing","player_choice":"Card Removal","floor":3,"damage_taken":0},{"event_name":"Bonfire Elementals","player_choice":"SKILL","floor":12,"damage_taken":0},{"event_name":"Drug Dealer","player_choice":"Ignored","floor":21,"damage_taken":0}],"boss_relics":[{"not_picked":["Black Star","Question Card"],"picked":"Runic Pyramid"}],"potions_floor_spawned":[2,4,7,13,20,22],"seed_played":"-1030860830456175188","killed_by":"Slavers","is_trial":false}