{"gold_per_floor":[19,38,38,38,57,57,75,106,131,158,158,184,201,213,213,291,291,311,311,328,347,347],"floor_reached":22,"playtime":1051,"items_purged":[],"score":416,"play_id":"ec11dc8e-2915-4207-9778-963338c2f9b7","local_time":"20190216091637","is_ascension_mode":true,"campfire_choices":[{"data":"Cold Snap","floor":6.0,"key":"SMITH"},{"data":"Zap","floor":11.0,"key":"SMITH"},{"data":"Streamline","floor":15,"key":"SMITH"}],"neow_cost":"NO_GOLD","seed_source_timestamp":0,"circlet_count":0,"master_deck":["AscendersBane","Strike_B","Strike_B","Strike_B","Strike_B","Defend_B","Defend_B","Defend_B","Defend_B","Zap+1","Dualcast","Go for the Eyes","Conserve Battery","Cold Snap+1","Streamline+1","Creative AI","Static Discharge","Hologram","Electrodynamics","Hologram","Zap+1","Conserve Battery","Loop"],"special_seed":0,"relics":["Cracked Core","Anchor","PreservedInsect","Lantern","Ornamental Fan","Inserter"],"potions_floor_usage":[],"damage_taken":[{"damage":4.0,"enemies":"2 Louse","floor":1.0,"turns":2.0},{"damage":0.0,"enemies":"Cultist","floor":2.0,"turns":3.0},{"damage":2.0,"enemies":"Jaw Worm","floor":5.0,"turns":4.0},{"damage":4.0,"enemies":"Looter","floor":7.0,"turns":3.0},{"damage":6.0,"enemies":"3 Sentries","floor":8.0,"turns":5.0},{"damage":11.0,"enemies":"Lagavulin","floor":10.0,"turns":5.0},{"damage":16.0,"enemies":"3 Sentries","floor":12.0,"turns":4.0},{"damage":2.0,"enemies":"Blue Slaver","floor":13.0,"turns":3.0},{"damage":13.0,"enemies":"Gremlin Gang","floor":14.0,"turns":4.0},{"damage":14,"enemies":"Hexaghost","floor":16,"turns":10},{"damage":9,"enemies":"3 Byrds","floor":18,"turns":4},{"damage":23,"enemies":"Spheric Guardian","floor":20,"turns":5},{"damage":14,"enemies":"Snake Plant","floor":21,"turns":4},{"damage":29,"enemies":"3 Cultists","floor":22,"turns":4}],"seed_played":"2658499926368252826","potions_obtained":[{"floor":1.0,"key":"Energy Potion"},{"floor":2.0,"key":"Explosive Potion"},{"floor":3.0,"key":"AttackPotion"},{"floor":8.0,"key":"Poison Potion"},{"floor":14.0,"key":"SpeedPotion"},{"floor":21,"key":"Poison Potion"}],"is_trial":false,"path_per_floor":["M","M","?","$","M","R","M","E","T","E","R","E","M","M","R","B",null,"M","?","M","M","M"],"character_chosen":"DEFECT","items_purchased":[],"campfire_rested":0,"item_purchase_floors":[],"current_hp_per_floor":[74,74,74,74,72,72,68,62,62,51,51,35,33,20,20,6,65,56,56,33,19,0],"gold":347,"neow_bonus":"TWENTY_PERCENT_HP_BONUS","is_prod":false,"is_daily":false,"chose_seed":false,"campfire_upgraded":3,"win_rate":0,"timestamp":1550326597,"path_taken":["M","M","?","$","M","R","M","E","T","E","R","E","M","M","R","BOSS","M","?","M","M","M"],"build_version":"2019-01-23","purchased_purges":0,"victory":false,"max_hp_per_floor":[85,85,85,85,85,85,85,85,85,85,85,85,85,85,85,85,85,85,85,85,85,85],"card_choices":[{"not_picked":["Force Field","Heatsinks"],"picked":"Go for the Eyes","floor":1.0},{"not_picked":["Stack","Streamline"],"picked":"Conserve Battery","floor":2.0},{"not_picked":["Machine Learning","Rebound"],"picked":"Cold Snap","floor":5.0},{"not_picked":["Force Field","Scrape"],"picked":"Streamline","floor":7.0},{"not_picked":["Stack","Redo"],"picked":"Creative AI","floor":8.0},{"not_picked":["Hyperbeam","Redo"],"picked":"Static Discharge","floor":10.0},{"not_picked":["Streamline","Stack","Ball Lightning"],"picked":"SKIP","floor":12.0},{"not_picked":["Barrage","Fusion"],"picked":"Hologram","floor":13.0},{"not_picked":["Lockon","Barrage","Ball Lightning"],"picked":"SKIP","floor":14.0},{"not_picked":["Thunder Strike","Core Surge"],"picked":"Electrodynamics","floor":16},{"not_picked":["Blizzard","Lockon"],"picked":"Hologram","floor":18},{"not_picked":["Aggregate","Heatsinks+1"],"picked":"Conserve Battery","floor":20},{"not_picked":["Skim","Hello World+1"],"picked":"Loop","floor":21}],"player_experience":648999,"relics_obtained":[{"floor":8.0,"key":"Anchor"},{"floor":9.0,"key":"PreservedInsect"},{"floor":10.0,"key":"Lantern"},{"floor":12.0,"key":"Ornamental Fan"}],"event_choices":[{"damage_healed":0.0,"max_hp_gain":0.0,"max_hp_loss":0.0,"gold_gain":0.0,"event_name":"Lab","player_choice":"Got Potions","floor":3.0,"gold_loss":0.0,"damage_taken":0.0},{"damage_healed":0,"gold_gain":0,"player_choice":"Copied","damage_taken":0,"max_hp_gain":0,"max_hp_loss":0,"event_name":"Duplicator","floor":19,"gold_loss":0,"cards_obtained":["Zap"]}],"is_beta":false,"boss_relics":[{"not_picked":["Runic Dome","Eternal Feather"],"picked":"Inserter"}],"items_purged_floors":[],"is_endless":false,"potions_floor_spawned":[1,2,7,8,14,21],"killed_by":"3 Cultists","ascension_level":20}