{"path_per_floor":["M","$","?","M","M","E","R","M","T","R","M","?","M","$","R","B",null,"M","M","$","M","?","R","E","M","T","M","M","R","$","M","R","B",null,"M","M","$","?","$","R","M","M","T","?","E","R","M","M","R"],"character_chosen":"THE_SILENT","items_purchased":["Flash of Steel","Caltrops","Reflex"],"gold_per_floor":[114,39,39,54,69,99,99,114,139,139,154,197,212,17,17,117,117,132,147,22,37,37,37,67,82,132,147,162,162,12,27,27,127,127,142,157,120,120,43,43,58,73,73,123,153,153,168,183,183,183],"floor_reached":50,"campfire_rested":4,"playtime":3985,"current_hp_per_floor":[63,63,63,63,63,42,42,35,41,60,54,36,36,36,54,41,58,51,46,46,29,26,25,13,12,12,12,12,18,18,12,16,19,20,19,18,17,7,7,14,13,9,15,12,14,14,13,9,11,0],"items_purged":["Grand Finale","Venomology","Storm of Steel","Bullet Time"],"gold":183,"score":600,"play_id":"aed5975f-e38c-4a07-8838-fffc0653cd0f","local_time":"20180408233207","daily_mods":["Shiny","Cursed Run","Terminal"],"is_prod":false,"is_daily":true,"is_ascension_mode":false,"campfire_upgraded":5,"timestamp":1523251927,"path_taken":["M","$","?","M","M","E","R","M","T","R","M","?","M","$","R","BOSS","M","M","$","M","?","R","E","?","T","M","M","R","$","M","R","BOSS","M","M","$","?","$","R","M","M","T","?","E","R","M","M","R","BOSS"],"build_version":"2018-04-05v2","purchased_purges":4,"victory":false,"master_deck":["Adrenaline","Envenom+1","Doppelganger","Burst","Tools of the Trade","Night Terror","Unload","After Image","Tactician","Glass Knife","Die Die Die","Flechettes","Deadly Poison","Deadly Poison","Prepared","Regret","Outmaneuver","Acrobatics","Flash of Steel","Deadly Poison","Envenom","Dagger Throw+1","Caltrops+1","Acrobatics+1","Deadly Poison","Acrobatics","Ghostly+1","Ghostly+1","Ghostly","Ghostly","Ghostly","Adrenaline","Poisoned Stab+1","Footwork+1","Bane+1","Eviscerate+1","Poisoned Stab+1","Writhe","Adrenaline","Crippling Poison+1","Poisoned Stab","Caltrops+1","Madness","Deep Breath","Flash of Steel","Reflex","Prepared","Injury","Slice","After Image+1","Calculated Gamble+1","Caltrops+1"],"max_hp_per_floor":[68,67,66,65,64,63,62,61,66,65,64,63,62,61,60,59,58,57,56,55,54,26,25,24,23,22,21,20,19,18,17,16,21,20,19,18,17,16,15,14,13,12,17,16,15,14,13,12,11,11],"relics":["Cursed Key","Darkstone Periapt","Du-Vu Doll","Blue Candle","Omamori","Dream Catcher","Astrolabe","Tough Bandages","Bag of Preparation","Eternal Feather","Blood Vial","Ginger","Ancient Tea Set"],"card_choices":[{"not_picked":["Leg Sweep","Sucker Punch"],"picked":"Flechettes","floor":1},{"not_picked":["Riddle With Holes","Underhanded Strike"],"picked":"Deadly Poison","floor":4},{"not_picked":["Blade Dance","Riddle With Holes"],"picked":"Deadly Poison","floor":5},{"not_picked":["Outmaneuver","Deflect"],"picked":"Prepared","floor":8},{"not_picked":["Dagger Spray","Slice"],"picked":"Outmaneuver","floor":11},{"not_picked":["Dodge and Roll","Predator"],"picked":"Acrobatics","floor":13},{"not_picked":["Accuracy","Dodge and Roll"],"picked":"Deadly Poison","floor":15},{"not_picked":["Night Terror","Corpse Explosion"],"picked":"Envenom","floor":16},{"not_picked":["Heel Hook","Prepared"],"picked":"Deadly Poison","floor":18},{"not_picked":["Heel Hook","Flying Knee"],"picked":"Acrobatics","floor":19},{"not_picked":["Infinite Blades","Backflip"],"picked":"Adrenaline","floor":24},{"not_picked":["Bouncing Flask","Backflip"],"picked":"Poisoned Stab","floor":25},{"not_picked":["Quick Slash","Blur"],"picked":"Footwork","floor":27},{"not_picked":["Masterful Stab","Quick Slash"],"picked":"Bane","floor":28},{"not_picked":["Heel Hook","Flying Knee"],"picked":"Eviscerate","floor":29},{"not_picked":["Sucker Punch","PiercingWail"],"picked":"Poisoned Stab","floor":32},{"not_picked":["Glass Knife","After Image"],"picked":"Adrenaline","floor":33},{"not_picked":["Outmaneuver","Heel Hook"],"picked":"Crippling Poison","floor":35},{"not_picked":["Footwork","Acrobatics"],"picked":"Poisoned Stab","floor":36},{"not_picked":["Master of Strategy","Deep Breath"],"picked":"Madness","floor":38},{"not_picked":["Good Instincts","Thinking Ahead"],"picked":"Deep Breath","floor":38},{"not_picked":["Thinking Ahead","Sadistic Nature"],"picked":"Flash of Steel","floor":38},{"not_picked":["Acrobatics","Heel Hook"],"picked":"Prepared","floor":41},{"not_picked":["Outmaneuver","Dagger Spray"],"picked":"Slice","floor":44},{"not_picked":["Outmaneuver","Cloak And Dagger"],"picked":"After Image","floor":45},{"not_picked":["Underhanded Strike","Deflect"],"picked":"Calculated Gamble","floor":47},{"not_picked":["Poisoned Stab","Distraction"],"picked":"Caltrops","floor":48}],"player_experience":239577,"potions_floor_usage":[16,16,16,24,24,33,33,42,44,45,48,48],"damage_taken":[{"damage":6,"enemies":"Jaw Worm","floor":1,"turns":3},{"damage":0,"enemies":"Cultist","floor":4,"turns":2},{"damage":0,"enemies":"Small Slimes","floor":5,"turns":2},{"damage":21,"enemies":"3 Sentries","floor":6,"turns":6},{"damage":7,"enemies":"Looter","floor":8,"turns":3},{"damage":6,"enemies":"Exordium Wildlife","floor":11,"turns":3},{"damage":18,"enemies":"Gremlin Nob","floor":12,"turns":4},{"damage":0,"enemies":"Large Slime","floor":13,"turns":2},{"damage":28,"enemies":"The Guardian","floor":16,"turns":7},{"damage":7,"enemies":"3 Byrds","floor":18,"turns":2},{"damage":5,"enemies":"Chosen","floor":19,"turns":3},{"damage":17,"enemies":"Centurion and Healer","floor":21,"turns":4},{"damage":18,"enemies":"Gremlin Leader","floor":24,"turns":5},{"damage":1,"enemies":"Sentry and Sphere","floor":25,"turns":7},{"damage":0,"enemies":"3 Cultists","floor":27,"turns":4},{"damage":0,"enemies":"Centurion and Healer","floor":28,"turns":6},{"damage":6,"enemies":"Snake Plant","floor":31,"turns":3},{"damage":3,"enemies":"Collector","floor":33,"turns":6},{"damage":0,"enemies":"Orb Walker","floor":35,"turns":2},{"damage":1,"enemies":"3 Darklings","floor":36,"turns":5},{"damage":0,"enemies":"Maw","floor":41,"turns":7},{"damage":4,"enemies":"Sphere and 2 Shapes","floor":42,"turns":4},{"damage":5,"enemies":"Mysterious Sphere","floor":44,"turns":4},{"damage":0,"enemies":"Nemesis","floor":45,"turns":7},{"damage":0,"enemies":"4 Shapes","floor":47,"turns":3},{"damage":4,"enemies":"3 Darklings","floor":48,"turns":7},{"damage":11,"enemies":"Time Eater","floor":50,"turns":6}],"event_choices":[{"event_name":"Living Wall","player_choice":"Forget","floor":3,"damage_taken":0},{"event_name":"Dead Adventurer","player_choice":"Searched \u00273\u0027 times","floor":12,"damage_taken":0},{"event_name":"Ghosts","player_choice":"Became a Ghost","floor":22,"damage_taken":0},{"event_name":"SensoryStone","player_choice":"Memory 3","floor":38,"damage_taken":0},{"event_name":"Mysterious Sphere","player_choice":"Fight","floor":44,"damage_taken":0}],"boss_relics":[{"not_picked":["Orrery","Black Star"],"picked":"Astrolabe"},{"not_picked":["Sozu","Lizard Tail"],"picked":"Eternal Feather"}],"potions_floor_spawned":[1,6,8,12,13,18,21,28,31,33,36,44,45,47],"seed_played":"-2721555855400712205","killed_by":"Time Eater","ascension_level":0,"is_trial":false}