{"gold_per_floor":[109,119,194,1,1,1,18,44,108,120,165,177,199,222,234,318,330,356,368,397,423,445,457,469,481,793,837,849,861,905,396,396,469,469,488,488,588,313,313,338,338,338,362,397,397],"floor_reached":45,"playtime":2152,"items_purged":["Writhe","Bite"],"score":1280,"play_id":"0b6eebce-af35-4f1b-b1df-26a6a7464d0b","local_time":"20190216225717","is_ascension_mode":true,"campfire_choices":[{"data":"Defragment","floor":6,"key":"SMITH"},{"data":"Ball Lightning","floor":10,"key":"SMITH"},{"data":"Ball Lightning","floor":12,"key":"SMITH"},{"data":"Reinforced Body","floor":15,"key":"SMITH"},{"data":"Coolheaded","floor":23,"key":"SMITH"},{"data":"Sunder","floor":25,"key":"SMITH"},{"data":"Buffer","floor":29,"key":"SMITH"},{"floor":32,"key":"REST"},{"data":"Buffer","floor":41,"key":"SMITH"},{"data":"Defragment","floor":42,"key":"SMITH"}],"neow_cost":"NONE","seed_source_timestamp":47008895026579,"circlet_count":0,"master_deck":["AscendersBane","Defend_B+1","Defend_B","Defend_B","Defend_B","Zap+1","Dualcast","Ball Lightning+1","Conserve Battery+1","Defragment+1","Sunder+1","Reinforced Body+1","Chill","BootSequence","Ball Lightning+1","Buffer+1","Sunder+1","Defragment+1","Coolheaded+1","Electrodynamics","Defragment+1","Bite","Bite","Bite","Bite","Skim","All For One","Tempest","Buffer+1","Biased Cognition"],"relics":["FrozenCore","MawBank","War Paint","Sundial","Snecko Eye","Turnip","Old Coin","WingedGreaves","Dream Catcher","Chemical X","Vajra","Thread and Needle","Anchor","Bronze Scales"],"potions_floor_usage":[8,16,30,30,44,45],"damage_taken":[{"damage":1,"enemies":"Cultist","floor":1,"turns":4},{"damage":0,"enemies":"Small Slimes","floor":2,"turns":2},{"damage":6,"enemies":"2 Louse","floor":7,"turns":2},{"damage":3,"enemies":"Lagavulin","floor":8,"turns":5},{"damage":0,"enemies":"3 Sentries","floor":11,"turns":6},{"damage":0,"enemies":"Lots of Slimes","floor":13,"turns":4},{"damage":0,"enemies":"Large Slime","floor":14,"turns":4},{"damage":28,"enemies":"Hexaghost","floor":16,"turns":8},{"damage":0,"enemies":"Chosen","floor":18,"turns":5},{"damage":0,"enemies":"Spheric Guardian","floor":20,"turns":3},{"damage":11,"enemies":"Snake Plant","floor":21,"turns":4},{"damage":9,"enemies":"Cultist and Chosen","floor":22,"turns":6},{"damage":0,"enemies":"Gremlin Leader","floor":27,"turns":5},{"damage":26,"enemies":"Slavers","floor":30,"turns":4},{"damage":0,"enemies":"Automaton","floor":33,"turns":9},{"damage":0,"enemies":"Orb Walker","floor":35,"turns":2},{"damage":0,"enemies":"Mind Bloom Boss Battle","floor":37,"turns":4},{"damage":24,"enemies":"Giant Head","floor":40,"turns":9},{"damage":12,"enemies":"Reptomancer","floor":44,"turns":4},{"damage":21,"enemies":"2 Orb Walkers","floor":45,"turns":2}],"seed_played":"1921584557507737715","potions_obtained":[{"floor":1,"key":"PowerPotion"},{"floor":11,"key":"GamblersBrew"},{"floor":14,"key":"PowerPotion"},{"floor":16,"key":"Explosive Potion"},{"floor":30,"key":"FocusPotion"},{"floor":44,"key":"PowerPotion"}],"is_trial":false,"path_per_floor":["M","M","?","$","?","R","M","E","T","R","E","R","M","M","R","B",null,"M","?","M","M","M","R","?","R","T","E","?","R","E","$","R","B",null,"M","?","?","$","?","E","R","R","T","E","?"],"character_chosen":"DEFECT","items_purchased":["Defragment","Sunder","Reinforced Body","Chemical X","Vajra","Swift Potion","Buffer"],"campfire_rested":1,"item_purchase_floors":[4,4,4,31,31,31,38],"current_hp_per_floor":[63,63,52,52,52,52,46,43,43,43,43,43,43,43,43,15,57,57,57,57,46,37,37,37,37,37,37,37,37,19,19,33,49,49,49,49,49,49,47,25,25,25,25,17,0],"gold":397,"neow_bonus":"UPGRADE_CARD","is_prod":false,"is_daily":false,"chose_seed":false,"campfire_upgraded":9,"win_rate":0,"timestamp":1550375837,"path_taken":["M","M","?","$","?","R","M","E","T","R","E","R","M","M","R","BOSS","M","?","M","?","?","R","?","R","T","E","?","R","E","$","R","BOSS","M","?","?","$","?","E","R","R","T","E","?"],"build_version":"2019-01-23","purchased_purges":2,"victory":false,"max_hp_per_floor":[71,71,71,71,71,71,71,71,71,71,71,71,71,71,71,71,71,71,71,71,71,71,71,71,71,71,71,49,49,49,49,49,49,49,49,49,49,49,47,47,47,47,47,47,47],"card_choices":[{"not_picked":["Undo","Hologram"],"picked":"Ball Lightning","floor":1},{"not_picked":["Blizzard","Beam Cell"],"picked":"Conserve Battery","floor":2},{"not_picked":["Rebound","Chaos"],"picked":"Chill","floor":7},{"not_picked":["Rebound","Darkness"],"picked":"BootSequence","floor":8},{"not_picked":["Cold Snap","Redo"],"picked":"Ball Lightning","floor":11},{"not_picked":["Recycle","Streamline","Steam Power"],"picked":"SKIP","floor":13},{"not_picked":["Gash","Stack","Hello World"],"picked":"SKIP","floor":14},{"not_picked":["Echo Form","Multi-Cast"],"picked":"Buffer","floor":16},{"not_picked":["Ball Lightning","Compile Driver"],"picked":"Sunder","floor":18},{"not_picked":["Melter","Ball Lightning+1","Sweeping Beam"],"picked":"SKIP","floor":20},{"not_picked":["Turbo+1","Force Field"],"picked":"Coolheaded","floor":21},{"not_picked":["Beam Cell","Turbo"],"picked":"Electrodynamics","floor":22},{"not_picked":["Rebound","Lockon"],"picked":"Defragment","floor":27},{"not_picked":["Stack+1","Thunder Strike"],"picked":"Skim","floor":30},{"not_picked":["Amplify","Machine Learning"],"picked":"All For One","floor":33},{"not_picked":["Turbo","Cold Snap+1","Steam"],"picked":"SKIP","floor":35},{"not_picked":["Capacitor","Double Energy"],"picked":"Tempest","floor":37},{"not_picked":["Barrage","Heatsinks"],"picked":"Biased Cognition","floor":40},{"not_picked":["Blizzard+1","Steam Power","Hello World+1"],"picked":"SKIP","floor":44}],"player_experience":657476,"relics_obtained":[{"floor":8,"key":"MawBank"},{"floor":9,"key":"War Paint"},{"floor":11,"key":"Sundial"},{"floor":26,"key":"Old Coin"},{"floor":27,"key":"WingedGreaves"},{"floor":30,"key":"Dream Catcher"},{"floor":37,"key":"Thread and Needle"},{"floor":40,"key":"Anchor"},{"floor":44,"key":"Bronze Scales"}],"event_choices":[{"damage_healed":0,"gold_gain":75,"player_choice":"Gather Gold","damage_taken":11,"max_hp_gain":0,"max_hp_loss":0,"event_name":"World of Goop","floor":3,"gold_loss":0},{"damage_healed":0,"gold_gain":0,"player_choice":"Grow","damage_taken":0,"max_hp_gain":0,"max_hp_loss":0,"event_name":"Living Wall","floor":5,"gold_loss":0,"cards_upgraded":["Sunder"]},{"damage_healed":0,"gold_gain":0,"player_choice":"Copied","damage_taken":0,"max_hp_gain":0,"max_hp_loss":0,"event_name":"Duplicator","floor":19,"gold_loss":0,"cards_obtained":["Defragment"]},{"damage_healed":0,"gold_gain":0,"player_choice":"Opened","damage_taken":0,"relics_obtained":["Turnip"],"max_hp_gain":0,"max_hp_loss":0,"event_name":"The Mausoleum","floor":24,"gold_loss":0,"cards_obtained":["Writhe"]},{"damage_healed":0,"gold_gain":0,"player_choice":"Became a vampire","damage_taken":0,"max_hp_gain":0,"max_hp_loss":22,"event_name":"Vampires","floor":28,"gold_loss":0,"cards_obtained":["Bite","Bite","Bite","Bite","Bite"]},{"damage_healed":0,"gold_gain":0,"player_choice":"Ignored","damage_taken":0,"max_hp_gain":0,"max_hp_loss":0,"event_name":"Tomb of Lord Red Mask","floor":36,"gold_loss":0},{"damage_healed":0,"gold_gain":0,"player_choice":"Fight","damage_taken":0,"max_hp_gain":0,"max_hp_loss":0,"event_name":"MindBloom","floor":37,"gold_loss":0},{"damage_healed":0,"gold_gain":0,"player_choice":"Max HP","damage_taken":0,"max_hp_gain":0,"max_hp_loss":2,"event_name":"Winding Halls","floor":39,"gold_loss":0},{"damage_healed":0,"gold_gain":0,"player_choice":"Fight","damage_taken":0,"max_hp_gain":0,"max_hp_loss":0,"event_name":"Mysterious Sphere","floor":45,"gold_loss":0}],"is_beta":false,"boss_relics":[{"not_picked":["Empty Cage","Pandora\u0027s Box"],"picked":"Snecko Eye"},{"not_picked":["Lizard Tail","Coffee Dripper"],"picked":"FrozenCore"}],"items_purged_floors":[31,38],"is_endless":false,"potions_floor_spawned":[1,11,14,16,18,30,33,37,44],"killed_by":"2 Orb Walkers","ascension_level":20}