{"gold_per_floor":[119,165,177,192,267,267,282,282,282,299,299,318,318,332,332,453,453,478,478,452,91,91],"floor_reached":22,"playtime":3361,"items_purged":["Injury"],"score":178,"play_id":"072118af-5a83-498a-b177-788c079aa7ce","local_time":"20180701163408","is_ascension_mode":false,"campfire_choices":[{"data":"Juggernaut","floor":6.0,"key":"SMITH"},{"data":"Anger","floor":8.0,"key":"SMITH"},{"floor":15.0,"key":"REST"}],"neow_cost":"","seed_source_timestamp":0,"circlet_count":0,"master_deck":["Strike_R","Strike_R","Strike_R","Strike_R","Strike_R","Defend_R","Defend_R","Defend_R","Defend_R","Bash","Twin Strike","Anger+1","Juggernaut+1","Seeing Red","Barricade+1","Burning Pact","Armaments+1","Armaments"],"special_seed":0,"relics":["Burning Blood","Blood Vial","Bird Faced Urn","Golden Idol","Runic Pyramid","Bottled Tornado"],"potions_floor_usage":[22,22,22],"damage_taken":[{"damage":11.0,"enemies":"Cultist","floor":1.0,"turns":5.0},{"damage":4.0,"enemies":"2 Louse","floor":3.0,"turns":3.0},{"damage":2.0,"enemies":"Jaw Worm","floor":4.0,"turns":4.0},{"damage":17.0,"enemies":"Lots of Slimes","floor":7.0,"turns":5.0},{"damage":13.0,"enemies":"Red Slaver","floor":10.0,"turns":4.0},{"damage":12.0,"enemies":"3 Louse","floor":12.0,"turns":3.0},{"damage":7.0,"enemies":"Large Slime","floor":14.0,"turns":6.0},{"damage":78.0,"enemies":"The Guardian","floor":16.0,"turns":15.0},{"damage":38.0,"enemies":"Shell Parasite","floor":18.0,"turns":8.0},{"damage":41.0,"enemies":"2 Thieves","floor":20.0,"turns":5.0},{"damage":38,"enemies":"Cultist and Chosen","floor":22,"turns":4}],"seed_played":"-6504661055462879700","potions_obtained":[{"floor":4.0,"key":"LiquidBronze"},{"floor":7.0,"key":"Dexterity Potion"},{"floor":14.0,"key":"Swift Potion"},{"floor":16.0,"key":"Block Potion"},{"floor":18.0,"key":"Strength Potion"},{"floor":20.0,"key":"Regen Potion"}],"is_trial":false,"path_per_floor":["M","T","M","M","?","R","M","R","T","M","?","M","?","M","R","B",null,"M","?","M","$"],"character_chosen":"IRONCLAD","items_purchased":["Bottled Tornado","Armaments"],"campfire_rested":1,"item_purchase_floors":[21,21],"current_hp_per_floor":[75,75,79,80,69,69,60,60,60,55,60,58,58,61,85,13,85,57,57,26,26,0],"gold":91,"neow_bonus":"","is_prod":false,"is_daily":false,"chose_seed":false,"campfire_upgraded":2,"win_rate":0.0,"timestamp":1530477248,"path_taken":["M","?","M","M","?","R","?","R","T","M","?","?","?","M","R","BOSS","M","?","?","$","M"],"build_version":"2018-06-28","purchased_purges":1,"victory":false,"max_hp_per_floor":[80,80,80,80,80,80,80,80,80,80,85,85,85,85,85,85,85,85,85,85,85,85],"card_choices":[{"not_picked":["Feel No Pain","Bloodletting"],"picked":"Twin Strike","floor":1.0},{"not_picked":["Pummel","True Grit"],"picked":"Anger","floor":3.0},{"not_picked":["Anger","Second Wind"],"picked":"Juggernaut","floor":4.0},{"not_picked":["Hemokinesis","Rupture","Clash"],"picked":"SKIP","floor":7.0},{"not_picked":["Twin Strike","Combust","Sever Soul"],"picked":"SKIP","floor":10.0},{"not_picked":["Entrench","Whirlwind","Clothesline"],"picked":"SKIP","floor":12.0},{"not_picked":["Whirlwind","Perfected Strike"],"picked":"Seeing Red","floor":14.0},{"not_picked":["Demon Form","Offering"],"picked":"Barricade","floor":16.0},{"not_picked":["Fire Breathing+1","Clothesline"],"picked":"Burning Pact","floor":18.0},{"not_picked":["Thunderclap","Inflame"],"picked":"Armaments+1","floor":20.0}],"player_experience":0,"relics_obtained":[{"floor":2.0,"key":"Blood Vial"},{"floor":9.0,"key":"Bird Faced Urn"}],"event_choices":[{"event_name":"World of Goop","player_choice":"Gather Gold","floor":5.0,"damage_taken":0.0},{"event_name":"Big Fish","player_choice":"Donut","floor":11.0,"damage_taken":0.0},{"event_name":"Golden Idol","player_choice":"Take Wound","floor":13.0,"damage_taken":0.0},{"event_name":"Upgrade Shrine","player_choice":"Upgraded","floor":19.0,"damage_taken":0.0}],"boss_relics":[{"not_picked":["Tiny House","Cursed Key"],"picked":"Runic Pyramid"}],"items_purged_floors":[21],"is_endless":false,"potions_floor_spawned":[4,7,14,16,18,20],"killed_by":"Cultist and Chosen","ascension_level":0}