{"path_per_floor":["M","M","$","?","?","E","M","R","T","M","M","M","R","M","R"],"character_chosen":"THE_SILENT","items_purchased":["Prepared","Reflex"],"gold_per_floor":[118,133,12,12,12,47,58,58,84,102,121,135,135,149,149],"floor_reached":16,"campfire_rested":3,"playtime":1642,"current_hp_per_floor":[64,64,64,64,61,29,29,50,50,47,44,26,47,38,59],"items_purged":[],"gold":149,"score":109,"play_id":"b3f28ee9-315e-4f36-be91-eaba03863729","is_prod":false,"is_daily":false,"is_ascension_mode":true,"campfire_upgraded":0,"path_taken":["M","?","$","?","?","E","M","R","T","M","M","M","R","M","R","BOSS"],"build_version":"2018-02-15-PROD1","purchased_purges":0,"victory":false,"master_deck":["Defend_G","Defend_G","Defend_G","Defend_G","Defend_G","Strike_G","Strike_G","Strike_G","Strike_G","Strike_G","Survivor","Neutralize","Eviscerate","Skewer","Prepared+1","Reflex","Backflip","Acrobatics","Calculated Gamble","Reflex","Acrobatics"],"max_hp_per_floor":[70,70,70,70,70,70,70,70,70,70,70,70,70,72,72],"relics":["Question Card","Tough Bandages","Singing Bowl","Ancient Tea Set"],"card_choices":[{"not_picked":["Masterful Stab","Sucker Punch","Blade Dance"],"picked":"Eviscerate"},{"not_picked":["Deadly Poison","Sucker Punch","Poisoned Stab"],"picked":"Skewer"},{"not_picked":["Choke","Cloak And Dagger","Deadly Poison"],"picked":"Backflip"},{"not_picked":["Outmaneuver","After Image","Sucker Punch"],"picked":"Acrobatics"},{"not_picked":["Bouncing Flask","Flying Knee","Dagger Throw"],"picked":"Calculated Gamble"},{"not_picked":["Distraction","Dash","Backflip"],"picked":"Reflex"},{"not_picked":["Deadly Poison","Masterful Stab","Dodge and Roll"],"picked":"Acrobatics"}],"player_experience":113794,"potions_floor_usage":[6,12,16,16],"damage_taken":[{"damage":6,"enemies":"Cultist","floor":1,"turns":6},{"damage":0,"enemies":"2 Louse","floor":2,"turns":3},{"damage":32,"enemies":"Gremlin Nob","floor":6,"turns":5},{"damage":0,"enemies":"Small Slimes","floor":7,"turns":3},{"damage":3,"enemies":"3 Louse","floor":10,"turns":3},{"damage":3,"enemies":"Gremlin Gang","floor":11,"turns":4},{"damage":18,"enemies":"Exordium Thugs","floor":12,"turns":3},{"damage":11,"enemies":"Exordium Wildlife","floor":14,"turns":5},{"damage":63,"enemies":"Slime Boss","floor":16,"turns":16}],"event_choices":[{"event_name":"Living Wall","player_choice":"Grow","floor":4,"damage_taken":0},{"event_name":"Scrap Ooze","player_choice":"success","floor":5,"damage_taken":3}],"boss_relics":[],"potions_floor_spawned":[1,6,11,14],"seed_played":"5364094815711882716","killed_by":"Slime Boss","ascension_level":1,"is_trial":false}