{"gold_per_floor":[109,129,129,141,15,15,30,30,30,64,83,116,131,36,36,36],"floor_reached":16,"playtime":534,"items_purged":["Strike_R"],"score":218,"play_id":"79d50cf0-6802-4183-87e6-9408aef4b8a5","local_time":"20181128215151","is_ascension_mode":true,"campfire_choices":[{"data":"Bash","floor":6,"key":"SMITH"},{"data":"Cleave","floor":8,"key":"SMITH"},{"data":"Sword Boomerang","floor":15,"key":"SMITH"}],"neow_cost":"NONE","seed_source_timestamp":1240478672220390,"circlet_count":0,"master_deck":["AscendersBane","Strike_R","Strike_R","Strike_R","Strike_R","Defend_R+1","Defend_R","Defend_R","Defend_R","Bash+1","Iron Wave","Sword Boomerang+1","Cleave+1","Shrug It Off+1","Iron Wave","Reckless Charge","Ghostly Armor+1","True Grit+1","Discovery+1"],"relics":["Burning Blood","NeowsBlessing","Ornamental Fan","Toxic Egg 2","Anchor","War Paint"],"potions_floor_usage":[10,10,16],"damage_taken":[{"damage":0,"enemies":"Cultist","floor":1,"turns":1},{"damage":0,"enemies":"Small Slimes","floor":2,"turns":1},{"damage":0,"enemies":"2 Louse","floor":4,"turns":1},{"damage":2,"enemies":"Lots of Slimes","floor":7,"turns":3},{"damage":19,"enemies":"Gremlin Nob","floor":10,"turns":4},{"damage":7,"enemies":"Large Slime","floor":11,"turns":5},{"damage":21,"enemies":"Lagavulin","floor":12,"turns":8},{"damage":1,"enemies":"3 Louse","floor":13,"turns":4},{"damage":53,"enemies":"Hexaghost","floor":16,"turns":9}],"seed_played":"288073772331675422","potions_obtained":[{"floor":1,"key":"Poison Potion"},{"floor":4,"key":"Swift Potion"},{"floor":12,"key":"SneckoOil"}],"is_trial":false,"path_per_floor":["M","M","T","M","$","R","M","R","T","E","M","E","M","$","R","B"],"character_chosen":"IRONCLAD","items_purchased":["Shrug It Off","Discovery+1"],"campfire_rested":0,"item_purchase_floors":[5,14],"current_hp_per_floor":[74,75,75,75,75,75,75,75,75,62,61,46,51,51,51,0],"gold":36,"neow_bonus":"THREE_ENEMY_KILL","is_prod":false,"is_daily":false,"chose_seed":false,"campfire_upgraded":3,"win_rate":0,"timestamp":1543459911,"path_taken":["M","?","?","?","$","R","M","R","T","E","M","E","M","$","R","BOSS"],"build_version":"2018-11-15","purchased_purges":1,"victory":false,"max_hp_per_floor":[75,75,75,75,75,75,75,75,75,75,75,75,75,75,75,75],"card_choices":[{"not_picked":["Dual Wield","Cleave"],"picked":"Iron Wave","floor":1},{"not_picked":["Anger","Intimidate"],"picked":"Sword Boomerang","floor":2},{"not_picked":["True Grit","Twin Strike"],"picked":"Cleave","floor":4},{"not_picked":["Twin Strike","Body Slam"],"picked":"Iron Wave","floor":7},{"not_picked":["Body Slam","Clothesline"],"picked":"Reckless Charge","floor":10},{"not_picked":["Searing Blow","Anger"],"picked":"Ghostly Armor+1","floor":11},{"not_picked":["Perfected Strike","Searing Blow"],"picked":"True Grit+1","floor":12},{"not_picked":["Wild Strike","Iron Wave","Dropkick"],"picked":"SKIP","floor":13}],"player_experience":533414,"relics_obtained":[{"floor":3,"key":"Ornamental Fan"},{"floor":9,"key":"Toxic Egg 2"},{"floor":10,"key":"Anchor"},{"floor":12,"key":"War Paint"}],"event_choices":[],"is_beta":false,"boss_relics":[],"items_purged_floors":[5],"is_endless":false,"potions_floor_spawned":[1,4,12],"killed_by":"Hexaghost","ascension_level":19}