{"path_per_floor":["M","?","M","$","M","E","R","?","T","R","M","T","?","M","R","B",null,"M","M","?","M","$","R","M","R","T","R","M","?","$","M","R"],"character_chosen":"IRONCLAD","items_purchased":["Inflame","Flex","Reaper","Combust","Flex","Metallicize"],"gold_per_floor":[116,116,135,34,53,85,85,85,85,85,103,150,150,166,166,294,332,348,364,364,388,30,30,51,51,51,51,69,69,30,48,48],"floor_reached":33,"campfire_rested":5,"playtime":1967,"current_hp_per_floor":[80,62,57,57,41,7,31,31,31,53,45,52,83,78,78,45,88,55,56,56,42,42,68,40,66,66,66,37,37,37,39,65],"items_purged":["Writhe"],"gold":48,"play_id":"2ff5d4e8-056c-4db6-bc0a-2d40793e7b70","is_prod":false,"is_daily":false,"campfire_rituals":0,"campfire_upgraded":2,"is_hardmode":false,"path_taken":["M","?","M","$","M","E","R","?","T","R","M","?","?","M","R","BOSS","M","M","?","M","$","R","M","R","T","R","?","?","?","M","R","BOSS"],"build_version":"2017-12-21-PROD1","purchased_purges":1,"victory":false,"master_deck":["Strike_R","Strike_R","Strike_R","Strike_R","Strike_R","Defend_R","Defend_R","Defend_R","Defend_R","Bash","Sever Soul","Fire Breathing","Inflame","Flex","Whirlwind","Iron Wave","Battle Trance","Offering","Burning Pact","Seeing Red","Warcry","Combust","Reaper","Combust","Flex","Rupture","Dual Wield","Metallicize","Rage"],"max_hp_per_floor":[80,80,80,80,80,80,80,76,76,76,76,83,83,83,83,83,88,88,88,88,88,88,88,88,88,88,88,88,88,88,88,88],"relics":["Burning Blood","Ancient Tea Set","Letter Opener","Sundial","Golden Idol","Unceasing Top","Strawberry","Tiny House","Bronze Scales","Oddly Smooth Stone"],"campfire_meditates":0,"card_choices":[{"not_picked":["Sword Boomerang","Uppercut"],"picked":"Sever Soul"},{"not_picked":["Headbutt","Hemokinesis"],"picked":"Fire Breathing"},{"not_picked":["Thunderclap","Twin Strike"],"picked":"Whirlwind"},{"not_picked":["Clothesline","Clash"],"picked":"Corruption"},{"not_picked":["Bludgeon","Disarm"],"picked":"Iron Wave"},{"not_picked":["Sword Boomerang","Second Wind"],"picked":"Battle Trance"},{"not_picked":["Brutality","Feed"],"picked":"Offering"},{"not_picked":["Clash","Power Through"],"picked":"Burning Pact"},{"not_picked":["True Grit","Pummel"],"picked":"Seeing Red"},{"not_picked":["Clash","Blood for Blood"],"picked":"Warcry"},{"not_picked":["Body Slam","Sword Boomerang"],"picked":"Combust"},{"not_picked":["Bludgeon","Pommel Strike"],"picked":"Rupture"},{"not_picked":["Infernal Blade","Shockwave"],"picked":"Dual Wield"},{"not_picked":["Twin Strike","Anger"],"picked":"Rage"}],"player_experience":15131,"potions_floor_usage":[],"damage_taken":[{"damage":6,"enemies":"Cultist","floor":1,"turns":3},{"damage":11,"enemies":"Jaw Worm","floor":3,"turns":4},{"damage":22,"enemies":"Looter","floor":5,"turns":4},{"damage":40,"enemies":"3 Sentries","floor":6,"turns":4},{"damage":14,"enemies":"Exordium Wildlife","floor":11,"turns":5},{"damage":11,"enemies":"3 Louse","floor":14,"turns":2},{"damage":39,"enemies":"Slime Boss","floor":16,"turns":8},{"damage":39,"enemies":"Spheric Guardian","floor":18,"turns":5},{"damage":5,"enemies":"3 Byrds","floor":19,"turns":3},{"damage":20,"enemies":"Snecko","floor":21,"turns":4},{"damage":34,"enemies":"Snake Plant","floor":24,"turns":3},{"damage":43,"enemies":"Centurion and Healer","floor":28,"turns":4},{"damage":20,"enemies":"Snecko","floor":31,"turns":4},{"damage":65,"enemies":"Automaton","floor":33,"turns":6}],"event_choices":[{"event_name":"Scrap Ooze","player_choice":"success","floor":2,"damage_taken":18},{"event_name":"Golden Idol","player_choice":"Lose Max HP","floor":8,"damage_taken":0},{"event_name":"Bonfire Elementals","player_choice":"POWER","floor":13,"damage_taken":0},{"event_name":"The Mausoleum","player_choice":"Yes","floor":20,"damage_taken":0},{"event_name":"Addict","player_choice":"Ignored","floor":29,"damage_taken":0}],"boss_relics":[{"not_picked":["Philosopher\u0027s Stone","Snecko Eye"],"picked":"Tiny House"}],"potions_floor_spawned":[1,5,14,16,18,31],"seed_played":"-1305722054885399990","killed_by":"Automaton","is_trial":false}