{"gold_per_floor":[116,129,146,157,173,173,173,173,173,197,197,210,41,58,58,157,157,177,187,112,112,0,0,0,16,40,140,156,156,60,72,72,72],"floor_reached":33,"playtime":3848,"items_purged":["Strike_B"],"score":241,"play_id":"96b306fd-2333-4b25-ad21-2e4d1231fda7","local_time":"20190203161457","is_ascension_mode":false,"campfire_choices":[{"data":"Fusion","floor":6.0,"key":"SMITH"},{"data":"Beam Cell","floor":8.0,"key":"SMITH"},{"data":"FTL","floor":11.0,"key":"SMITH"},{"floor":15.0,"key":"REST"},{"floor":23,"key":"REST"},{"floor":29,"key":"REST"},{"floor":32,"key":"REST"}],"neow_cost":"PERCENT_DAMAGE","seed_source_timestamp":0,"circlet_count":0,"master_deck":["Strike_B","Strike_B","Strike_B","Defend_B","Defend_B+1","Defend_B","Zap+1","Dualcast+1","FTL+1","Beam Cell+1","Sweeping Beam","Hologram","Fusion+1","Cold Snap","Coolheaded","Streamline","Creative AI","Core Surge","Go for the Eyes","Rebound","Doom and Gloom","Reinforced Body","Ball Lightning","Sunder","PanicButton","White Noise"],"special_seed":0,"relics":["Cracked Core","Bottled Flame","Potion Belt","Inserter","War Paint"],"potions_floor_usage":[24,25,28,28,33],"damage_taken":[{"damage":1.0,"enemies":"Cultist","floor":1.0,"turns":3.0},{"damage":6.0,"enemies":"Jaw Worm","floor":2.0,"turns":3.0},{"damage":0.0,"enemies":"2 Louse","floor":3.0,"turns":2.0},{"damage":8.0,"enemies":"Red Slaver","floor":4.0,"turns":3.0},{"damage":1.0,"enemies":"2 Fungi Beasts","floor":5.0,"turns":3.0},{"damage":3.0,"enemies":"Gremlin Gang","floor":12.0,"turns":3.0},{"damage":0.0,"enemies":"3 Louse","floor":14.0,"turns":2.0},{"damage":19.0,"enemies":"Slime Boss","floor":16.0,"turns":8.0},{"damage":26,"enemies":"Spheric Guardian","floor":18,"turns":6},{"damage":17,"enemies":"3 Byrds","floor":19,"turns":5},{"damage":21,"enemies":"Sentry and Sphere","floor":24,"turns":5},{"damage":30,"enemies":"Shelled Parasite and Fungi","floor":25,"turns":7},{"damage":32,"enemies":"Cultist and Chosen","floor":28,"turns":6},{"damage":0,"enemies":"Sentry and Sphere","floor":31,"turns":4},{"damage":72,"enemies":"Automaton","floor":33,"turns":8}],"seed_played":"5070581289352228247","potions_obtained":[{"floor":1.0,"key":"Block Potion"},{"floor":3.0,"key":"LiquidBronze"},{"floor":5.0,"key":"Poison Potion"},{"floor":12.0,"key":"Dexterity Potion"},{"floor":19,"key":"Regen Potion"},{"floor":21,"key":"FairyPotion"},{"floor":21,"key":"Block Potion"},{"floor":21,"key":"LiquidBronze"},{"floor":25,"key":"LiquidBronze"}],"is_trial":false,"path_per_floor":["M","M","M","M","M","R","?","R","T","T","R","M","$","M","R","B",null,"M","M","?","?","$","R","M","M","T","?","M","R","$","M","R","B"],"character_chosen":"DEFECT","items_purchased":["Coolheaded","Streamline","Doom and Gloom","Reinforced Body","PanicButton"],"campfire_rested":4,"item_purchase_floors":[13,13,22,22,30],"current_hp_per_floor":[67,61,61,53,52,52,52,52,52,52,52,49,49,49,75,56,89,63,46,46,46,46,72,51,36,36,36,4,30,30,30,56,0],"gold":72,"neow_bonus":"TWENTY_PERCENT_HP_BONUS","is_prod":false,"is_daily":false,"chose_seed":false,"campfire_upgraded":3,"win_rate":0.0,"timestamp":1549170897,"path_taken":["M","M","M","M","M","R","?","R","T","?","R","M","?","M","R","BOSS","M","M","?","?","$","R","?","M","T","?","?","R","$","M","R","BOSS"],"build_version":"2019-01-23","purchased_purges":1,"victory":false,"max_hp_per_floor":[89,89,89,89,89,89,89,89,89,89,89,89,89,89,89,89,89,89,89,89,89,89,89,89,89,89,89,89,89,89,89,89,89],"card_choices":[{"not_picked":["Heatsinks","Loop"],"picked":"FTL","floor":1.0},{"not_picked":["Stack","Scrape"],"picked":"Beam Cell","floor":2.0},{"not_picked":["Reprogram","Barrage"],"picked":"Sweeping Beam","floor":3.0},{"not_picked":["Coolheaded","Leap"],"picked":"Hologram","floor":4.0},{"not_picked":["Streamline","Tempest"],"picked":"Fusion","floor":5.0},{"not_picked":["Rip and Tear","Double Energy"],"picked":"Cold Snap","floor":12.0},{"not_picked":["Storm","Glacier"],"picked":"Creative AI","floor":14.0},{"not_picked":["Thunder Strike","Fission"],"picked":"Core Surge","floor":16.0},{"not_picked":["Chaos","Reprogram"],"picked":"Go for the Eyes","floor":18},{"not_picked":["Hologram","Stack"],"picked":"Rebound","floor":19},{"not_picked":["Go for the Eyes","Leap+1","Self Repair"],"picked":"SKIP","floor":24},{"not_picked":["Hologram+1","Coolheaded"],"picked":"Ball Lightning","floor":25},{"not_picked":["Beam Cell","Ball Lightning+1"],"picked":"Sunder","floor":28},{"not_picked":["Redo","Melter"],"picked":"White Noise","floor":31}],"player_experience":77915,"relics_obtained":[{"floor":9.0,"key":"Bottled Flame"},{"floor":10.0,"key":"Potion Belt"},{"floor":26,"key":"War Paint"}],"event_choices":[{"damage_healed":0.0,"max_hp_gain":0.0,"max_hp_loss":0.0,"gold_gain":0.0,"event_name":"Living Wall","player_choice":"Grow","floor":7.0,"gold_loss":0.0,"damage_taken":0.0,"cards_upgraded":["Zap"]},{"cards_removed":["Defend_B"],"damage_healed":0,"gold_gain":0,"player_choice":"Gave Gold","damage_taken":0,"max_hp_gain":0,"max_hp_loss":0,"event_name":"Beggar","floor":20,"gold_loss":75},{"damage_healed":0,"gold_gain":0,"player_choice":"Got Potions","damage_taken":0,"max_hp_gain":0,"max_hp_loss":0,"event_name":"Lab","floor":21,"gold_loss":0},{"damage_healed":0,"gold_gain":100,"player_choice":"Pray","damage_taken":0,"max_hp_gain":0,"max_hp_loss":0,"event_name":"Golden Shrine","floor":27,"gold_loss":0}],"is_beta":false,"boss_relics":[{"not_picked":["Orrery","Runic Dome"],"picked":"Inserter"}],"items_purged_floors":[13],"is_endless":false,"potions_floor_spawned":[1,3,5,12,19,25],"killed_by":"Automaton","ascension_level":0}