{"gold_per_floor":[124,148,235,247,16,16,16,16,16,51,63,92,92,107,107,182,182,199,124,124,157,157,157,183,26,26,26,26],"floor_reached":28,"playtime":956,"items_purged":["Strike_R","Anger+1"],"score":480,"play_id":"6cda4c5b-8fa3-4784-874e-ff77a4bb5658","local_time":"20181129150642","is_ascension_mode":true,"campfire_choices":[{"data":"Anger","floor":6,"key":"SMITH"},{"data":"Bash","floor":8,"key":"SMITH"},{"data":"True Grit","floor":13,"key":"SMITH"},{"floor":15,"key":"REST"},{"floor":23,"key":"REST"}],"neow_cost":"NONE","seed_source_timestamp":1302146387869444,"circlet_count":0,"master_deck":["AscendersBane","Strike_R+1","Strike_R+1","Strike_R+1","Defend_R+1","Defend_R+1","Defend_R+1","Defend_R+1","Bash+1","Feel No Pain","True Grit+1","Battle Trance","Carnage","Demon Form","Feel No Pain","Writhe","Blood for Blood","Whirlwind","Shame"],"relics":["Burning Blood","MawBank","Pantograph","Bronze Scales","Shovel","Orichalcum","Ancient Tea Set","Smiling Mask","Snecko Eye","The Courier","Red Mask","Pen Nib","Oddly Smooth Stone","Gremlin Horn"],"potions_floor_usage":[16,16,28],"damage_taken":[{"damage":9,"enemies":"Small Slimes","floor":1,"turns":5},{"damage":7,"enemies":"Jaw Worm","floor":2,"turns":5},{"damage":20,"enemies":"Gremlin Nob","floor":10,"turns":4},{"damage":4,"enemies":"2 Louse","floor":11,"turns":4},{"damage":16,"enemies":"3 Sentries","floor":12,"turns":10},{"damage":16,"enemies":"Gremlin Gang","floor":14,"turns":5},{"damage":51,"enemies":"The Guardian","floor":16,"turns":11},{"damage":10,"enemies":"Spheric Guardian","floor":18,"turns":4},{"damage":50,"enemies":"Masked Bandits","floor":21,"turns":5},{"damage":31,"enemies":"Book of Stabbing","floor":24,"turns":4},{"damage":12,"enemies":"Shell Parasite","floor":28,"turns":1}],"seed_played":"5269499114608293674","potions_obtained":[{"floor":10,"key":"LiquidBronze"},{"floor":14,"key":"Block Potion"},{"floor":24,"key":"FearPotion"}],"is_trial":false,"path_per_floor":["M","M","?","?","$","R","?","R","T","E","M","E","R","M","R","B",null,"M","?","?","?","?","R","E","$","T","?","M"],"character_chosen":"IRONCLAD","items_purchased":["Bronze Scales","Whirlwind","SkillPotion"],"campfire_rested":2,"item_purchase_floors":[5,25,25],"current_hp_per_floor":[65,64,53,42,42,42,42,42,42,28,30,20,20,10,32,12,59,55,55,55,11,11,33,8,8,8,8,0],"gold":26,"neow_bonus":"RANDOM_COMMON_RELIC","is_prod":false,"is_daily":false,"chose_seed":false,"campfire_upgraded":3,"win_rate":0,"timestamp":1543522002,"path_taken":["M","M","?","?","$","R","?","R","T","E","M","E","R","?","R","BOSS","M","?","?","?","?","R","E","$","T","?","M"],"build_version":"2018-11-15","purchased_purges":2,"victory":false,"max_hp_per_floor":[75,75,75,75,75,75,75,75,75,75,75,75,75,75,75,75,75,75,75,75,75,75,75,75,75,75,75,75],"card_choices":[{"not_picked":["True Grit","Power Through"],"picked":"Spot Weakness","floor":1},{"not_picked":["Body Slam","Flex"],"picked":"Anger","floor":2},{"not_picked":["Wild Strike","Pommel Strike"],"picked":"Feel No Pain","floor":10},{"not_picked":["Pommel Strike","Clash"],"picked":"True Grit","floor":11},{"not_picked":["Corruption","Blood for Blood"],"picked":"Battle Trance","floor":12},{"not_picked":["Exhume","Warcry"],"picked":"Carnage","floor":14},{"not_picked":["Dark Embrace","Berserk"],"picked":"Demon Form","floor":16},{"not_picked":["Ghostly Armor","Twin Strike"],"picked":"Feel No Pain","floor":18},{"not_picked":["Body Slam","True Grit"],"picked":"Blood for Blood","floor":24}],"player_experience":545529,"relics_obtained":[{"floor":9,"key":"Orichalcum"},{"floor":10,"key":"Ancient Tea Set"},{"floor":12,"key":"Smiling Mask"},{"floor":21,"key":"Red Mask"},{"floor":24,"key":"Pen Nib"},{"floor":26,"key":"Oddly Smooth Stone"}],"event_choices":[{"damage_healed":0,"gold_gain":75,"player_choice":"Gather Gold","damage_taken":11,"max_hp_gain":0,"max_hp_loss":0,"event_name":"World of Goop","floor":3,"gold_loss":0},{"damage_healed":0,"gold_gain":0,"player_choice":"Success","damage_taken":11,"relics_obtained":["Pantograph"],"max_hp_gain":0,"max_hp_loss":0,"event_name":"Scrap Ooze","floor":4,"gold_loss":0},{"cards_removed":["Spot Weakness"],"damage_healed":0,"gold_gain":0,"player_choice":"Gave Card","damage_taken":0,"relics_obtained":["Shovel"],"max_hp_gain":0,"max_hp_loss":0,"event_name":"WeMeetAgain","floor":7,"gold_loss":0},{"cards_removed":["Strike_R"],"damage_healed":0,"gold_gain":0,"player_choice":"Gave Gold","damage_taken":0,"max_hp_gain":0,"max_hp_loss":0,"event_name":"Beggar","floor":19,"gold_loss":75},{"damage_healed":0,"gold_gain":0,"player_choice":"Opened","damage_taken":0,"relics_obtained":["The Courier"],"max_hp_gain":0,"max_hp_loss":0,"event_name":"The Mausoleum","floor":20,"gold_loss":0,"cards_obtained":["Writhe"]},{"damage_healed":0,"gold_gain":0,"player_choice":"Fought Bandits","damage_taken":0,"max_hp_gain":0,"max_hp_loss":0,"event_name":"Masked Bandits","floor":21,"gold_loss":0},{"damage_healed":0,"gold_gain":0,"player_choice":"Simplicity","damage_taken":0,"max_hp_gain":0,"max_hp_loss":0,"event_name":"Back to Basics","floor":22,"gold_loss":0,"cards_upgraded":["Strike_R","Strike_R","Strike_R","Defend_R","Defend_R","Defend_R","Defend_R"]},{"damage_healed":0,"gold_gain":0,"player_choice":"Stole Relic","damage_taken":0,"relics_obtained":["Gremlin Horn"],"max_hp_gain":0,"max_hp_loss":0,"event_name":"Addict","floor":27,"gold_loss":0,"cards_obtained":["Shame"]}],"is_beta":false,"boss_relics":[{"not_picked":["Runic Cube","Runic Dome"],"picked":"Snecko Eye"}],"items_purged_floors":[5,25],"is_endless":false,"potions_floor_spawned":[10,14,24],"killed_by":"Shell Parasite","ascension_level":20}