{"path_per_floor":["M","M","?","$","?","R","E","$","T","$","M","?","T","M","R","B",null,"M","M","$"],"character_chosen":"DEFECT","items_purchased":["Streamline","Reprogram","Lockon","Capacitor","Runic Capacitor"],"gold_per_floor":[217,230,230,110,110,110,141,13,13,13,28,53,107,120,120,222,222,233,248,54,54],"floor_reached":21,"campfire_rested":2,"playtime":730,"current_hp_per_floor":[75,70,70,70,55,75,50,50,50,50,44,32,32,25,47,29,75,34,8,8,0],"items_purged":[],"gold":54,"score":177,"play_id":"84b152a6-ad74-40f7-82db-bf4ebb630b49","local_time":"20180501135656","is_prod":false,"is_daily":false,"chose_seed":false,"is_ascension_mode":false,"campfire_upgraded":0,"timestamp":1525204616,"path_taken":["M","M","?","$","?","R","E","$","T","?","?","?","?","M","R","BOSS","M","M","$","M"],"build_version":"2018-04-30","seed_source_timestamp":1723589679804833,"purchased_purges":0,"victory":false,"master_deck":["Strike_B","Strike_B","Strike_B+1","Defend_B","Defend_B","Defend_B","Zap+1","Dualcast","Hologram","Streamline+1","Reprogram+1","Axe Kick","Lockon","Capacitor","Consume","Reprieve","All For One","Fusion","Reprogram+1","Echo Form+1","Double Energy+1","Melter","Ball Lightning+1"],"max_hp_per_floor":[75,75,75,75,75,75,75,75,75,75,75,75,75,75,75,75,75,75,75,75,75],"relics":["Cracked Core","Anchor","Whetstone","Odd Mushroom","Juzu Bracelet","Astrolabe","Runic Capacitor"],"card_choices":[{"not_picked":["Auto Shields","Beam Cell"],"picked":"Doom and Gloom","floor":1},{"not_picked":["Impulse","Blaster"],"picked":"Hologram","floor":2},{"not_picked":["Auto Shields","Go for the Eyes"],"picked":"Axe Kick","floor":7},{"not_picked":["Reprieve","Streamline"],"picked":"Consume","floor":11},{"not_picked":["Steam Power","Genetic Algorithm"],"picked":"Reprieve","floor":12},{"not_picked":["Impulse","Stack"],"picked":"All For One","floor":14},{"not_picked":["Reboot","Biased Cognition"],"picked":"Fusion","floor":16},{"not_picked":["Stack","Turbo"],"picked":"Melter","floor":18},{"not_picked":["Recycle","Impulse"],"picked":"Ball Lightning","floor":19}],"player_experience":323656,"potions_floor_usage":[16,16,21,21],"damage_taken":[{"damage":0,"enemies":"2 Louse","floor":1,"turns":2},{"damage":5,"enemies":"Jaw Worm","floor":2,"turns":4},{"damage":25,"enemies":"3 Sentries","floor":7,"turns":6},{"damage":6,"enemies":"Cultist","floor":11,"turns":3},{"damage":12,"enemies":"The Mushroom Lair","floor":12,"turns":3},{"damage":7,"enemies":"Blue Slaver","floor":14,"turns":3},{"damage":18,"enemies":"Hexaghost","floor":16,"turns":7},{"damage":41,"enemies":"2 Thieves","floor":18,"turns":4},{"damage":26,"enemies":"Chosen","floor":19,"turns":6},{"damage":8,"enemies":"Snake Plant","floor":21,"turns":2}],"event_choices":[{"event_name":"The Cleric","player_choice":"Leave","floor":3,"damage_taken":0},{"event_name":"Shining Light","player_choice":"Entered Light","floor":5,"damage_taken":0},{"event_name":"Mushrooms","player_choice":"Fought Mushrooms","floor":12,"damage_taken":0}],"boss_relics":[{"not_picked":["Pandora\u0027s Box","Cursed Key"],"picked":"Astrolabe"}],"potions_floor_spawned":[1,2,11,12,16,19],"seed_played":"-3442237828952464576","killed_by":"Snake Plant","ascension_level":0,"is_trial":false}