{"gold_per_floor":[112,130,130,140,140,140,315,315,315,73,73,97,97,116,116,246,246,264,277,277,106,119,119,155,155,155,155,176,195,230,130,130,250,250,266,266,141,155,176,176,13,13,13,64,96,233,272,318,330,342],"floor_reached":51,"playtime":6709,"items_purged":["Doubt","Defend_R","Defend_R"],"score":760,"play_id":"8e265564-bd4c-4663-9b4b-5cdd1b23c4d7","local_time":"20190201023147","is_ascension_mode":false,"campfire_choices":[{"data":"Infernal Blade","floor":6.0,"key":"SMITH"},{"data":"Defend_R","floor":8.0,"key":"SMITH"},{"data":"Chrysalis","floor":13.0,"key":"SMITH"},{"data":"Defend_R","floor":15.0,"key":"SMITH"},{"data":"Apotheosis","floor":23.0,"key":"SMITH"},{"floor":27.0,"key":"REST"},{"floor":32.0,"key":"REST"},{"data":"Offering","floor":40.0,"key":"SMITH"},{"data":"Metamorphosis","floor":42.0,"key":"SMITH"},{"floor":49,"key":"REST"}],"neow_cost":"NONE","seed_source_timestamp":0,"circlet_count":0,"master_deck":["Strike_R","Strike_R","Strike_R","Strike_R+1","Strike_R+1","Defend_R+1","Defend_R+1","Bash","Body Slam","Infernal Blade+1","Body Slam","Chrysalis+1","Pummel","Pommel Strike","Offering+1","Pummel","Twin Strike","Good Instincts","Apotheosis+1","True Grit+1","True Grit+1","Ghostly","Ghostly","Ghostly","Ghostly","Ghostly","Cleave+1","Impervious","Metamorphosis+1","Pommel Strike+1","Body Slam+1"],"special_seed":0,"relics":["Burning Blood","Boot","Golden Idol","Shuriken","Mark of Pain","Kunai","Molten Egg 2","Oddly Smooth Stone","Busted Crown","MawBank","Bronze Scales","Peace Pipe","Paper Frog"],"potions_floor_usage":[50,50],"damage_taken":[{"damage":0.0,"enemies":"Small Slimes","floor":1.0,"turns":4.0},{"damage":0.0,"enemies":"2 Louse","floor":2.0,"turns":3.0},{"damage":12.0,"enemies":"Jaw Worm","floor":4.0,"turns":4.0},{"damage":14.0,"enemies":"Large Slime","floor":12.0,"turns":8.0},{"damage":0.0,"enemies":"Red Slaver","floor":14.0,"turns":2.0},{"damage":26.0,"enemies":"Hexaghost","floor":16.0,"turns":9.0},{"damage":10.0,"enemies":"Chosen","floor":18.0,"turns":5.0},{"damage":33.0,"enemies":"2 Thieves","floor":19.0,"turns":4.0},{"damage":24.0,"enemies":"Snake Plant","floor":22.0,"turns":3.0},{"damage":15.0,"enemies":"Gremlin Leader","floor":24.0,"turns":6.0},{"damage":9.0,"enemies":"Shelled Parasite and Fungi","floor":28.0,"turns":7.0},{"damage":11.0,"enemies":"Centurion and Healer","floor":29.0,"turns":7.0},{"damage":19.0,"enemies":"Book of Stabbing","floor":30.0,"turns":5.0},{"damage":30.0,"enemies":"Collector","floor":33.0,"turns":11.0},{"damage":1.0,"enemies":"Orb Walker","floor":35.0,"turns":3.0},{"damage":1.0,"enemies":"3 Shapes","floor":38.0,"turns":4.0},{"damage":4.0,"enemies":"3 Darklings","floor":39.0,"turns":6.0},{"damage":1.0,"enemies":"Nemesis","floor":44.0,"turns":7.0},{"damage":1.0,"enemies":"Maw","floor":45.0,"turns":8.0},{"damage":2.0,"enemies":"Mind Bloom Boss Battle","floor":46.0,"turns":7.0},{"damage":8.0,"enemies":"4 Shapes","floor":47.0,"turns":4.0},{"damage":17,"enemies":"Giant Head","floor":48,"turns":7},{"damage":26,"enemies":"Awakened One","floor":50,"turns":9}],"seed_played":"1498837241204347255","potions_obtained":[{"floor":2.0,"key":"Dexterity Potion"},{"floor":12.0,"key":"SpeedPotion"},{"floor":18.0,"key":"FearPotion"},{"floor":19.0,"key":"Regen Potion"},{"floor":22.0,"key":"Dexterity Potion"},{"floor":35.0,"key":"Dexterity Potion"},{"floor":39.0,"key":"GamblersBrew"},{"floor":45.0,"key":"Fire Potion"}],"is_trial":false,"path_per_floor":["M","M","?","M","?","R","?","R","T","$","?","M","R","M","R","B",null,"M","M","?","$","M","R","E","?","T","R","M","M","E","$","R","B",null,"M","?","$","M","M","R","$","R","T","E","M","?","M","E","R","B",null],"character_chosen":"IRONCLAD","items_purchased":["Chrysalis","Apotheosis","Metamorphosis"],"campfire_rested":3,"item_purchase_floors":[10,21,41],"current_hp_per_floor":[80,80,64,58,58,58,58,58,58,58,58,50,50,56,56,36,80,76,49,49,49,31,31,22,22,22,34,31,26,13,13,25,16,40,40,40,40,40,40,40,40,40,40,40,40,40,38,27,39,19],"gold":354,"neow_bonus":"RANDOM_COMMON_RELIC","is_prod":false,"is_daily":false,"chose_seed":false,"campfire_upgraded":7,"win_rate":0.0,"timestamp":1548984707,"path_taken":["M","M","?","M","?","R","?","R","T","$","?","?","R","M","R","BOSS","M","M","?","$","?","R","E","?","T","R","M","M","E","$","R","BOSS","M","?","$","M","?","R","$","R","T","E","M","?","M","E","R","BOSS"],"build_version":"2019-01-23","purchased_purges":3,"victory":true,"max_hp_per_floor":[80,80,80,80,80,80,80,80,80,80,80,80,80,80,80,80,80,80,80,80,80,80,80,80,40,40,40,40,40,40,40,40,40,40,40,40,40,40,40,40,40,40,40,40,40,40,40,40,40,40],"card_choices":[{"not_picked":["Wild Strike","Shrug It Off"],"picked":"Body Slam","floor":1.0},{"not_picked":["Armaments","Rage"],"picked":"Infernal Blade","floor":2.0},{"not_picked":["Wild Strike","Clash"],"picked":"Body Slam","floor":4.0},{"not_picked":["Thunderclap","Rage"],"picked":"Pummel","floor":12.0},{"not_picked":["Flex","Spot Weakness"],"picked":"Pommel Strike","floor":14.0},{"not_picked":["Impervious","Dark Embrace"],"picked":"Offering","floor":16.0},{"not_picked":["Perfected Strike","Twin Strike+1"],"picked":"Pummel","floor":18.0},{"not_picked":["Shockwave","Armaments"],"picked":"Twin Strike","floor":19.0},{"not_picked":["Armaments+1","Seeing Red"],"picked":"True Grit+1","floor":22.0},{"not_picked":["Feel No Pain","Clash"],"picked":"True Grit+1","floor":24.0},{"not_picked":["Twin Strike+1","Entrench"],"picked":"Cleave+1","floor":28.0},{"not_picked":["Flame Barrier+1","Shockwave","Iron Wave+1"],"picked":"SKIP","floor":29.0},{"not_picked":["Spot Weakness","Blood for Blood+1","Seeing Red"],"picked":"SKIP","floor":30.0},{"not_picked":["Berserk","Fiend Fire+1"],"picked":"Impervious","floor":33.0},{"not_picked":["Dual Wield"],"picked":"SKIP","floor":35.0},{"not_picked":["Disarm+1"],"picked":"SKIP","floor":38.0},{"not_picked":["Uppercut+1"],"picked":"SKIP","floor":39.0},{"not_picked":[],"picked":"Pommel Strike+1","floor":44.0},{"not_picked":["Intimidate+1"],"picked":"SKIP","floor":45.0},{"not_picked":[],"picked":"Body Slam+1","floor":47},{"not_picked":["Reaper+1"],"picked":"SKIP","floor":48}],"player_experience":22478,"relics_obtained":[{"floor":9.0,"key":"Shuriken"},{"floor":24.0,"key":"Kunai"},{"floor":26.0,"key":"Molten Egg 2"},{"floor":30.0,"key":"Oddly Smooth Stone"},{"floor":43.0,"key":"MawBank"},{"floor":44.0,"key":"Bronze Scales"},{"floor":46.0,"key":"Peace Pipe"},{"floor":48,"key":"Paper Frog"}],"event_choices":[{"damage_healed":0.0,"max_hp_gain":0.0,"max_hp_loss":0.0,"gold_gain":0.0,"event_name":"Shining Light","player_choice":"Entered Light","floor":3.0,"gold_loss":0.0,"damage_taken":16.0,"cards_upgraded":["Strike_R","Strike_R"]},{"damage_healed":0.0,"max_hp_gain":0.0,"max_hp_loss":0.0,"gold_gain":0.0,"event_name":"Golden Idol","player_choice":"Take Wound","floor":5.0,"gold_loss":0.0,"damage_taken":0.0,"relics_obtained":["Golden Idol"],"cards_obtained":["Injury"]},{"damage_healed":0.0,"max_hp_gain":0.0,"max_hp_loss":0.0,"gold_gain":175.0,"event_name":"Liars Game","player_choice":"AGREE","floor":7.0,"gold_loss":0.0,"damage_taken":0.0,"cards_obtained":["Doubt"]},{"cards_removed":["Injury"],"damage_healed":0.0,"max_hp_gain":0.0,"max_hp_loss":0.0,"gold_gain":0.0,"event_name":"Living Wall","player_choice":"Forget","floor":11.0,"gold_loss":0.0,"damage_taken":0.0},{"damage_healed":0.0,"max_hp_gain":0.0,"max_hp_loss":0.0,"gold_gain":0.0,"event_name":"Match and Keep!","player_choice":"1 cards matched","floor":20.0,"gold_loss":0.0,"damage_taken":0.0,"cards_obtained":["Good Instincts"]},{"damage_healed":0.0,"max_hp_gain":0.0,"max_hp_loss":40.0,"gold_gain":0.0,"event_name":"Ghosts","player_choice":"Became a Ghost","floor":25.0,"gold_loss":0.0,"damage_taken":0.0,"cards_obtained":["Ghostly","Ghostly","Ghostly","Ghostly","Ghostly"]},{"damage_healed":0.0,"max_hp_gain":0.0,"max_hp_loss":0.0,"gold_gain":0.0,"event_name":"NoteForYourself","player_choice":"Ignored","floor":36.0,"gold_loss":0.0,"damage_taken":0.0},{"damage_healed":0.0,"max_hp_gain":0.0,"max_hp_loss":0.0,"gold_gain":0.0,"event_name":"MindBloom","player_choice":"Fight","floor":46.0,"gold_loss":0.0,"damage_taken":0.0}],"is_beta":false,"boss_relics":[{"not_picked":["Lizard Tail","Orrery"],"picked":"Mark of Pain"},{"not_picked":["Empty Cage","White Beast Statue"],"picked":"Busted Crown"}],"items_purged_floors":[10,31,37],"is_endless":false,"potions_floor_spawned":[2,12,18,19,22,35,39,45],"ascension_level":0}