{"gold_per_floor":[14,28,39,39,56,72,72,105,105,126,137,200,5,20,20,118,118,137,67,80,80,80,80,108,29,56,56,56,56,69,402,402,498,498,509,523,51,66,83,83,108,108,108,108,135,135,135,154,154,154],"floor_reached":51,"playtime":3789,"items_purged":[],"score":970,"play_id":"8728e7bb-954a-4c85-9206-30961d2558b8","local_time":"20190301104512","is_ascension_mode":false,"campfire_choices":[{"data":"Neutralize","floor":7.0,"key":"SMITH"},{"floor":15.0,"key":"REST"},{"data":"Adrenaline","floor":23.0,"key":"SMITH"},{"data":"Venomology","floor":27.0,"key":"SMITH"},{"data":"After Image","floor":32.0,"key":"SMITH"},{"data":"Noxious Fumes","floor":40,"key":"SMITH"},{"data":"Noxious Fumes","floor":44,"key":"SMITH"},{"data":"Night Terror","floor":49,"key":"SMITH"}],"neow_cost":"NO_GOLD","seed_source_timestamp":213048472621292,"circlet_count":0,"master_deck":["Defend_G+1","Defend_G+1","Defend_G+1","Defend_G+1","Strike_G+1","Strike_G+1","Survivor+1","Neutralize+1","Noxious Fumes+1","Backstab","Blade Dance","Venomology+1","Concentrate","Backstab+1","PiercingWail","PiercingWail","Dash","Deflect","Tactician+1","Adrenaline+1","Infinite Blades","Noxious Fumes+1","Backflip+1","Accuracy","After Image+1","Night Terror+1","Choke+1","Dodge and Roll+1","Well Laid Plans","Panache","Panache","Outmaneuver+1","Terror+1"],"special_seed":0,"relics":["Ring of the Snake","Unceasing Top","Omamori","Odd Mushroom","FossilizedHelix","Lantern","Black Star","Necronomicon","Peace Pipe","Bag of Preparation","Bronze Scales","War Paint","Anchor","Old Coin","Empty Cage","Kunai","Whetstone","Happy Flower","Art of War","Toxic Egg 2","Ice Cream","Strawberry","Pocketwatch"],"potions_floor_usage":[38,41,45,50],"damage_taken":[{"damage":0.0,"enemies":"2 Louse","floor":1.0,"turns":2.0},{"damage":0.0,"enemies":"Jaw Worm","floor":2.0,"turns":4.0},{"damage":1.0,"enemies":"Cultist","floor":3.0,"turns":3.0},{"damage":4.0,"enemies":"Blue Slaver","floor":5.0,"turns":4.0},{"damage":4.0,"enemies":"Large Slime","floor":6.0,"turns":8.0},{"damage":17.0,"enemies":"Gremlin Nob","floor":8.0,"turns":4.0},{"damage":5.0,"enemies":"The Mushroom Lair","floor":10.0,"turns":4.0},{"damage":2.0,"enemies":"Exordium Wildlife","floor":11.0,"turns":5.0},{"damage":11.0,"enemies":"Lagavulin Event","floor":12.0,"turns":5.0},{"damage":0.0,"enemies":"Looter","floor":14.0,"turns":2.0},{"damage":0.0,"enemies":"The Guardian","floor":16.0,"turns":13.0},{"damage":0.0,"enemies":"Chosen","floor":18.0,"turns":6.0},{"damage":0.0,"enemies":"3 Byrds","floor":20.0,"turns":5.0},{"damage":0.0,"enemies":"Slavers","floor":24.0,"turns":4.0},{"damage":0.0,"enemies":"Centurion and Healer","floor":30.0,"turns":7.0},{"damage":5.0,"enemies":"Book of Stabbing","floor":31.0,"turns":5.0},{"damage":0.0,"enemies":"Champ","floor":33.0,"turns":16.0},{"damage":0,"enemies":"3 Darklings","floor":35,"turns":7},{"damage":0,"enemies":"Orb Walker","floor":36,"turns":3},{"damage":0,"enemies":"Maw","floor":38,"turns":8},{"damage":0,"enemies":"4 Shapes","floor":39,"turns":6},{"damage":0,"enemies":"Nemesis","floor":41,"turns":5},{"damage":0,"enemies":"Giant Head","floor":45,"turns":8},{"damage":0,"enemies":"Sphere and 2 Shapes","floor":48,"turns":5},{"damage":0,"enemies":"Time Eater","floor":50,"turns":8}],"seed_played":"4711327893546042032","potions_obtained":[{"floor":1.0,"key":"Energy Potion"},{"floor":3.0,"key":"Ancient Potion"},{"floor":10.0,"key":"SteroidPotion"},{"floor":12.0,"key":"Strength Potion"},{"floor":24.0,"key":"Regen Potion"},{"floor":31.0,"key":"FearPotion"},{"floor":45,"key":"EssenceOfSteel"}],"is_trial":false,"path_per_floor":["M","M","M","?","M","M","R","E","T","?","M","?","$","M","R","B",null,"M","$","M","?","?","R","E","$","T","R","$","?","M","E","R","B",null,"M","M","$","M","M","R","E","?","T","R","E","T","?","M","R","B",null],"character_chosen":"THE_SILENT","items_purchased":["Lantern","Deflect","Noxious Fumes","Accuracy","Kunai","Choke","Whetstone"],"campfire_rested":1,"item_purchase_floors":[13,13,19,25,37,37,37],"current_hp_per_floor":[70,70,69,62,58,54,54,37,37,32,30,19,19,19,40,40,70,70,70,70,70,54,54,54,54,54,54,54,54,68,63,63,63,70,70,70,70,70,70,70,70,60,60,60,67,67,67,67,67,67],"gold":154,"neow_bonus":"TRANSFORM_TWO_CARDS","is_prod":false,"is_daily":false,"chose_seed":false,"campfire_upgraded":7,"win_rate":0,"timestamp":1551433512,"path_taken":["M","M","M","?","M","M","R","E","T","?","M","?","?","M","R","BOSS","M","$","?","?","?","R","E","?","T","R","$","?","M","E","R","BOSS","M","M","$","M","M","R","E","?","T","R","E","?","?","M","R","BOSS"],"build_version":"2019-01-23","purchased_purges":0,"victory":true,"max_hp_per_floor":[70,70,70,70,70,70,70,70,70,70,70,70,70,70,70,70,70,70,70,70,70,70,70,70,70,70,70,70,70,70,70,70,70,70,70,70,70,70,70,70,70,70,70,70,77,77,73,73,73,73],"card_choices":[{"not_picked":["Expertise","Poisoned Stab","Setup"],"picked":"SKIP","floor":1.0},{"not_picked":["All Out Attack","Acrobatics","Prepared"],"picked":"SKIP","floor":2.0},{"not_picked":["Quick Slash","Heel Hook"],"picked":"Blade Dance","floor":3.0},{"not_picked":["Underhanded Strike","Calculated Gamble"],"picked":"Venomology","floor":5.0},{"not_picked":["Backflip","Eviscerate"],"picked":"Concentrate","floor":6.0},{"not_picked":["Deadly Poison","Leg Sweep"],"picked":"Backstab","floor":8.0},{"not_picked":["Noxious Fumes","Backflip"],"picked":"PiercingWail","floor":10.0},{"not_picked":["Backflip","Flechettes"],"picked":"PiercingWail","floor":11.0},{"not_picked":["Backflip","Dagger Spray"],"picked":"Dash","floor":12.0},{"not_picked":["Quick Slash","Dash"],"picked":"Tactician","floor":14.0},{"not_picked":["Phantasmal Killer","Corpse Explosion"],"picked":"Adrenaline","floor":16.0},{"not_picked":["Deflect+1","Prepared"],"picked":"Infinite Blades","floor":18.0},{"not_picked":["Prepared","Riddle With Holes"],"picked":"Backflip+1","floor":20.0},{"not_picked":["Grand Finale","Distraction","Heel Hook"],"picked":"SKIP","floor":24.0},{"not_picked":["Underhanded Strike","Crippling Poison","Acrobatics"],"picked":"SKIP","floor":30.0},{"not_picked":["Terror","Cloak And Dagger+1"],"picked":"After Image","floor":31.0},{"not_picked":["Doppelganger","Tools of the Trade"],"picked":"Night Terror","floor":33.0},{"not_picked":["Skewer","Flying Knee","Dagger Spray+1"],"picked":"SKIP","floor":35},{"not_picked":["Dagger Spray+1","Sucker Punch+1","Crippling Poison"],"picked":"SKIP","floor":36},{"not_picked":["Crippling Poison+1","Outmaneuver"],"picked":"Dodge and Roll+1","floor":38},{"not_picked":["Choke","Deadly Poison","Bane+1"],"picked":"SKIP","floor":39},{"not_picked":["Cloak And Dagger+1","Dagger Spray"],"picked":"Well Laid Plans","floor":41},{"not_picked":["Finesse","Purity"],"picked":"Panache","floor":42},{"not_picked":["Finesse","Bandage Up"],"picked":"Panache","floor":42},{"not_picked":["Calculated Gamble+1","Deflect+1"],"picked":"Outmaneuver+1","floor":45},{"not_picked":["Flying Knee+1","Dagger Throw"],"picked":"Terror+1","floor":48}],"player_experience":274510,"relics_obtained":[{"floor":8.0,"key":"Omamori"},{"floor":10.0,"key":"Odd Mushroom"},{"floor":12.0,"key":"FossilizedHelix"},{"floor":22.0,"key":"Necronomicon"},{"floor":24.0,"key":"Peace Pipe"},{"floor":24.0,"key":"Bag of Preparation"},{"floor":26.0,"key":"Bronze Scales"},{"floor":31.0,"key":"Anchor"},{"floor":31.0,"key":"Old Coin"},{"floor":41,"key":"Happy Flower"},{"floor":41,"key":"Art of War"},{"floor":43,"key":"Toxic Egg 2"},{"floor":45,"key":"Ice Cream"},{"floor":45,"key":"Strawberry"},{"floor":46,"key":"Pocketwatch"}],"event_choices":[{"damage_healed":0.0,"max_hp_gain":0.0,"max_hp_loss":0.0,"gold_gain":0.0,"event_name":"Scrap Ooze","player_choice":"Success","floor":4.0,"gold_loss":0.0,"damage_taken":7.0,"relics_obtained":["Unceasing Top"]},{"damage_healed":0.0,"max_hp_gain":0.0,"max_hp_loss":0.0,"gold_gain":0.0,"event_name":"Mushrooms","player_choice":"Fought Mushrooms","floor":10.0,"gold_loss":0.0,"damage_taken":0.0},{"damage_healed":0.0,"max_hp_gain":0.0,"max_hp_loss":0.0,"gold_gain":30.0,"event_name":"Dead Adventurer","player_choice":"Searched \u00273\u0027 times","floor":12.0,"gold_loss":0.0,"damage_taken":0.0},{"damage_healed":0.0,"max_hp_gain":0.0,"max_hp_loss":0.0,"gold_gain":0.0,"event_name":"Back to Basics","player_choice":"Simplicity","floor":21.0,"gold_loss":0.0,"damage_taken":0.0,"cards_upgraded":["Defend_G","Defend_G","Defend_G","Defend_G","Defend_G","Strike_G","Strike_G","Strike_G"]},{"damage_healed":0.0,"max_hp_gain":0.0,"max_hp_loss":0.0,"gold_gain":0.0,"event_name":"Cursed Tome","player_choice":"Obtained Book","floor":22.0,"gold_loss":0.0,"damage_taken":16.0},{"damage_healed":0.0,"max_hp_gain":0.0,"max_hp_loss":0.0,"gold_gain":0.0,"event_name":"The Mausoleum","player_choice":"Opened","floor":29.0,"gold_loss":0.0,"damage_taken":0.0,"relics_obtained":["War Paint"]},{"damage_healed":0,"gold_gain":0,"player_choice":"Memory 3","damage_taken":10,"max_hp_gain":0,"max_hp_loss":0,"event_name":"SensoryStone","floor":42,"gold_loss":0},{"damage_healed":0,"gold_gain":0,"player_choice":"Max HP","damage_taken":0,"max_hp_gain":0,"max_hp_loss":4,"event_name":"Winding Halls","floor":47,"gold_loss":0}],"is_beta":false,"boss_relics":[{"not_picked":["Runic Pyramid","Lizard Tail"],"picked":"Black Star"},{"not_picked":["Runic Dome","Sozu"],"picked":"Empty Cage"}],"items_purged_floors":[],"is_endless":false,"potions_floor_spawned":[1,3,10,12,14,16,20,24,31,39,45,48],"ascension_level":0}