{"gold_per_floor":[115,115,115,75,94,94,125,138,164,164,178,178,178,197,197,302,302,313,324,33,52,71,99,99,115,140,140,172,184,196,228,240,252],"floor_reached":33,"playtime":1706,"items_purged":["Strike_B"],"score":416,"play_id":"b5af830d-8a2d-4185-87d1-161bf776dd77","local_time":"20181101185239","is_ascension_mode":true,"campfire_choices":[{"data":"Zap","floor":6,"key":"SMITH"},{"data":"Darkness","floor":10,"key":"SMITH"},{"floor":12,"key":"REST"},{"data":"Coolheaded","floor":15,"key":"SMITH"},{"data":"Electrodynamics","floor":24,"key":"SMITH"},{"floor":27,"key":"REST"},{"data":"Double Energy","floor":30,"key":"SMITH"},{"floor":32,"key":"REST"}],"neow_cost":"NONE","seed_source_timestamp":271328331346354,"circlet_count":0,"master_deck":["Defend_B","Defend_B","Defend_B","Zap+1","Dualcast","Darkness+1","Hyperbeam","Double Energy+1","Turbo","Coolheaded+1","Compile Driver","Cold Snap","Go for the Eyes","Chill","Ball Lightning","Electrodynamics+1","Compile Driver","Self Repair","Coolheaded","Coolheaded","Defragment+1","Hologram+1","BootSequence+1","Redo+1","Glacier+1","Loop"],"relics":["Cracked Core","Bronze Scales","Dream Catcher","Empty Cage","Anchor","Boot","Bag of Marbles","MawBank"],"potions_floor_usage":[7,11,16,21,23,25,33,33],"damage_taken":[{"damage":7,"enemies":"Jaw Worm","floor":1,"turns":4},{"damage":0,"enemies":"Cultist","floor":5,"turns":2},{"damage":20,"enemies":"Lagavulin","floor":7,"turns":5},{"damage":6,"enemies":"Small Slimes","floor":8,"turns":2},{"damage":9,"enemies":"Exordium Thugs","floor":11,"turns":6},{"damage":18,"enemies":"Exordium Wildlife","floor":14,"turns":4},{"damage":16,"enemies":"Slime Boss","floor":16,"turns":4},{"damage":17,"enemies":"2 Thieves","floor":18,"turns":3},{"damage":4,"enemies":"Chosen","floor":19,"turns":4},{"damage":18,"enemies":"Snecko","floor":21,"turns":5},{"damage":18,"enemies":"Shelled Parasite and Fungi","floor":22,"turns":6},{"damage":7,"enemies":"Gremlin Leader","floor":23,"turns":4},{"damage":13,"enemies":"Centurion and Healer","floor":25,"turns":4},{"damage":24,"enemies":"Book of Stabbing","floor":28,"turns":4},{"damage":11,"enemies":"Snecko","floor":31,"turns":5},{"damage":64,"enemies":"Champ","floor":33,"turns":13}],"seed_played":"2471595536983881805","potions_obtained":[{"floor":1,"key":"Block Potion"},{"floor":4,"key":"Strength Potion"},{"floor":4,"key":"PowerPotion"},{"floor":7,"key":"FairyPotion"},{"floor":8,"key":"AttackPotion"},{"floor":14,"key":"Weak Potion"},{"floor":16,"key":"Ancient Potion"},{"floor":22,"key":"Energy Potion"},{"floor":31,"key":"Weak Potion"}],"is_trial":false,"path_per_floor":["M","?","?","?","M","R","E","M","T","R","M","R","?","M","R","B",null,"M","M","$","M","M","E","R","M","T","R","E","?","R","M","R"],"character_chosen":"DEFECT","items_purchased":["Self Repair","Anchor"],"campfire_rested":3,"item_purchase_floors":[20,20],"current_hp_per_floor":[68,68,68,68,68,68,48,42,42,42,33,57,57,39,39,23,67,50,46,46,35,24,24,24,18,18,42,25,25,25,21,45,0],"gold":252,"neow_bonus":"TEN_PERCENT_HP_BONUS","is_prod":false,"is_daily":false,"chose_seed":false,"campfire_upgraded":5,"win_rate":0,"timestamp":1541112759,"path_taken":["M","?","?","?","M","R","E","M","T","R","?","R","?","M","R","BOSS","M","M","$","M","M","E","R","M","T","R","E","?","R","M","R","BOSS"],"build_version":"2018-10-25v2","purchased_purges":1,"victory":false,"max_hp_per_floor":[82,82,82,82,82,82,82,82,82,82,82,82,82,82,82,82,82,82,82,82,82,82,82,82,82,82,82,82,82,82,82,82,82],"card_choices":[{"not_picked":["Skim","Melter"],"picked":"Darkness","floor":1},{"not_picked":["Skim","Steam"],"picked":"Coolheaded","floor":5},{"not_picked":["Coolheaded","Reboot"],"picked":"Compile Driver","floor":7},{"not_picked":["Ball Lightning","Rip and Tear"],"picked":"Cold Snap","floor":8},{"not_picked":["Redo","Aggregate"],"picked":"Go for the Eyes","floor":11},{"not_picked":["Barrage","Stack"],"picked":"Chill","floor":12},{"not_picked":["Stack","Double Energy"],"picked":"Ball Lightning","floor":14},{"not_picked":["Core Surge","All For One"],"picked":"Electrodynamics","floor":16},{"not_picked":["Barrage+1","Scrape"],"picked":"Compile Driver","floor":18},{"not_picked":["Beam Cell","Scrape","Compile Driver"],"picked":"SKIP","floor":19},{"not_picked":["Turbo","Ball Lightning"],"picked":"Coolheaded","floor":21},{"not_picked":["Gash","Genetic Algorithm"],"picked":"Coolheaded","floor":22},{"not_picked":["Gash","Creative AI"],"picked":"Defragment+1","floor":23},{"not_picked":["Doom and Gloom","Stack+1"],"picked":"Hologram+1","floor":25},{"not_picked":["Go for the Eyes","Scrape+1"],"picked":"BootSequence+1","floor":27},{"not_picked":["Rebound","Fusion"],"picked":"Redo+1","floor":28},{"not_picked":["Streamline","BootSequence+1"],"picked":"Glacier+1","floor":31},{"not_picked":["Genetic Algorithm","Cold Snap"],"picked":"Loop","floor":32}],"player_experience":139109,"relics_obtained":[{"floor":7,"key":"Bronze Scales"},{"floor":9,"key":"Dream Catcher"},{"floor":23,"key":"Boot"},{"floor":26,"key":"Bag of Marbles"},{"floor":28,"key":"MawBank"}],"event_choices":[{"damage_healed":0,"gold_gain":0,"player_choice":"2 cards matched","damage_taken":0,"max_hp_gain":0,"max_hp_loss":0,"event_name":"Match and Keep!","floor":2,"gold_loss":0,"cards_obtained":["Hyperbeam","Double Energy"]},{"damage_healed":0,"gold_gain":0,"cards_transformed":["Strike_B"],"player_choice":"Transformed","damage_taken":0,"max_hp_gain":0,"max_hp_loss":0,"event_name":"Transmorgrifier","floor":3,"gold_loss":0,"cards_obtained":["Turbo"]},{"damage_healed":0,"gold_gain":0,"player_choice":"Bought 3 Potions","damage_taken":0,"max_hp_gain":0,"max_hp_loss":0,"event_name":"The Woman in Blue","floor":4,"gold_loss":0},{"cards_removed":["Strike_B"],"damage_healed":0,"gold_gain":0,"player_choice":"Purged","damage_taken":0,"max_hp_gain":0,"max_hp_loss":0,"event_name":"Purifier","floor":13,"gold_loss":0},{"damage_healed":0,"gold_gain":0,"player_choice":"Ignored","damage_taken":0,"max_hp_gain":0,"max_hp_loss":0,"event_name":"Cursed Tome","floor":29,"gold_loss":0}],"is_beta":false,"boss_relics":[{"not_picked":["Coffee Dripper","Snecko Eye"],"picked":"Empty Cage"}],"items_purged_floors":[20],"is_endless":false,"potions_floor_spawned":[1,7,8,14,16,19,22,31],"killed_by":"Champ","ascension_level":9}