{"path_per_floor":["M","?","?","M","?","R","E","R","T","M","M","$","M","?","R","B",null,"M","?","M","$","M"],"character_chosen":"DEFECT","items_purchased":["Loop","Whetstone","Blizzard"],"gold_per_floor":[117,292,292,303,303,303,330,330,330,342,312,9,29,29,29,128,128,138,138,152,82,92,92],"floor_reached":23,"campfire_rested":3,"playtime":1701,"current_hp_per_floor":[32,32,32,21,21,43,6,28,28,23,23,23,12,12,34,3,75,63,63,45,45,22,0],"items_purged":["Dualcast"],"gold":92,"score":189,"play_id":"9cc7ab92-5ec8-4a55-ab00-2ccb686ad4e8","local_time":"20180427224739","is_prod":false,"is_daily":false,"chose_seed":false,"is_ascension_mode":false,"campfire_upgraded":0,"timestamp":1524890859,"path_taken":["M","?","?","M","?","R","E","R","T","M","M","$","?","?","R","BOSS","M","?","M","$","M","E"],"build_version":"2018-04-26v2","seed_source_timestamp":1408847958851085,"purchased_purges":1,"victory":false,"master_deck":["Strike_B+1","Strike_B","Strike_B+1","Strike_B","Defend_B","Defend_B","Defend_B","Zap+1","Fusion+1","Allocate","Doubt","Coolheaded","Leap","Coolheaded","Loop","Static Discharge","Fission","Loop","Heatsinks","Doom and Gloom","Glacier","Loop","Multi-Cast","Buffer","Blizzard","Buffer+1"],"max_hp_per_floor":[75,75,75,75,75,75,75,75,75,75,75,75,75,75,75,75,75,75,75,75,75,75,75],"relics":["Cracked Core","Gremlin Horn","Bag of Marbles","Whetstone","Orrery"],"card_choices":[{"not_picked":["Biased Cognition","Meteor Strike"],"picked":"Fusion","floor":0},{"not_picked":["Conserve Battery","Cold Snap"],"picked":"Allocate","floor":1},{"not_picked":["Cold Snap","Streamline"],"picked":"Coolheaded","floor":4},{"not_picked":["Go for the Eyes","Turbo"],"picked":"Leap","floor":10},{"not_picked":["Rebound","Skim"],"picked":"Coolheaded","floor":11},{"not_picked":["Glacier","Turbo"],"picked":"Static Discharge","floor":13},{"not_picked":["Rainbow","Fusion"],"picked":"Fission","floor":16},{"not_picked":["Sweeping Beam","Double Energy"],"picked":"Loop","floor":17},{"not_picked":["Sweeping Beam","Go for the Eyes"],"picked":"Heatsinks","floor":17},{"not_picked":["Stack","Go for the Eyes"],"picked":"Doom and Gloom","floor":17},{"not_picked":["Coolheaded","Go for the Eyes"],"picked":"Glacier","floor":17},{"not_picked":["Leap","Chill"],"picked":"Loop","floor":17},{"not_picked":["Stack","Self Repair"],"picked":"Multi-Cast","floor":18},{"not_picked":["Turbo","Gash"],"picked":"Buffer","floor":20},{"not_picked":["Heatsinks","Go for the Eyes"],"picked":"Buffer","floor":22}],"player_experience":299778,"potions_floor_usage":[7,16,18,23,23],"damage_taken":[{"damage":6,"enemies":"2 Louse","floor":1,"turns":3},{"damage":11,"enemies":"Jaw Worm","floor":4,"turns":3},{"damage":37,"enemies":"Gremlin Nob","floor":7,"turns":6},{"damage":5,"enemies":"Cultist","floor":10,"turns":4},{"damage":0,"enemies":"Looter","floor":11,"turns":4},{"damage":11,"enemies":"Lots of Slimes","floor":13,"turns":6},{"damage":31,"enemies":"The Guardian","floor":16,"turns":17},{"damage":12,"enemies":"Shell Parasite","floor":18,"turns":10},{"damage":18,"enemies":"Chosen","floor":20,"turns":5},{"damage":23,"enemies":"Snake Plant","floor":22,"turns":4},{"damage":28,"enemies":"Slavers","floor":23,"turns":3}],"event_choices":[{"event_name":"Liars Game","player_choice":"agreed","floor":2,"damage_taken":0},{"event_name":"Living Wall","player_choice":"Grow","floor":3,"damage_taken":0},{"event_name":"Upgrade Shrine","player_choice":"Upgraded","floor":5,"damage_taken":0},{"event_name":"Shining Light","player_choice":"Ignored","floor":14,"damage_taken":0},{"event_name":"Back to Basics","player_choice":"Elegance","floor":19,"damage_taken":0}],"boss_relics":[{"not_picked":["Tiny House","Sozu"],"picked":"Orrery"}],"potions_floor_spawned":[1,7,13,20,22],"seed_played":"-1387578681351775473","killed_by":"Slavers","ascension_level":0,"is_trial":false}