{"gold_per_floor":[110,121,133,133,146,146,178,178,228,238,11,11,11,27,27,99,99,115,125,139,158,208,208,221,221,221,254,265,277,277,307,307,307],"floor_reached":33,"playtime":1703,"items_purged":[],"score":582,"play_id":"ac4b8fb7-26d0-45a8-9b13-8e8b77d1a7a8","local_time":"20190217224455","is_ascension_mode":true,"campfire_choices":[{"data":"Zap","floor":6,"key":"SMITH"},{"floor":8,"key":"REST"},{"data":"Coolheaded","floor":13,"key":"SMITH"},{"data":"Compile Driver","floor":15,"key":"SMITH"},{"data":"Reinforced Body","floor":23,"key":"SMITH"},{"data":"Creative AI","floor":25,"key":"SMITH"},{"data":"Coolheaded","floor":30,"key":"SMITH"},{"data":"Hologram","floor":32,"key":"SMITH"}],"neow_cost":"NONE","seed_source_timestamp":57357578504166,"circlet_count":0,"master_deck":["AscendersBane","Defend_B","Defend_B","Defend_B+1","Defend_B+1","Zap+1","Dualcast","Defragment+1","Compile Driver+1","FTL","Self Repair","Coolheaded+1","Cold Snap","Auto Shields","Creative AI+1","Barrage+1","Self Repair+1","Static Discharge+1","Reinforced Body+1","Coolheaded+1","Undo+1","Undo","Go for the Eyes","Machine Learning","Stack","Conserve Battery","Hologram+1"],"relics":["Cracked Core","FaceOfCleric","Bottled Lightning","War Paint","Runic Capacitor","Astrolabe","Bag of Marbles","Orichalcum","Potion Belt"],"potions_floor_usage":[7,10,16,16,27,33],"damage_taken":[{"damage":2,"enemies":"Jaw Worm","floor":1,"turns":4},{"damage":2,"enemies":"Cultist","floor":2,"turns":4},{"damage":7,"enemies":"Small Slimes","floor":3,"turns":3},{"damage":12,"enemies":"Looter","floor":5,"turns":3},{"damage":35,"enemies":"3 Sentries","floor":7,"turns":9},{"damage":0,"enemies":"Exordium Thugs","floor":10,"turns":5},{"damage":1,"enemies":"Blue Slaver","floor":14,"turns":5},{"damage":17,"enemies":"Hexaghost","floor":16,"turns":9},{"damage":8,"enemies":"3 Byrds","floor":18,"turns":2},{"damage":2,"enemies":"Spheric Guardian","floor":19,"turns":5},{"damage":22,"enemies":"Chosen and Byrds","floor":20,"turns":6},{"damage":0,"enemies":"Snecko","floor":21,"turns":8},{"damage":15,"enemies":"Snake Plant","floor":24,"turns":4},{"damage":38,"enemies":"Gremlin Leader","floor":27,"turns":6},{"damage":4,"enemies":"Sentry and Sphere","floor":28,"turns":6},{"damage":0,"enemies":"Centurion and Healer","floor":29,"turns":8},{"damage":33,"enemies":"Slavers","floor":31,"turns":6},{"damage":58,"enemies":"Collector","floor":33,"turns":6}],"seed_played":"-8013413847286989280","potions_obtained":[{"floor":5,"key":"Explosive Potion"},{"floor":7,"key":"Fire Potion"},{"floor":10,"key":"EssenceOfSteel"},{"floor":14,"key":"AttackPotion"},{"floor":16,"key":"GamblersBrew"},{"floor":18,"key":"FairyPotion"},{"floor":21,"key":"Dexterity Potion"},{"floor":28,"key":"SteroidPotion"}],"is_trial":false,"path_per_floor":["M","M","M","?","M","R","E","R","T","M","$","?","R","M","R","B",null,"M","M","M","M","?","R","M","R","T","E","M","M","R","E","R","B"],"character_chosen":"DEFECT","items_purchased":["Runic Capacitor"],"campfire_rested":1,"item_purchase_floors":[11],"current_hp_per_floor":[62,60,53,53,42,42,15,36,36,44,44,44,44,51,51,42,68,61,77,66,80,80,80,81,81,81,61,75,84,84,52,52,0],"gold":307,"neow_bonus":"REMOVE_CARD","is_prod":false,"is_daily":false,"chose_seed":false,"campfire_upgraded":7,"win_rate":0,"timestamp":1550461495,"path_taken":["M","M","M","?","M","R","E","R","T","?","$","?","R","M","R","BOSS","M","M","M","M","?","R","M","R","T","E","M","?","R","E","R","BOSS"],"build_version":"2019-01-23","purchased_purges":0,"victory":false,"max_hp_per_floor":[71,71,71,71,72,72,73,73,73,74,74,74,74,75,75,76,76,77,78,79,80,80,80,81,81,81,82,83,84,84,85,85,85],"card_choices":[{"not_picked":["Stack","Beam Cell"],"picked":"Defragment","floor":1},{"not_picked":["Steam Power","Redo"],"picked":"Compile Driver","floor":2},{"not_picked":["Conserve Battery","Go for the Eyes"],"picked":"FTL","floor":3},{"not_picked":["Redo","Echo Form"],"picked":"Self Repair","floor":5},{"not_picked":["Compile Driver","BootSequence"],"picked":"Coolheaded","floor":7},{"not_picked":["Barrage","Leap"],"picked":"Cold Snap","floor":10},{"not_picked":["Sweeping Beam","Barrage"],"picked":"Auto Shields","floor":14},{"not_picked":["Reboot","All For One"],"picked":"Creative AI","floor":16},{"not_picked":["Ball Lightning","Barrage"],"picked":"Reinforced Body","floor":18},{"not_picked":["Streamline","Loop"],"picked":"Coolheaded","floor":19},{"not_picked":["FTL","Go for the Eyes"],"picked":"Undo+1","floor":20},{"not_picked":["Sweeping Beam","Steam"],"picked":"Undo","floor":21},{"not_picked":["Beam Cell","Stack"],"picked":"Go for the Eyes","floor":24},{"not_picked":["Streamline","Darkness"],"picked":"Machine Learning","floor":27},{"not_picked":["Chaos","Hello World"],"picked":"Stack","floor":28},{"not_picked":["Static Discharge","Chill"],"picked":"Conserve Battery","floor":29},{"not_picked":["Rebound","Gash+1"],"picked":"Hologram","floor":31}],"player_experience":663961,"relics_obtained":[{"floor":7,"key":"Bottled Lightning"},{"floor":9,"key":"War Paint"},{"floor":26,"key":"Bag of Marbles"},{"floor":27,"key":"Orichalcum"},{"floor":31,"key":"Potion Belt"}],"event_choices":[{"damage_healed":0,"gold_gain":0,"player_choice":"Trade","damage_taken":0,"relics_obtained":["FaceOfCleric"],"max_hp_gain":0,"max_hp_loss":0,"event_name":"FaceTrader","floor":4,"gold_loss":0},{"damage_healed":0,"gold_gain":0,"player_choice":"Grow","damage_taken":0,"max_hp_gain":0,"max_hp_loss":0,"event_name":"Living Wall","floor":12,"gold_loss":0,"cards_upgraded":["Defragment"]},{"damage_healed":0,"gold_gain":50,"player_choice":"Pray","damage_taken":0,"max_hp_gain":0,"max_hp_loss":0,"event_name":"Golden Shrine","floor":22,"gold_loss":0}],"is_beta":false,"boss_relics":[{"not_picked":["Runic Pyramid","Calling Bell"],"picked":"Astrolabe"}],"items_purged_floors":[],"is_endless":false,"potions_floor_spawned":[5,7,10,14,16,18,21,28],"killed_by":"Collector","ascension_level":20}