{"gold_per_floor":[113,39,39,39,52,82,95,95,95,95,109,141,157,232,232,306,306,263,41,41,41],"floor_reached":21,"playtime":933,"items_purged":[],"score":403,"play_id":"c803d3ea-298e-4714-af16-be4ede5b7ad0","local_time":"20181203102709","is_ascension_mode":true,"campfire_choices":[{"data":"Footwork","floor":8,"key":"SMITH"},{"data":"Dagger Spray","floor":10,"key":"SMITH"},{"floor":15,"key":"REST"}],"neow_cost":"NONE","seed_source_timestamp":1630995094165326,"circlet_count":0,"master_deck":["AscendersBane","Defend_G","Defend_G","Defend_G","Defend_G","Defend_G","Strike_G","Strike_G","Strike_G","Strike_G","Survivor","Neutralize+1","Flying Knee","Footwork+1","PiercingWail","Calculated Gamble","Dagger Spray+1","Well Laid Plans","Burst","Deflect","Cloak And Dagger","After Image","PiercingWail"],"relics":["Ring of the Snake","NeowsBlessing","Bottled Tornado","Ornamental Fan","Dream Catcher","WristBlade","TwistedFunnel"],"potions_floor_usage":[12,12],"damage_taken":[{"damage":0,"enemies":"2 Louse","floor":1,"turns":1},{"damage":0,"enemies":"Small Slimes","floor":5,"turns":1},{"damage":0,"enemies":"3 Sentries","floor":6,"turns":1},{"damage":0,"enemies":"Jaw Worm","floor":7,"turns":5},{"damage":12,"enemies":"Gremlin Gang","floor":11,"turns":6},{"damage":31,"enemies":"Lagavulin","floor":12,"turns":10},{"damage":4,"enemies":"2 Fungi Beasts","floor":13,"turns":3},{"damage":22,"enemies":"The Guardian","floor":16,"turns":22},{"damage":32,"enemies":"2 Thieves","floor":18,"turns":5},{"damage":48,"enemies":"Chosen","floor":21,"turns":6}],"seed_played":"5312060532875865353","potions_obtained":[{"floor":7,"key":"Dexterity Potion"},{"floor":11,"key":"Fire Potion"},{"floor":12,"key":"FairyPotion"},{"floor":18,"key":"AttackPotion"}],"is_trial":false,"path_per_floor":["M","$","?","?","M","E","M","R","T","R","M","E","M","?","R","B",null,"M","$","?","M"],"character_chosen":"THE_SILENT","items_purchased":["Footwork","TwistedFunnel"],"campfire_rested":1,"item_purchase_floors":[2,19],"current_hp_per_floor":[59,59,59,64,64,64,64,64,64,64,52,21,17,6,27,5,55,23,23,23,0],"gold":41,"neow_bonus":"THREE_ENEMY_KILL","is_prod":false,"is_daily":false,"chose_seed":false,"campfire_upgraded":2,"win_rate":0,"timestamp":1543850829,"path_taken":["M","$","?","?","M","E","M","R","T","R","M","E","M","?","R","BOSS","M","$","?","M"],"build_version":"2018-11-15","purchased_purges":0,"victory":false,"max_hp_per_floor":[66,66,66,71,71,71,71,71,71,71,71,71,71,71,71,71,71,71,71,71,71],"card_choices":[{"not_picked":["Deflect","Bane"],"picked":"Flying Knee","floor":1},{"not_picked":["Deadly Poison","Slice"],"picked":"PiercingWail","floor":5},{"not_picked":["Catalyst","Concentrate"],"picked":"Calculated Gamble","floor":6},{"not_picked":["Crippling Poison","Dodge and Roll"],"picked":"Dagger Spray","floor":7},{"not_picked":["Heel Hook","Dagger Throw"],"picked":"Well Laid Plans","floor":11},{"not_picked":["Infinite Blades","Quick Slash"],"picked":"Burst","floor":12},{"not_picked":["Bane","Riddle With Holes"],"picked":"Deflect","floor":13},{"not_picked":["Calculated Gamble","Predator"],"picked":"Cloak And Dagger","floor":15},{"not_picked":["Grand Finale","Night Terror"],"picked":"After Image","floor":16},{"not_picked":["Dodge and Roll","Underhanded Strike"],"picked":"PiercingWail","floor":18}],"player_experience":585808,"relics_obtained":[{"floor":6,"key":"Bottled Tornado"},{"floor":9,"key":"Ornamental Fan"},{"floor":12,"key":"Dream Catcher"}],"event_choices":[{"damage_healed":0,"gold_gain":0,"player_choice":"Grow","damage_taken":0,"max_hp_gain":0,"max_hp_loss":0,"event_name":"Living Wall","floor":3,"gold_loss":0,"cards_upgraded":["Neutralize"]},{"damage_healed":0,"gold_gain":0,"player_choice":"Donut","damage_taken":0,"max_hp_gain":5,"max_hp_loss":0,"event_name":"Big Fish","floor":4,"gold_loss":0},{"damage_healed":0,"gold_gain":75,"player_choice":"Gather Gold","damage_taken":11,"max_hp_gain":0,"max_hp_loss":0,"event_name":"World of Goop","floor":14,"gold_loss":0},{"cards_removed":["Strike_G"],"damage_healed":0,"gold_gain":0,"player_choice":"Purged","damage_taken":0,"max_hp_gain":0,"max_hp_loss":0,"event_name":"Purifier","floor":20,"gold_loss":0}],"is_beta":false,"boss_relics":[{"not_picked":["HoveringKite","Velvet Choker"],"picked":"WristBlade"}],"items_purged_floors":[],"is_endless":false,"potions_floor_spawned":[7,11,12,18],"killed_by":"Chosen","ascension_level":18}