{"gold_per_floor":[11,111,111,123,138,138,170,170,470,480,29,46,57,57,57,159,159,173,273,213],"floor_reached":20,"playtime":1875,"items_purged":["Strike_B"],"score":244,"play_id":"8a8767e5-88ba-46a4-9537-a800a81ad699","local_time":"20181101152128","is_ascension_mode":true,"campfire_choices":[{"data":"Zap","floor":6,"key":"SMITH"},{"floor":8,"key":"REST"},{"data":"Go for the Eyes","floor":15,"key":"SMITH"}],"neow_cost":"NO_GOLD","seed_source_timestamp":258488024789146,"circlet_count":0,"master_deck":["Strike_B","Defend_B","Defend_B","Zap+1","Dualcast","Cold Snap","Ball Lightning","Auto Shields","Compile Driver","Glacier","Go for the Eyes+1","Seek","Cold Snap"],"relics":["Cracked Core","Shovel","Ice Cream","Old Coin","Regal Pillow","Empty Cage","Ginger","Dodecahedron"],"potions_floor_usage":[16,16,16],"damage_taken":[{"damage":15,"enemies":"2 Louse","floor":1,"turns":2},{"damage":0,"enemies":"Cultist","floor":4,"turns":3},{"damage":0,"enemies":"Small Slimes","floor":5,"turns":3},{"damage":24,"enemies":"3 Sentries","floor":7,"turns":6},{"damage":2,"enemies":"2 Fungi Beasts","floor":10,"turns":3},{"damage":2,"enemies":"Gremlin Gang","floor":12,"turns":5},{"damage":13,"enemies":"Exordium Wildlife","floor":13,"turns":5},{"damage":31,"enemies":"The Guardian","floor":16,"turns":10},{"damage":19,"enemies":"3 Byrds","floor":18,"turns":5},{"damage":9,"enemies":"Colosseum Slavers","floor":19,"turns":7},{"damage":40,"enemies":"Colosseum Nobs","floor":19,"turns":6},{"damage":14,"enemies":"2 Thieves","floor":20,"turns":2}],"seed_played":"-8189539631695410213","potions_obtained":[{"floor":7,"key":"Regen Potion"}],"is_trial":false,"path_per_floor":["M","?","?","M","M","R","E","R","T","M","$","M","M","?","R","B",null,"M","?"],"character_chosen":"DEFECT","items_purchased":["Regal Pillow","Glacier","Regen Potion","Regen Potion"],"campfire_rested":1,"item_purchase_floors":[11,11,11,11],"current_hp_per_floor":[53,53,28,28,28,28,4,26,26,24,24,22,9,34,34,74,75,56,7,0],"gold":213,"neow_bonus":"REMOVE_TWO","is_prod":false,"is_daily":false,"chose_seed":false,"campfire_upgraded":2,"win_rate":0,"timestamp":1541100088,"path_taken":["M","?","?","M","M","R","E","R","T","M","?","M","M","?","R","BOSS","M","?","M"],"build_version":"2018-10-25v2","purchased_purges":1,"victory":false,"max_hp_per_floor":[75,75,75,75,75,75,75,75,75,75,75,75,75,75,75,75,75,75,75,75],"card_choices":[{"not_picked":["Sweeping Beam","Stack"],"picked":"Cold Snap","floor":1},{"not_picked":["Hello World","Barrage"],"picked":"Ball Lightning","floor":4},{"not_picked":["Recycle","Consume","Hologram"],"picked":"SKIP","floor":5},{"not_picked":["Chill","Redo"],"picked":"Auto Shields","floor":7},{"not_picked":["Machine Learning","Hologram"],"picked":"Compile Driver","floor":10},{"not_picked":["Undo","Stack"],"picked":"Go for the Eyes","floor":12},{"not_picked":["Beam Cell","Rebound","Gash"],"picked":"SKIP","floor":13},{"not_picked":["Fission","Thunder Strike"],"picked":"Seek","floor":16},{"not_picked":["FTL","Conserve Battery"],"picked":"Cold Snap","floor":18}],"player_experience":131208,"relics_obtained":[{"floor":7,"key":"Ice Cream"},{"floor":9,"key":"Old Coin"},{"floor":19,"key":"Ginger"},{"floor":19,"key":"Dodecahedron"}],"event_choices":[{"damage_healed":0,"gold_gain":100,"player_choice":"Gold","damage_taken":0,"max_hp_gain":0,"max_hp_loss":0,"event_name":"Wheel of Change","floor":2,"gold_loss":0},{"damage_healed":0,"gold_gain":0,"player_choice":"Success","damage_taken":25,"relics_obtained":["Shovel"],"max_hp_gain":0,"max_hp_loss":0,"event_name":"Scrap Ooze","floor":3,"gold_loss":0},{"damage_healed":25,"gold_gain":0,"player_choice":"Banana","damage_taken":0,"max_hp_gain":0,"max_hp_loss":0,"event_name":"Big Fish","floor":14,"gold_loss":0},{"damage_healed":0,"gold_gain":0,"player_choice":"Fight","damage_taken":0,"max_hp_gain":0,"max_hp_loss":0,"event_name":"Colosseum","floor":19,"gold_loss":0},{"damage_healed":0,"gold_gain":0,"player_choice":"Fought Nobs","damage_taken":0,"max_hp_gain":0,"max_hp_loss":0,"event_name":"Colosseum","floor":19,"gold_loss":0}],"is_beta":false,"boss_relics":[{"not_picked":["Sozu","Runic Dome"],"picked":"Empty Cage"}],"items_purged_floors":[11],"is_endless":false,"potions_floor_spawned":[7,12,13,19],"killed_by":"2 Thieves","ascension_level":8}