{"gold_per_floor":[109,259,259,270,284,284,298,326,326,326,326],"floor_reached":11,"playtime":434,"items_purged":[],"score":139,"play_id":"8b6e3f03-acb8-41e9-b25c-412f5ae20a63","local_time":"20181128084054","is_ascension_mode":true,"campfire_choices":[{"data":"Bash","floor":6,"key":"SMITH"},{"floor":10,"key":"REST"}],"neow_cost":"NONE","seed_source_timestamp":1193121798074530,"circlet_count":0,"master_deck":["AscendersBane","Strike_R","Strike_R","Strike_R","Strike_R","Strike_R","Defend_R","Defend_R","Defend_R","Defend_R","Bash+1","Finesse","Second Wind","Doubt","Headbutt","Iron Wave","Shrug It Off","Iron Wave"],"relics":["Burning Blood","Juzu Bracelet","Bottled Lightning"],"potions_floor_usage":[8,8,11],"damage_taken":[{"damage":12,"enemies":"Jaw Worm","floor":1,"turns":6},{"damage":2,"enemies":"2 Louse","floor":4,"turns":4},{"damage":12,"enemies":"Cultist","floor":5,"turns":5},{"damage":13,"enemies":"Blue Slaver","floor":7,"turns":5},{"damage":41,"enemies":"3 Sentries","floor":8,"turns":12},{"damage":39,"enemies":"Gremlin Nob","floor":11,"turns":4}],"seed_played":"7362629640926605753","potions_obtained":[{"floor":1,"key":"FearPotion"},{"floor":4,"key":"Block Potion"},{"floor":8,"key":"Block Potion"}],"is_trial":false,"path_per_floor":["M","?","?","M","M","R","M","E","T","R","E"],"character_chosen":"IRONCLAD","items_purchased":[],"campfire_rested":1,"item_purchase_floors":[],"current_hp_per_floor":[62,62,51,55,49,49,42,7,7,29,0],"gold":326,"neow_bonus":"RANDOM_COLORLESS","is_prod":false,"is_daily":false,"chose_seed":false,"campfire_upgraded":1,"win_rate":0,"timestamp":1543412454,"path_taken":["M","?","?","?","M","R","M","E","T","R","E"],"build_version":"2018-11-15","purchased_purges":0,"victory":false,"max_hp_per_floor":[75,75,75,75,75,75,75,75,75,75,75],"card_choices":[{"not_picked":["Havoc","Hemokinesis"],"picked":"Second Wind","floor":1},{"not_picked":["Flex","Pummel"],"picked":"Headbutt","floor":4},{"not_picked":["Rupture","Exhume"],"picked":"Iron Wave","floor":5},{"not_picked":["Pommel Strike","Metallicize"],"picked":"Shrug It Off","floor":7},{"not_picked":["Clash","Infernal Blade"],"picked":"Iron Wave","floor":8}],"player_experience":526863,"relics_obtained":[{"floor":8,"key":"Juzu Bracelet"},{"floor":9,"key":"Bottled Lightning"}],"event_choices":[{"damage_healed":0,"gold_gain":150,"player_choice":"AGREE","damage_taken":0,"max_hp_gain":0,"max_hp_loss":0,"event_name":"Liars Game","floor":2,"gold_loss":0,"cards_obtained":["Doubt"]},{"damage_healed":0,"gold_gain":0,"player_choice":"Damaged","damage_taken":11,"max_hp_gain":0,"max_hp_loss":0,"event_name":"Wheel of Change","floor":3,"gold_loss":0}],"is_beta":false,"boss_relics":[],"items_purged_floors":[],"is_endless":false,"potions_floor_spawned":[1,4,8],"killed_by":"Gremlin Nob","ascension_level":18}