{"gold_per_floor":[110,285,299,319,319,319,348,348,374,400,400],"floor_reached":11,"playtime":284,"items_purged":[],"score":134,"play_id":"10c7a8ef-671f-4404-b290-1dcba060ba61","local_time":"20181104092412","is_ascension_mode":true,"campfire_choices":[{"data":"Zap","floor":6,"key":"SMITH"},{"floor":8,"key":"REST"}],"neow_cost":"NONE","seed_source_timestamp":78905897885988,"circlet_count":0,"master_deck":["AscendersBane","Strike_B","Strike_B+1","Strike_B","Strike_B+1","Defend_B","Defend_B","Defend_B","Defend_B","Zap+1","Dualcast","Doubt","Gash","Gash","Rebound","Go for the Eyes"],"relics":["Cracked Core","Centennial Puzzle","Happy Flower","Question Card","Whetstone","Ancient Tea Set"],"potions_floor_usage":[7],"damage_taken":[{"damage":10,"enemies":"Small Slimes","floor":1,"turns":3},{"damage":0,"enemies":"Cultist","floor":3,"turns":3},{"damage":0,"enemies":"2 Louse","floor":4,"turns":2},{"damage":37,"enemies":"Gremlin Nob","floor":7,"turns":5},{"damage":30,"enemies":"Lagavulin","floor":10,"turns":7},{"damage":18,"enemies":"Exordium Thugs","floor":11,"turns":1}],"seed_played":"2778092565361622651","potions_obtained":[{"floor":3,"key":"GamblersBrew"},{"floor":4,"key":"EssenceOfSteel"},{"floor":7,"key":"LiquidBronze"}],"is_trial":false,"path_per_floor":["M","?","M","M","?","R","E","R","T","E","M"],"character_chosen":"DEFECT","items_purchased":[],"campfire_rested":1,"item_purchase_floors":[],"current_hp_per_floor":[58,58,58,58,58,58,21,43,43,13,0],"gold":400,"neow_bonus":"RANDOM_COMMON_RELIC","is_prod":false,"is_daily":false,"chose_seed":false,"campfire_upgraded":1,"win_rate":0,"timestamp":1541341452,"path_taken":["M","?","M","M","?","R","E","R","T","E","?"],"build_version":"2018-11-01","purchased_purges":0,"victory":false,"max_hp_per_floor":[75,75,75,75,75,75,75,75,75,75,75],"card_choices":[{"not_picked":["Stack","Beam Cell","Hologram"],"picked":"SKIP","floor":1},{"not_picked":["Steam","Aggregate"],"picked":"Gash","floor":3},{"not_picked":["Sweeping Beam","Cold Snap"],"picked":"Gash","floor":4},{"not_picked":["Storm","Leap"],"picked":"Rebound","floor":7},{"not_picked":["Compile Driver","Barrage","Hologram"],"picked":"Go for the Eyes","floor":10}],"player_experience":182309,"relics_obtained":[{"floor":7,"key":"Question Card"},{"floor":9,"key":"Whetstone"},{"floor":10,"key":"Ancient Tea Set"}],"event_choices":[{"damage_healed":0,"gold_gain":175,"player_choice":"AGREE","damage_taken":0,"max_hp_gain":0,"max_hp_loss":0,"event_name":"Liars Game","floor":2,"gold_loss":0,"cards_obtained":["Doubt"]},{"damage_healed":0,"gold_gain":0,"player_choice":"Gave Potion","damage_taken":0,"relics_obtained":["Happy Flower"],"max_hp_gain":0,"max_hp_loss":0,"event_name":"WeMeetAgain","floor":5,"gold_loss":0}],"is_beta":false,"boss_relics":[],"items_purged_floors":[],"is_endless":false,"potions_floor_spawned":[3,4,7],"killed_by":"Exordium Thugs","ascension_level":13}