{"gold_per_floor":[117,128,128,146,162,162,187,187,213,7,41,41,51,51,51,128,128,140,157,157,157,171,197,197,197,197,197,207,207,207,221,221,295,295,309,309,329,65,80,80,94,94,121,140,240,251,276,21,21,21],"floor_reached":51,"playtime":3028,"items_purged":["Strike_B"],"score":1258,"play_id":"13d75981-a66a-4ed9-9cd5-a14410271b19","local_time":"20181104102321","is_ascension_mode":true,"campfire_choices":[{"data":"Zap","floor":6,"key":"SMITH"},{"data":"Dualcast","floor":8,"key":"SMITH"},{"data":"Go for the Eyes","floor":15,"key":"SMITH"},{"floor":25,"key":"REST"},{"data":"Defragment","floor":27,"key":"SMITH"},{"data":"Defragment","floor":30,"key":"SMITH"},{"data":"Coolheaded","floor":32,"key":"SMITH"},{"data":"Fission","floor":40,"key":"SMITH"},{"data":"Thinking Ahead","floor":42,"key":"SMITH"},{"data":"Static Discharge","floor":49,"key":"SMITH"}],"neow_cost":"NONE","seed_source_timestamp":79702247043023,"circlet_count":0,"master_deck":["AscendersBane","Strike_B","Strike_B","Strike_B","Defend_B","Defend_B+1","Defend_B+1","Defend_B","Zap+1","Dualcast+1","Glacier+1","Rebound","Cold Snap+1","Go for the Eyes+1","Compile Driver","Reboot","Defragment+1","Defragment+1","RitualDagger","Coolheaded+1","Cold Snap+1","BootSequence","Self Repair+1","Fission+1","Thinking Ahead+1","Flash of Steel","Master of Strategy","Darkness+1","Static Discharge+1","White Noise","Glacier","White Noise","Blizzard+1","Coolheaded+1"],"relics":["Cracked Core","Bag of Marbles","War Paint","OrangePellets","DataDisk","Nuclear Battery","Question Card","Pantograph","FossilizedHelix","Philosopher\u0027s Stone","Orichalcum","Torii","Ancient Tea Set","Runic Capacitor"],"potions_floor_usage":[7,7,16,18,23,33,46,50,50],"damage_taken":[{"damage":3,"enemies":"2 Louse","floor":1,"turns":2},{"damage":0,"enemies":"Cultist","floor":2,"turns":4},{"damage":8,"enemies":"Small Slimes","floor":4,"turns":3},{"damage":3,"enemies":"Blue Slaver","floor":5,"turns":5},{"damage":9,"enemies":"Gremlin Nob","floor":7,"turns":4},{"damage":3,"enemies":"Lagavulin","floor":11,"turns":7},{"damage":0,"enemies":"Large Slime","floor":13,"turns":5},{"damage":4,"enemies":"The Guardian","floor":16,"turns":12},{"damage":3,"enemies":"3 Byrds","floor":18,"turns":6},{"damage":3,"enemies":"Chosen","floor":19,"turns":3},{"damage":11,"enemies":"Snake Plant","floor":22,"turns":4},{"damage":24,"enemies":"Gremlin Leader","floor":23,"turns":7},{"damage":0,"enemies":"Snecko","floor":28,"turns":6},{"damage":0,"enemies":"Chosen and Byrds","floor":31,"turns":7},{"damage":31,"enemies":"Champ","floor":33,"turns":19},{"damage":0,"enemies":"3 Shapes","floor":35,"turns":6},{"damage":0,"enemies":"3 Darklings","floor":37,"turns":8},{"damage":0,"enemies":"Maw","floor":39,"turns":8},{"damage":33,"enemies":"Transient","floor":41,"turns":5},{"damage":0,"enemies":"Spire Growth","floor":44,"turns":6},{"damage":0,"enemies":"Mind Bloom Boss Battle","floor":45,"turns":9},{"damage":16,"enemies":"4 Shapes","floor":46,"turns":2},{"damage":0,"enemies":"Giant Head","floor":47,"turns":8},{"damage":0,"enemies":"Time Eater","floor":50,"turns":10}],"seed_played":"-3788485259765240240","potions_obtained":[{"floor":1,"key":"Block Potion"},{"floor":2,"key":"Swift Potion"},{"floor":13,"key":"AttackPotion"},{"floor":16,"key":"EntropicBrew"},{"floor":37,"key":"LiquidBronze"},{"floor":44,"key":"AttackPotion"},{"floor":46,"key":"SteroidPotion"},{"floor":47,"key":"Poison Potion"}],"is_trial":false,"path_per_floor":["M","M","?","M","M","R","E","R","T","$","E","?","M","?","R","B",null,"M","M","?","?","M","E","?","R","T","R","M","?","R","M","R","B",null,"M","?","M","$","M","R","M","R","T","M","?","M","E","$","R","B",null],"character_chosen":"DEFECT","items_purchased":["OrangePellets","Static Discharge","White Noise","FocusPotion","Runic Capacitor","Weak Potion"],"campfire_rested":1,"item_purchase_floors":[10,38,38,38,48,48],"current_hp_per_floor":[72,72,82,74,71,71,62,62,62,62,59,64,64,47,47,43,76,73,70,64,47,36,12,12,39,39,39,39,39,39,39,39,43,80,90,80,90,90,92,92,69,69,69,79,92,86,92,92,92,92],"gold":21,"neow_bonus":"TEN_PERCENT_HP_BONUS","is_prod":false,"is_daily":false,"chose_seed":false,"campfire_upgraded":9,"win_rate":0,"timestamp":1541345001,"path_taken":["M","M","?","M","M","R","E","R","T","?","E","?","M","?","R","BOSS","M","M","?","?","M","E","?","R","T","R","M","?","R","M","R","BOSS","M","?","M","$","M","R","M","R","T","M","?","M","E","$","R","BOSS"],"build_version":"2018-11-01","purchased_purges":1,"victory":true,"max_hp_per_floor":[82,82,82,82,82,82,82,82,82,82,82,87,87,87,87,87,87,87,87,87,92,92,92,92,92,92,92,92,92,92,92,92,92,92,92,92,92,92,92,92,92,92,92,92,92,92,92,92,92,92],"card_choices":[{"not_picked":["Rebound","Ball Lightning"],"picked":"Glacier","floor":1},{"not_picked":["Capacitor","Leap","Hologram"],"picked":"SKIP","floor":2},{"not_picked":["Hologram","Reprogram","Recycle"],"picked":"SKIP","floor":4},{"not_picked":["Gash","Hologram"],"picked":"Rebound","floor":5},{"not_picked":["Leap","BootSequence"],"picked":"Cold Snap","floor":7},{"not_picked":["Self Repair","Coolheaded"],"picked":"Go for the Eyes","floor":11},{"not_picked":["Redo","Sweeping Beam"],"picked":"Compile Driver","floor":13},{"not_picked":["Meteor Strike","Buffer"],"picked":"Reboot","floor":16},{"not_picked":["Compile Driver","Cold Snap"],"picked":"Defragment","floor":18},{"not_picked":["Darkness","Force Field"],"picked":"Defragment","floor":19},{"not_picked":["Steam","Rip and Tear"],"picked":"Coolheaded","floor":22},{"not_picked":["Compile Driver","Static Discharge"],"picked":"Cold Snap+1","floor":23},{"not_picked":["Force Field","Consume","Stack"],"picked":"BootSequence","floor":28},{"not_picked":["Fission","Coolheaded","Beam Cell"],"picked":"Self Repair+1","floor":31},{"not_picked":["Thunder Strike","Meteor Strike","Reboot"],"picked":"Fission","floor":33},{"not_picked":["Go for the Eyes","Static Discharge","Steam","Heatsinks"],"picked":"SKIP","floor":35},{"not_picked":["Forethought","Sadistic Nature","Dramatic Entrance"],"picked":"Thinking Ahead","floor":36},{"not_picked":["Mind Blast","PanicButton","Swift Strike"],"picked":"Flash of Steel","floor":36},{"not_picked":["Mind Blast","Jack Of All Trades","Flash of Steel"],"picked":"Master of Strategy","floor":36},{"not_picked":["Rebound+1","Beam Cell+1","Heatsinks"],"picked":"Darkness+1","floor":37},{"not_picked":["Rebound","Scrape+1","Undo"],"picked":"Glacier","floor":39},{"not_picked":["Hologram","Consume+1","Chill"],"picked":"White Noise","floor":41},{"not_picked":["Coolheaded","Static Discharge","Redo","Capacitor"],"picked":"SKIP","floor":44},{"not_picked":["Doom and Gloom","Capacitor+1","Streamline+1"],"picked":"Blizzard+1","floor":45},{"not_picked":["Chaos+1","Redo","Go for the Eyes"],"picked":"Coolheaded+1","floor":46},{"not_picked":["Multi-Cast","Turbo","Compile Driver","Chaos"],"picked":"SKIP","floor":47}],"player_experience":182593,"relics_obtained":[{"floor":7,"key":"Bag of Marbles"},{"floor":9,"key":"War Paint"},{"floor":11,"key":"DataDisk"},{"floor":23,"key":"Question Card"},{"floor":26,"key":"FossilizedHelix"},{"floor":43,"key":"Orichalcum"},{"floor":45,"key":"Torii"},{"floor":47,"key":"Ancient Tea Set"}],"event_choices":[{"damage_healed":10,"gold_gain":0,"player_choice":"Full Heal","damage_taken":0,"max_hp_gain":0,"max_hp_loss":0,"event_name":"Wheel of Change","floor":3,"gold_loss":0},{"damage_healed":0,"gold_gain":0,"player_choice":"Donut","damage_taken":0,"max_hp_gain":5,"max_hp_loss":0,"event_name":"Big Fish","floor":12,"gold_loss":0},{"damage_healed":0,"gold_gain":0,"player_choice":"Entered Light","damage_taken":17,"max_hp_gain":0,"max_hp_loss":0,"event_name":"Shining Light","floor":14,"gold_loss":0,"cards_upgraded":["Cold Snap","Glacier"]},{"damage_healed":0,"gold_gain":0,"player_choice":"Joined the Cult","damage_taken":6,"max_hp_gain":0,"max_hp_loss":0,"event_name":"Nest","floor":20,"gold_loss":0,"cards_obtained":["RitualDagger"]},{"damage_healed":0,"gold_gain":0,"player_choice":"Shed Blood","damage_taken":22,"max_hp_gain":5,"max_hp_loss":0,"event_name":"Forgotten Altar","floor":21,"gold_loss":0},{"damage_healed":0,"gold_gain":0,"player_choice":"Opened","damage_taken":0,"relics_obtained":["Pantograph"],"max_hp_gain":0,"max_hp_loss":0,"event_name":"The Mausoleum","floor":24,"gold_loss":0},{"damage_healed":0,"gold_gain":0,"player_choice":"Ignored","damage_taken":0,"max_hp_gain":0,"max_hp_loss":0,"event_name":"Ghosts","floor":29,"gold_loss":0},{"damage_healed":0,"gold_gain":0,"player_choice":"Memory 3","damage_taken":10,"max_hp_gain":0,"max_hp_loss":0,"event_name":"SensoryStone","floor":36,"gold_loss":0},{"damage_healed":0,"gold_gain":0,"player_choice":"Fight","damage_taken":0,"max_hp_gain":0,"max_hp_loss":0,"event_name":"MindBloom","floor":45,"gold_loss":0}],"is_beta":false,"boss_relics":[{"not_picked":["Sozu","Velvet Choker"],"picked":"Nuclear Battery"},{"not_picked":["Runic Dome","Cursed Key"],"picked":"Philosopher\u0027s Stone"}],"items_purged_floors":[38],"is_endless":false,"potions_floor_spawned":[1,2,13,16,19,37,41,44,46,47],"ascension_level":13}