{"path_per_floor":["M","M","$","M","M","E","M","E","T","R","?","R","$","M","R","B",null,"M","?","?","?","M","R"],"character_chosen":"THE_SILENT","items_purchased":["Deadly Poison","Well Laid Plans","Prepared"],"gold_per_floor":[114,69,20,37,54,114,127,156,209,209,174,174,12,25,25,129,129,139,139,139,139,149,149],"floor_reached":24,"campfire_rested":4,"playtime":1981,"current_hp_per_floor":[62,51,51,42,42,21,18,5,5,23,38,56,56,45,63,11,63,32,32,32,32,14,32],"items_purged":["Strike_G"],"gold":149,"play_id":"7d675a19-1284-47a5-a0df-9281b576023a","is_prod":false,"is_daily":false,"campfire_rituals":0,"campfire_upgraded":0,"is_hardmode":false,"path_taken":["M","M","$","M","M","E","M","E","T","R","?","R","$","M","R","BOSS","M","?","?","?","M","R","E"],"build_version":"2017-12-21-PROD1","purchased_purges":1,"victory":false,"master_deck":["Defend_G","Defend_G","Defend_G","Defend_G","Strike_G","Strike_G","Strike_G","Survivor","Neutralize","After Image","Malaise","Crippling Poison","Bane","Deadly Poison","Deadly Poison","Poisoned Stab","Deadly Poison","Catalyst","Poisoned Stab","Well Laid Plans","Prepared","Outmaneuver","Doppelganger","Backflip","Flying Knee","Catalyst","Escape Plan","Acrobatics","Backflip","After Image"],"max_hp_per_floor":[63,63,63,63,63,63,63,63,63,63,63,63,63,63,63,63,63,63,63,63,63,63,63],"relics":["Ring of the Snake","Tiny Chest","Juzu Bracelet","Bag of Preparation","Orrery","Omamori","Tingsha"],"campfire_meditates":0,"card_choices":[{"not_picked":["Flying Knee","Calculated Gamble"],"picked":"Crippling Poison"},{"not_picked":["Dagger Spray","Footwork"],"picked":"Bane"},{"not_picked":["Riddle With Holes","Caltrops"],"picked":"Deadly Poison"},{"not_picked":["Choke","Cloak And Dagger"],"picked":"Poisoned Stab"},{"not_picked":["Unload","Footwork"],"picked":"Deadly Poison"},{"not_picked":["Underhanded Strike","Acrobatics"],"picked":"Catalyst"},{"not_picked":["PiercingWail","Flying Knee"],"picked":"Poisoned Stab"},{"not_picked":["Dagger Spray","Eviscerate"],"picked":"Outmaneuver"},{"not_picked":["Tools of the Trade","Phantasmal Killer"],"picked":"Doppelganger"},{"not_picked":["Cloak And Dagger","Dodge and Roll"],"picked":"Backflip"},{"not_picked":["Riddle With Holes","Acrobatics"],"picked":"Flying Knee"},{"not_picked":["Acrobatics","Poisoned Stab"],"picked":"Catalyst"},{"not_picked":["Flying Knee","Eviscerate"],"picked":"Escape Plan"},{"not_picked":["Backflip","Caltrops"],"picked":"Acrobatics"},{"not_picked":["Predator","Underhanded Strike"],"picked":"Backflip"},{"not_picked":["Accuracy","Backstab"],"picked":"After Image"}],"player_experience":76807,"potions_floor_usage":[7,7,8,16,24],"damage_taken":[{"damage":1.0,"enemies":"Cultist","floor":1.0,"turns":5.0},{"damage":11.0,"enemies":"Looter","floor":2.0,"turns":5.0},{"damage":9.0,"enemies":"Blue Slaver","floor":4.0,"turns":6.0},{"damage":0.0,"enemies":"Large Slime","floor":5.0,"turns":6.0},{"damage":21.0,"enemies":"Gremlin Nob","floor":6.0,"turns":4.0},{"damage":3,"enemies":"Gremlin Gang","floor":7,"turns":3},{"damage":13,"enemies":"Lagavulin","floor":8,"turns":6},{"damage":11,"enemies":"3 Louse","floor":14,"turns":3},{"damage":67,"enemies":"Slime Boss","floor":16,"turns":18},{"damage":31,"enemies":"3 Byrds","floor":18,"turns":7},{"damage":18,"enemies":"Chosen","floor":22,"turns":5},{"damage":33,"enemies":"Gremlin Leader","floor":24,"turns":2}],"event_choices":[{"event_name":"The Cleric","player_choice":"Healed","floor":11,"damage_taken":0},{"event_name":"Accursed Blacksmith","player_choice":"Rummage","floor":19,"damage_taken":0},{"event_name":"Beggar","player_choice":"Ignored","floor":20,"damage_taken":0},{"event_name":"The Mausoleum","player_choice":"Yes","floor":21,"damage_taken":0}],"boss_relics":[{"not_picked":["Ectoplasm","Lizard Tail"],"picked":"Orrery"}],"potions_floor_spawned":[4,6,7,14,22],"seed_played":"-2727249335969397049","killed_by":"Gremlin Leader","is_trial":false}