{"gold_per_floor":[119,194,194,369,383,415,426,426,450,469,495,108,108,121,121,225,225,239,239],"floor_reached":19,"playtime":663,"items_purged":["Doubt"],"score":177,"play_id":"14b29ee3-1a1f-42d3-9f82-83a81b828661","local_time":"20181208124846","is_ascension_mode":false,"campfire_choices":[{"floor":8,"key":"REST"},{"data":"Shrug It Off","floor":13,"key":"SMITH"},{"floor":15,"key":"REST"}],"neow_cost":"NONE","seed_source_timestamp":2071762984273992,"circlet_count":0,"master_deck":["Strike_R","Strike_R+1","Strike_R+1","Strike_R","Defend_R","Defend_R+1","Defend_R","Defend_R","Bash+1","Pummel","Shrug It Off+1"],"relics":["Burning Blood","Dream Catcher","Whetstone","StoneCalendar","Ice Cream","White Beast Statue"],"potions_floor_usage":[6,11,11,16,18],"damage_taken":[{"damage":0,"enemies":"Small Slimes","floor":1,"turns":3},{"damage":0,"enemies":"2 Louse","floor":5,"turns":4},{"damage":32,"enemies":"Gremlin Nob","floor":6,"turns":6},{"damage":0,"enemies":"Jaw Worm","floor":7,"turns":6},{"damage":0,"enemies":"2 Fungi Beasts","floor":10,"turns":4},{"damage":42,"enemies":"Lagavulin","floor":11,"turns":9},{"damage":11,"enemies":"Large Slime","floor":14,"turns":7},{"damage":30,"enemies":"Hexaghost","floor":16,"turns":9},{"damage":34,"enemies":"Spheric Guardian","floor":18,"turns":7},{"damage":57,"enemies":"Masked Bandits","floor":19,"turns":5}],"seed_played":"-5411855317716768088","potions_obtained":[{"floor":1,"key":"Weak Potion"},{"floor":5,"key":"SkillPotion"},{"floor":7,"key":"Block Potion"},{"floor":10,"key":"LiquidBronze"},{"floor":16,"key":"Weak Potion"},{"floor":18,"key":"Fruit Juice"}],"is_trial":false,"path_per_floor":["M","?","?","?","M","E","M","R","T","M","E","$","R","M","R","B",null,"M","?"],"character_chosen":"IRONCLAD","items_purchased":["Ice Cream"],"campfire_rested":2,"item_purchase_floors":[12],"current_hp_per_floor":[80,69,53,53,59,33,39,63,63,69,33,33,33,28,52,28,80,57,0],"gold":239,"neow_bonus":"TRANSFORM_CARD","is_prod":false,"is_daily":false,"chose_seed":false,"campfire_upgraded":1,"win_rate":0,"timestamp":1544291326,"path_taken":["M","?","?","?","M","E","M","R","T","M","E","$","R","M","R","BOSS","M","?"],"build_version":"2018-12-06","purchased_purges":1,"victory":false,"max_hp_per_floor":[80,80,80,80,80,80,80,80,80,80,80,80,80,80,80,80,80,85,85],"card_choices":[{"not_picked":["Evolve","Flame Barrier"],"picked":"Shrug It Off","floor":1},{"not_picked":["Twin Strike","Infernal Blade","Rupture"],"picked":"SKIP","floor":5},{"not_picked":["Armaments","Flex","Second Wind"],"picked":"SKIP","floor":6},{"not_picked":["Flex","Armaments","Infernal Blade"],"picked":"SKIP","floor":7},{"not_picked":["Second Wind","Sword Boomerang","Warcry"],"picked":"SKIP","floor":10},{"not_picked":["Perfected Strike","Wild Strike","Inflame"],"picked":"SKIP","floor":11},{"not_picked":["Clash","True Grit","Clothesline"],"picked":"SKIP","floor":14},{"not_picked":["Perfected Strike","Cleave","Pommel Strike"],"picked":"SKIP","floor":18}],"player_experience":605559,"relics_obtained":[{"floor":6,"key":"Dream Catcher"},{"floor":9,"key":"Whetstone"},{"floor":11,"key":"StoneCalendar"}],"event_choices":[{"damage_healed":0,"gold_gain":75,"player_choice":"Gather Gold","damage_taken":11,"max_hp_gain":0,"max_hp_loss":0,"event_name":"World of Goop","floor":2,"gold_loss":0},{"damage_healed":0,"gold_gain":0,"player_choice":"Entered Light","damage_taken":16,"max_hp_gain":0,"max_hp_loss":0,"event_name":"Shining Light","floor":3,"gold_loss":0,"cards_upgraded":["Defend_R","Strike_R"]},{"damage_healed":0,"gold_gain":175,"player_choice":"AGREE","damage_taken":0,"max_hp_gain":0,"max_hp_loss":0,"event_name":"Liars Game","floor":4,"gold_loss":0,"cards_obtained":["Doubt"]},{"damage_healed":0,"gold_gain":0,"player_choice":"Fought Bandits","damage_taken":0,"max_hp_gain":0,"max_hp_loss":0,"event_name":"Masked Bandits","floor":19,"gold_loss":0}],"is_beta":false,"boss_relics":[{"not_picked":["Runic Pyramid","Snecko Eye"],"picked":"White Beast Statue"}],"items_purged_floors":[12],"is_endless":false,"potions_floor_spawned":[1,5,7,10,16,18],"killed_by":"Masked Bandits","ascension_level":0}