{"gold_per_floor":[119,129,144,109,136,136,167,181,206,206,50,67,94,94],"floor_reached":14,"playtime":485,"items_purged":["Strike_B"],"score":180,"play_id":"ad04f09b-45ff-4281-a749-2edf503dd48b","local_time":"20190218113745","is_ascension_mode":true,"campfire_choices":[{"data":"Defragment","floor":6,"key":"SMITH"},{"data":"Streamline","floor":10,"key":"SMITH"}],"neow_cost":"NONE","seed_source_timestamp":104963014863050,"circlet_count":0,"master_deck":["AscendersBane","Strike_B","Strike_B","Strike_B","Defend_B","Defend_B","Defend_B","Defend_B","Zap+1","Dualcast","Reinforced Body","Defragment+1","BootSequence","Conserve Battery","Streamline+1","Defragment","Conserve Battery","Compile Driver"],"relics":["Cracked Core","Oddly Smooth Stone","Smiling Mask","Happy Flower","Odd Mushroom"],"potions_floor_usage":[7,14],"damage_taken":[{"damage":7,"enemies":"2 Louse","floor":1,"turns":3},{"damage":7,"enemies":"Jaw Worm","floor":2,"turns":4},{"damage":1,"enemies":"Small Slimes","floor":3,"turns":3},{"damage":9,"enemies":"Lagavulin","floor":7,"turns":7},{"damage":9,"enemies":"3 Louse","floor":8,"turns":4},{"damage":0,"enemies":"Exordium Thugs","floor":12,"turns":4},{"damage":40,"enemies":"The Mushroom Lair","floor":13,"turns":4},{"damage":34,"enemies":"Gremlin Nob","floor":14,"turns":4}],"seed_played":"5407365493163367131","potions_obtained":[{"floor":1,"key":"Ancient Potion"},{"floor":2,"key":"Strength Potion"}],"is_trial":false,"path_per_floor":["M","M","M","?","T","R","E","M","T","R","$","M","?","E"],"character_chosen":"DEFECT","items_purchased":["Defragment","Conserve Battery"],"campfire_rested":0,"item_purchase_floors":[11,11],"current_hp_per_floor":[57,50,49,66,66,66,57,48,48,48,48,48,8,0],"gold":94,"neow_bonus":"UPGRADE_CARD","is_prod":false,"is_daily":false,"chose_seed":false,"campfire_upgraded":2,"win_rate":0,"timestamp":1550507865,"path_taken":["M","M","M","?","?","R","E","M","T","R","$","M","?","E"],"build_version":"2019-01-23","purchased_purges":1,"victory":false,"max_hp_per_floor":[71,71,71,71,71,71,71,71,71,71,71,71,71,71],"card_choices":[{"not_picked":["Scrape","White Noise"],"picked":"Reinforced Body","floor":1},{"not_picked":["Static Discharge","Reinforced Body"],"picked":"Defragment","floor":2},{"not_picked":["Stack","Redo"],"picked":"BootSequence","floor":3},{"not_picked":["Barrage","Heatsinks"],"picked":"Conserve Battery","floor":7},{"not_picked":["Barrage","Scrape"],"picked":"Streamline","floor":8},{"not_picked":["Turbo","Lockon"],"picked":"Compile Driver","floor":12}],"player_experience":666535,"relics_obtained":[{"floor":5,"key":"Oddly Smooth Stone"},{"floor":7,"key":"Smiling Mask"},{"floor":9,"key":"Happy Flower"},{"floor":13,"key":"Odd Mushroom"}],"event_choices":[{"damage_healed":17,"gold_gain":0,"player_choice":"Healed","damage_taken":0,"max_hp_gain":0,"max_hp_loss":0,"event_name":"The Cleric","floor":4,"gold_loss":35},{"damage_healed":0,"gold_gain":0,"player_choice":"Fought Mushrooms","damage_taken":0,"max_hp_gain":0,"max_hp_loss":0,"event_name":"Mushrooms","floor":13,"gold_loss":0}],"is_beta":false,"boss_relics":[],"items_purged_floors":[11],"is_endless":false,"potions_floor_spawned":[1,2,3],"killed_by":"Gremlin Nob","ascension_level":20}