{"path_per_floor":["M","M","$","M","?","R","?","R","T","$","R","E","R","M","R","B",null,"M","$","M","M","M","R","E","?","T","M","M","R","M","M","R"],"character_chosen":"IRONCLAD","items_purchased":["Headbutt","Headbutt","Evolve","Shrug It Off","Searing Blow"],"gold_per_floor":[117,132,31,45,45,45,45,45,72,21,21,65,65,80,80,209,209,224,64,88,104,119,119,154,154,181,197,218,218,241,259,259],"floor_reached":33,"campfire_rested":4,"playtime":2174,"current_hp_per_floor":[80,71,71,66,66,66,50,50,57,57,57,47,73,66,87,49,87,72,72,70,57,22,49,32,32,32,44,56,56,31,26,54],"items_purged":["Doubt"],"gold":259,"play_id":"5312387b-444e-407b-b316-8ff86cb07cf5","is_prod":false,"is_daily":false,"campfire_rituals":0,"campfire_upgraded":3,"is_hardmode":false,"path_taken":["M","M","$","M","?","R","?","R","T","?","R","E","R","M","R","BOSS","M","$","M","M","M","R","E","?","T","M","M","R","M","M","R","BOSS"],"build_version":"2017-12-21-PROD1","purchased_purges":1,"victory":false,"master_deck":["Strike_R","Strike_R","Strike_R","Defend_R","Defend_R","Bash","Flex","Spot Weakness","Headbutt","Heavy Blade","Headbutt","Pummel","Pommel Strike","Thunderclap","Double Tap","Feed","Iron Wave","Reaper","Power Through","True Grit","Evolve","Shrug It Off","Searing Blow","Perfected Strike","Fire Breathing","Wild Strike","Evolve","Impervious","Perfected Strike","Heavy Blade","Wild Strike","Shrug It Off","Wild Strike"],"max_hp_per_floor":[80,80,80,80,80,80,80,80,87,87,87,87,87,87,87,87,87,90,90,90,90,93,93,93,93,93,93,96,96,96,96,96],"relics":["Burning Blood","Peace Pipe","Golden Idol","Strawberry","Dream Catcher","Astrolabe","Gremlin Horn","Blood Vial"],"campfire_meditates":0,"card_choices":[{"not_picked":["Feel No Pain","Clothesline"],"picked":"Flex"},{"not_picked":["Wild Strike","Anger"],"picked":"Spot Weakness"},{"not_picked":["Sword Boomerang","Pommel Strike"],"picked":"Heavy Blade"},{"not_picked":["Berserk","Pommel Strike"],"picked":"Pummel"},{"not_picked":["Battle Trance","Armaments"],"picked":"Pommel Strike"},{"not_picked":["Sword Boomerang","True Grit"],"picked":"Thunderclap"},{"not_picked":["Sword Boomerang","Flex"],"picked":"Double Tap"},{"not_picked":["Immolate","Double Tap"],"picked":"Feed"},{"not_picked":["Clothesline","Rampage"],"picked":"True Grit"},{"not_picked":["Thunderclap","Pummel"],"picked":"Perfected Strike"},{"not_picked":["Hemokinesis","Rage"],"picked":"Fire Breathing"},{"not_picked":["Armaments","Anger"],"picked":"Wild Strike"},{"not_picked":["Fire Breathing","Headbutt"],"picked":"Evolve"},{"not_picked":["Sword Boomerang","Feel No Pain"],"picked":"Impervious"},{"not_picked":["Seeing Red","Dropkick"],"picked":"Perfected Strike"},{"not_picked":["Anger","Flame Barrier"],"picked":"Heavy Blade"},{"not_picked":["Twin Strike","Sword Boomerang"],"picked":"Wild Strike"},{"not_picked":["Fire Breathing","Evolve"],"picked":"Shrug It Off"},{"not_picked":["Juggernaut","Blood for Blood"],"picked":"Wild Strike"}],"player_experience":46453,"potions_floor_usage":[24,24,31],"damage_taken":[{"damage":6,"enemies":"Cultist","floor":1,"turns":4},{"damage":15,"enemies":"Looter","floor":2,"turns":3},{"damage":11,"enemies":"Jaw Worm","floor":4,"turns":2},{"damage":16,"enemies":"Gremlin Nob","floor":12,"turns":3},{"damage":13,"enemies":"2 Fungi Beasts","floor":14,"turns":3},{"damage":44,"enemies":"The Guardian","floor":16,"turns":6},{"damage":24,"enemies":"Shell Parasite","floor":18,"turns":5},{"damage":20,"enemies":"3 Byrds","floor":20,"turns":6},{"damage":20,"enemies":"Snecko","floor":21,"turns":4},{"damage":74,"enemies":"3 Cultists","floor":22,"turns":7},{"damage":23,"enemies":"Book of Stabbing","floor":24,"turns":4},{"damage":15,"enemies":"Chosen and Byrds","floor":27,"turns":3},{"damage":8,"enemies":"Snecko","floor":28,"turns":3},{"damage":33,"enemies":"Sentry and Sphere","floor":30,"turns":5},{"damage":13,"enemies":"Chosen and Byrds","floor":31,"turns":4},{"damage":77,"enemies":"Automaton","floor":33,"turns":6}],"event_choices":[{"event_name":"Golden Idol","player_choice":"Take Wound","floor":5,"damage_taken":0},{"event_name":"Shining Light","player_choice":"Entered Light","floor":7,"damage_taken":0},{"event_name":"Back to Basics","player_choice":"Elegance","floor":25,"damage_taken":0}],"boss_relics":[{"not_picked":["Runic Pyramid","White Beast Statue"],"picked":"Astrolabe"}],"potions_floor_spawned":[1,4,16,20,21,30],"seed_played":"2706489961594208523","killed_by":"Automaton","is_trial":false}