{"gold_per_floor":[112,129,54,19,30,30,61,61,61,89,139,157,157,191,203,290,302,332,9,20,38,52,52,69,69,96,96],"floor_reached":27,"playtime":1548,"items_purged":["Decay"],"score":490,"play_id":"148656c6-12bd-4c6c-b6da-3fdd6ea9507b","local_time":"20181202160513","is_ascension_mode":true,"campfire_choices":[{"data":"Neutralize","floor":6,"key":"SMITH"},{"data":"Cloak And Dagger","floor":8,"key":"SMITH"},{"data":"Footwork","floor":15,"key":"SMITH"},{"floor":23,"key":"REST"}],"neow_cost":"NONE","seed_source_timestamp":1564264504899049,"circlet_count":0,"master_deck":["AscendersBane","Defend_G","Defend_G","Defend_G","Defend_G+1","Defend_G","Strike_G","Strike_G","Strike_G","Strike_G","Survivor+1","Neutralize+1","Poisoned Stab","Cloak And Dagger+1","Footwork+1","Dash","PiercingWail","Flying Knee","Dash","Prepared","Tools of the Trade","Clumsy","Decay","Underhanded Strike+1","Escape Plan","Backflip","Envenom","Caltrops+1"],"relics":["Ring of the Snake","Bag of Preparation","Matryoshka","Anchor","Vajra","Pantograph","Art of War","War Paint","MawBank","Calling Bell","Ancient Tea Set","Gremlin Horn","Thread and Needle","Lantern","Enchiridion","Juzu Bracelet"],"potions_floor_usage":[7,7,14,16,22,27],"damage_taken":[{"damage":8,"enemies":"Cultist","floor":1,"turns":5},{"damage":1,"enemies":"Jaw Worm","floor":2,"turns":3},{"damage":0,"enemies":"2 Louse","floor":5,"turns":4},{"damage":26,"enemies":"Gremlin Nob","floor":7,"turns":4},{"damage":8,"enemies":"3 Sentries","floor":10,"turns":9},{"damage":0,"enemies":"2 Fungi Beasts","floor":12,"turns":2},{"damage":0,"enemies":"Gremlin Nob","floor":14,"turns":4},{"damage":43,"enemies":"Slime Boss","floor":16,"turns":19},{"damage":0,"enemies":"Shell Parasite","floor":18,"turns":7},{"damage":8,"enemies":"Spheric Guardian","floor":20,"turns":5},{"damage":29,"enemies":"Chosen and Byrds","floor":21,"turns":9},{"damage":9,"enemies":"3 Cultists","floor":22,"turns":6},{"damage":0,"enemies":"Centurion and Healer","floor":24,"turns":10},{"damage":26,"enemies":"Cultist and Chosen","floor":27,"turns":3}],"seed_played":"-4442368492233504983","potions_obtained":[{"floor":2,"key":"AttackPotion"},{"floor":5,"key":"AttackPotion"},{"floor":7,"key":"Block Potion"},{"floor":10,"key":"Block Potion"},{"floor":21,"key":"Explosive Potion"},{"floor":22,"key":"Poison Potion"},{"floor":24,"key":"SteroidPotion"}],"is_trial":false,"path_per_floor":["M","M","$","?","M","R","E","R","T","E","T","M","?","E","R","B",null,"M","$","M","M","M","R","M","?","T","M"],"character_chosen":"THE_SILENT","items_purchased":["Footwork","Lantern","Escape Plan"],"campfire_rested":1,"item_purchase_floors":[3,19,19],"current_hp_per_floor":[51,50,50,66,66,66,40,40,40,32,32,32,32,32,32,14,53,53,53,45,16,7,26,26,5,5,0],"gold":96,"neow_bonus":"RANDOM_COMMON_RELIC","is_prod":false,"is_daily":false,"chose_seed":false,"campfire_upgraded":3,"win_rate":0,"timestamp":1543784713,"path_taken":["M","M","$","?","M","R","E","R","T","E","?","?","?","E","R","BOSS","M","$","M","M","M","R","?","?","T","M"],"build_version":"2018-11-15","purchased_purges":1,"victory":false,"max_hp_per_floor":[66,66,66,66,66,66,66,66,66,66,66,66,66,66,66,66,66,66,66,66,66,66,66,66,66,66,66],"card_choices":[{"not_picked":["Flying Knee","Acrobatics"],"picked":"Poisoned Stab","floor":1},{"not_picked":["Calculated Gamble","Acrobatics"],"picked":"Cloak And Dagger","floor":2},{"not_picked":["Noxious Fumes","Endless Agony"],"picked":"Dash","floor":5},{"not_picked":["Slice","Envenom"],"picked":"PiercingWail","floor":7},{"not_picked":["Acrobatics","Bane"],"picked":"Flying Knee","floor":10},{"not_picked":["Infinite Blades","Blur"],"picked":"Dash","floor":12},{"not_picked":["Quick Slash","Heel Hook"],"picked":"Prepared","floor":14},{"not_picked":["Phantasmal Killer","Glass Knife"],"picked":"Tools of the Trade","floor":16},{"not_picked":["Backstab","Blade Dance"],"picked":"Underhanded Strike+1","floor":18},{"not_picked":["Flying Knee","Terror"],"picked":"Backflip","floor":20},{"not_picked":["Predator","Crippling Poison"],"picked":"Envenom","floor":21},{"not_picked":["Outmaneuver","Sucker Punch","Eviscerate"],"picked":"SKIP","floor":22},{"not_picked":["Underhanded Strike","Eviscerate"],"picked":"Caltrops+1","floor":24}],"player_experience":582136,"relics_obtained":[{"floor":7,"key":"Matryoshka"},{"floor":9,"key":"Anchor"},{"floor":9,"key":"Vajra"},{"floor":10,"key":"Pantograph"},{"floor":11,"key":"Art of War"},{"floor":11,"key":"War Paint"},{"floor":14,"key":"MawBank"},{"floor":17,"key":"Ancient Tea Set"},{"floor":17,"key":"Gremlin Horn"},{"floor":17,"key":"Thread and Needle"},{"floor":25,"key":"Enchiridion"},{"floor":26,"key":"Juzu Bracelet"}],"event_choices":[{"damage_healed":16,"gold_gain":0,"player_choice":"Healed","damage_taken":0,"max_hp_gain":0,"max_hp_loss":0,"event_name":"The Cleric","floor":4,"gold_loss":35},{"cards_removed":["Strike_G"],"damage_healed":0,"gold_gain":0,"player_choice":"Purged","damage_taken":0,"max_hp_gain":0,"max_hp_loss":0,"event_name":"Purifier","floor":13,"gold_loss":0},{"damage_healed":0,"gold_gain":0,"player_choice":"Obtained Book","damage_taken":21,"max_hp_gain":0,"max_hp_loss":0,"event_name":"Cursed Tome","floor":25,"gold_loss":0}],"is_beta":false,"boss_relics":[{"not_picked":["Coffee Dripper","Empty Cage"],"picked":"Calling Bell"}],"items_purged_floors":[19],"is_endless":false,"potions_floor_spawned":[2,5,7,10,21,22,24],"killed_by":"Cultist and Chosen","ascension_level":18}