{"path_per_floor":["M","?","M","$","?","R","M","M","T","R","M","M","R","M","R","B",null,"M","$","?","M","M","R"],"character_chosen":"DEFECT","items_purchased":["Loop","Matryoshka"],"gold_per_floor":[114,114,129,16,191,191,205,225,294,294,310,330,330,343,343,442,472,483,132,132,149,168,168,168],"floor_reached":24,"campfire_rested":2,"playtime":878,"current_hp_per_floor":[67,67,64,64,64,64,71,69,69,69,58,49,71,75,75,63,80,77,77,77,52,16,40,0],"items_purged":["Defend_B","Defend_B"],"gold":168,"score":190,"play_id":"d40caebf-c944-4c59-a53c-b67431a06e20","local_time":"20180428071549","is_prod":false,"is_daily":false,"chose_seed":false,"is_ascension_mode":false,"campfire_upgraded":3,"timestamp":1524921349,"path_taken":["M","?","M","$","?","R","M","?","T","R","M","M","R","M","R","BOSS","M","$","?","?","M","R","E"],"build_version":"2018-04-27v3","seed_source_timestamp":1440163432623484,"purchased_purges":2,"victory":false,"master_deck":["Strike_B","Strike_B","Strike_B","Defend_B+1","Defend_B","Zap","Dualcast+1","Self Repair","Chill","Loop+1","Doubt","Redo","Barrage","Storm+1","Nova+1","Cold Snap+1","Amplify","Force Field","Impulse+1","Impulse","Barrage+1"],"max_hp_per_floor":[75,75,75,75,75,75,75,75,75,75,75,75,75,75,75,75,80,80,80,80,80,80,80,80],"relics":["Cracked Core","Molten Egg 2","Tiny House","Matryoshka"],"card_choices":[{"not_picked":["Go for the Eyes","Skim"],"picked":"Self Repair","floor":1},{"not_picked":["Axe Kick","Hologram"],"picked":"Chill","floor":3},{"not_picked":["Stack","Ball Lightning"],"picked":"Redo","floor":7},{"not_picked":["Go for the Eyes","Skim"],"picked":"Barrage","floor":8},{"not_picked":["Chill","Sweeping Beam"],"picked":"Storm","floor":11},{"not_picked":["Auto Shields","Steam Power"],"picked":"Nova","floor":12},{"not_picked":["Skim","Go for the Eyes"],"picked":"Cold Snap","floor":14},{"not_picked":["Rainbow","Meteor Strike"],"picked":"Amplify","floor":16},{"not_picked":["Go for the Eyes","Beam Cell"],"picked":"Force Field","floor":17},{"not_picked":["Hello World","Rebound"],"picked":"Impulse","floor":18},{"not_picked":["Recycle","Blaster"],"picked":"Impulse","floor":21},{"not_picked":["Coolheaded","Sweeping Beam"],"picked":"Barrage","floor":22}],"player_experience":305813,"potions_floor_usage":[12,16,21,22,24,24],"damage_taken":[{"damage":8,"enemies":"Jaw Worm","floor":1,"turns":3},{"damage":10,"enemies":"Cultist","floor":3,"turns":4},{"damage":0,"enemies":"Small Slimes","floor":7,"turns":4},{"damage":9,"enemies":"Exordium Wildlife","floor":8,"turns":4},{"damage":18,"enemies":"Looter","floor":11,"turns":3},{"damage":16,"enemies":"Lots of Slimes","floor":12,"turns":4},{"damage":0,"enemies":"Large Slime","floor":14,"turns":4},{"damage":19,"enemies":"Slime Boss","floor":16,"turns":6},{"damage":10,"enemies":"Spheric Guardian","floor":18,"turns":4},{"damage":32,"enemies":"2 Thieves","floor":21,"turns":4},{"damage":55,"enemies":"Snake Plant","floor":22,"turns":5},{"damage":54,"enemies":"Slavers","floor":24,"turns":4}],"event_choices":[{"event_name":"Bonfire Elementals","player_choice":"BASIC","floor":2,"damage_taken":0},{"event_name":"Liars Game","player_choice":"agreed","floor":5,"damage_taken":0},{"event_name":"The Woman in Blue","player_choice":"Bought 0 Potions","floor":20,"damage_taken":0}],"boss_relics":[{"not_picked":["Runic Pyramid","Runic Dome"],"picked":"Tiny House"}],"potions_floor_spawned":[1,8,12,14,16,22],"seed_played":"2066970369798952198","killed_by":"Slavers","ascension_level":0,"is_trial":false}