{"gold_per_floor":[112,287,287,302,312,312,327,327,327,354,60,74,74,89,89,89],"floor_reached":16,"playtime":593,"items_purged":[],"score":148,"play_id":"439a992e-cad3-4445-a9eb-336a86cc6824","local_time":"20181101194008","is_ascension_mode":true,"campfire_choices":[{"data":"Zap","floor":6,"key":"SMITH"},{"data":"Go for the Eyes","floor":8,"key":"SMITH"},{"floor":15,"key":"REST"}],"neow_cost":"NONE","seed_source_timestamp":275293040435802,"circlet_count":0,"master_deck":["Strike_B","Strike_B","Strike_B","Defend_B","Defend_B","Defend_B","Defend_B","Zap+1","Dualcast+1","Genetic Algorithm","Doubt","Ball Lightning","Go for the Eyes+1","Glacier","Gash"],"relics":["Cracked Core","Pen Nib","Pantograph","Calipers"],"potions_floor_usage":[10,16],"damage_taken":[{"damage":3,"enemies":"Small Slimes","floor":1,"turns":3},{"damage":0,"enemies":"2 Louse","floor":4,"turns":2},{"damage":2,"enemies":"Jaw Worm","floor":5,"turns":3},{"damage":26,"enemies":"Exordium Wildlife","floor":7,"turns":4},{"damage":26,"enemies":"Gremlin Nob","floor":10,"turns":4},{"damage":0,"enemies":"Blue Slaver","floor":12,"turns":3},{"damage":3,"enemies":"Large Slime","floor":14,"turns":6},{"damage":50,"enemies":"Slime Boss","floor":16,"turns":12}],"seed_played":"-994277617630335321","potions_obtained":[{"floor":4,"key":"Swift Potion"},{"floor":5,"key":"Ancient Potion"}],"is_trial":false,"path_per_floor":["M","?","?","M","M","R","M","R","T","E","$","M","?","M","R"],"character_chosen":"DEFECT","items_purchased":["Calipers"],"campfire_rested":1,"item_purchase_floors":[11],"current_hp_per_floor":[65,65,65,65,63,63,37,37,37,11,11,11,4,1,23,0],"gold":89,"neow_bonus":"TRANSFORM_CARD","is_prod":false,"is_daily":false,"chose_seed":false,"campfire_upgraded":2,"win_rate":0,"timestamp":1541115608,"path_taken":["M","?","?","M","M","R","M","R","T","E","$","M","?","M","R","BOSS"],"build_version":"2018-10-25v2","purchased_purges":0,"victory":false,"max_hp_per_floor":[75,75,75,75,75,75,75,75,75,75,75,75,75,75,75,75],"card_choices":[{"not_picked":["Leap","Reprogram","Loop"],"picked":"SKIP","floor":1},{"not_picked":["Compile Driver","Leap"],"picked":"Ball Lightning","floor":4},{"not_picked":["Compile Driver","Conserve Battery"],"picked":"Go for the Eyes","floor":5},{"not_picked":["Hologram","Storm","Turbo"],"picked":"SKIP","floor":7},{"not_picked":["Auto Shields","Cold Snap"],"picked":"Glacier","floor":10},{"not_picked":["Compile Driver","Barrage","Beam Cell"],"picked":"SKIP","floor":12},{"not_picked":["Ball Lightning","Redo"],"picked":"Gash","floor":14}],"player_experience":142869,"relics_obtained":[{"floor":9,"key":"Pen Nib"},{"floor":10,"key":"Pantograph"}],"event_choices":[{"damage_healed":0,"gold_gain":175,"player_choice":"AGREE","damage_taken":0,"max_hp_gain":0,"max_hp_loss":0,"event_name":"Liars Game","floor":2,"gold_loss":0,"cards_obtained":["Doubt"]},{"damage_healed":0,"gold_gain":0,"player_choice":"Grow","damage_taken":0,"max_hp_gain":0,"max_hp_loss":0,"event_name":"Living Wall","floor":3,"gold_loss":0,"cards_upgraded":["Dualcast"]},{"damage_healed":0,"gold_gain":0,"player_choice":"Fled","damage_taken":7,"max_hp_gain":0,"max_hp_loss":0,"event_name":"Scrap Ooze","floor":13,"gold_loss":0}],"is_beta":false,"boss_relics":[],"items_purged_floors":[],"is_endless":false,"potions_floor_spawned":[4,5],"killed_by":"Slime Boss","ascension_level":9}