{"gold_per_floor":[116,4,14,14,89,115,115,146,171,171],"floor_reached":10,"playtime":360,"items_purged":["Injury"],"score":148,"play_id":"3f0b8ab4-cbd2-468e-a1bb-2c5370446eb1","local_time":"20190307094621","is_ascension_mode":true,"campfire_choices":[{"floor":7,"key":"REST"}],"neow_cost":"CURSE","seed_source_timestamp":211428375626,"circlet_count":0,"master_deck":["AscendersBane","Strike_B","Strike_B","Strike_B","Strike_B","Defend_B","Defend_B","Defend_B","Defend_B","Zap","Dualcast","Ball Lightning","FTL","Ball Lightning","Cold Snap"],"relics":["Cracked Core","Smiling Mask","Pen Nib","Dream Catcher"],"potions_floor_usage":[],"damage_taken":[{"damage":2,"enemies":"Cultist","floor":1,"turns":4},{"damage":0,"enemies":"2 Louse","floor":3,"turns":2},{"damage":30,"enemies":"Lagavulin","floor":6,"turns":7},{"damage":29,"enemies":"Gremlin Nob","floor":8,"turns":4},{"damage":32,"enemies":"3 Sentries","floor":10,"turns":6}],"seed_played":"-5949427508478994322","potions_obtained":[{"floor":1,"key":"Poison Potion"}],"is_trial":false,"path_per_floor":["M","$","M","?","?","E","R","E","T","E"],"character_chosen":"DEFECT","items_purchased":["FTL"],"campfire_rested":1,"item_purchase_floors":[2],"current_hp_per_floor":[76,76,76,76,65,35,60,31,31,0],"gold":171,"neow_bonus":"TWENTY_PERCENT_HP_BONUS","is_prod":false,"is_daily":false,"chose_seed":false,"campfire_upgraded":0,"win_rate":0,"timestamp":1551969981,"path_taken":["M","$","?","?","?","E","R","E","T","E"],"build_version":"2019-01-23","purchased_purges":1,"victory":false,"max_hp_per_floor":[85,85,85,85,85,85,85,85,85,85],"card_choices":[{"not_picked":["Gash","Static Discharge"],"picked":"Ball Lightning","floor":1},{"not_picked":["Go for the Eyes","Steam"],"picked":"Ball Lightning","floor":3},{"not_picked":["Double Energy","Rainbow"],"picked":"Cold Snap","floor":6},{"not_picked":["Streamline","Darkness","Barrage"],"picked":"SKIP","floor":8}],"player_experience":744014,"relics_obtained":[{"floor":6,"key":"Smiling Mask"},{"floor":8,"key":"Pen Nib"},{"floor":9,"key":"Dream Catcher"}],"event_choices":[{"damage_healed":0,"gold_gain":0,"player_choice":"Ignored","damage_taken":0,"max_hp_gain":0,"max_hp_loss":0,"event_name":"Liars Game","floor":4,"gold_loss":0},{"damage_healed":0,"gold_gain":75,"player_choice":"Gather Gold","damage_taken":11,"max_hp_gain":0,"max_hp_loss":0,"event_name":"World of Goop","floor":5,"gold_loss":0}],"is_beta":false,"boss_relics":[],"items_purged_floors":[2],"is_endless":false,"potions_floor_spawned":[1],"killed_by":"3 Sentries","ascension_level":20}