{"gold_per_floor":[116,116,127,127,127,127,156,156,156,169,56,66,78,136,136,234,234,252,0,0,15,15],"floor_reached":22,"playtime":1277,"items_purged":["Strike_R"],"score":241,"play_id":"a02fdea1-5973-42fc-a53f-5cfbfaa285b5","local_time":"20190302132213","is_ascension_mode":true,"campfire_choices":[{"data":"Heavy Blade","floor":6.0,"key":"SMITH"},{"data":"Entrench","floor":8.0,"key":"SMITH"},{"data":"Shrug It Off","floor":15.0,"key":"SMITH"}],"neow_cost":"NONE","seed_source_timestamp":0,"circlet_count":0,"master_deck":["Strike_R","Strike_R","Defend_R","Defend_R","Defend_R","Defend_R","Bash","Headbutt","Heavy Blade+1","Entrench+1","Dual Wield","Rampage","Armaments","Shrug It Off+1","Impervious","Shame","Parasite","Normality","Headbutt"],"special_seed":0,"relics":["Burning Blood","NeowsBlessing","Pantograph","Lantern","Tiny Chest","Calling Bell","Anchor","Matryoshka","Shovel"],"potions_floor_usage":[22],"damage_taken":[{"damage":0.0,"enemies":"Jaw Worm","floor":1.0,"turns":1.0},{"damage":0.0,"enemies":"2 Louse","floor":3.0,"turns":1.0},{"damage":0.0,"enemies":"Lagavulin","floor":7.0,"turns":1.0},{"damage":0.0,"enemies":"Small Slimes","floor":10.0,"turns":3.0},{"damage":7.0,"enemies":"2 Fungi Beasts","floor":12.0,"turns":3.0},{"damage":3.0,"enemies":"Blue Slaver","floor":13.0,"turns":5.0},{"damage":17.0,"enemies":"3 Sentries","floor":14.0,"turns":9.0},{"damage":43.0,"enemies":"The Guardian","floor":16.0,"turns":16.0},{"damage":20.0,"enemies":"Spheric Guardian","floor":18.0,"turns":8.0},{"damage":23,"enemies":"2 Thieves","floor":21,"turns":4},{"damage":46,"enemies":"Colosseum Slavers","floor":22,"turns":4}],"seed_played":"1030506755961478152","potions_obtained":[{"floor":10.0,"key":"Block Potion"},{"floor":13.0,"key":"Dexterity Potion"},{"floor":14.0,"key":"Block Potion"},{"floor":21,"key":"Weak Potion"}],"is_trial":false,"path_per_floor":["M","?","M","?","?","R","E","R","T","M","$","M","M","E","R","B",null,"M","?","?","M","?"],"character_chosen":"IRONCLAD","items_purchased":["Rampage"],"campfire_rested":0,"item_purchase_floors":[11],"current_hp_per_floor":[80,73,79,79,79,79,80,80,80,80,80,79,80,69,69,43,80,66,66,51,34,0],"gold":15,"neow_bonus":"THREE_ENEMY_KILL","is_prod":false,"is_daily":false,"chose_seed":false,"campfire_upgraded":3,"win_rate":0,"timestamp":1551493333,"path_taken":["M","?","M","?","?","R","E","R","T","M","?","M","M","E","R","BOSS","M","?","?","M","?"],"build_version":"2019-01-23","purchased_purges":1,"victory":false,"max_hp_per_floor":[80,80,80,80,80,80,80,80,80,80,80,80,80,80,80,80,80,80,80,85,85,85],"card_choices":[{"not_picked":["Cleave","Flex"],"picked":"Headbutt","floor":1.0},{"not_picked":["Sever Soul","True Grit"],"picked":"Heavy Blade","floor":3.0},{"not_picked":["Wild Strike","Clash"],"picked":"Entrench","floor":7.0},{"not_picked":["Clothesline","Iron Wave"],"picked":"Dual Wield","floor":10.0},{"not_picked":["Warcry","Dark Embrace"],"picked":"Armaments","floor":12.0},{"not_picked":["Cleave","Twin Strike","Clash"],"picked":"SKIP","floor":13.0},{"not_picked":["Dropkick","True Grit"],"picked":"Shrug It Off","floor":14.0},{"not_picked":["Limit Break","Brutality"],"picked":"Impervious","floor":16.0},{"not_picked":["Iron Wave","Clothesline+1"],"picked":"Headbutt","floor":18.0},{"not_picked":["Heavy Blade+1","Clash","Cleave"],"picked":"SKIP","floor":21}],"player_experience":219371,"relics_obtained":[{"floor":7.0,"key":"Pantograph"},{"floor":9.0,"key":"Lantern"},{"floor":14.0,"key":"Tiny Chest"},{"floor":17.0,"key":"Anchor"},{"floor":17.0,"key":"Matryoshka"},{"floor":17.0,"key":"Shovel"}],"event_choices":[{"cards_removed":["Strike_R"],"damage_healed":0.0,"max_hp_gain":0.0,"max_hp_loss":0.0,"gold_gain":0.0,"event_name":"Golden Wing","player_choice":"Card Removal","floor":2.0,"gold_loss":0.0,"damage_taken":7.0},{"damage_healed":0.0,"max_hp_gain":0.0,"max_hp_loss":0.0,"gold_gain":0.0,"event_name":"Shining Light","player_choice":"Ignored","floor":4.0,"gold_loss":0.0,"damage_taken":0.0},{"cards_removed":["Strike_R"],"damage_healed":0.0,"max_hp_gain":0.0,"max_hp_loss":0.0,"gold_gain":0.0,"event_name":"Living Wall","player_choice":"Forget","floor":5.0,"gold_loss":0.0,"damage_taken":0.0},{"damage_healed":0,"gold_gain":0,"player_choice":"Paid Fearfully","damage_taken":0,"max_hp_gain":0,"max_hp_loss":0,"event_name":"Masked Bandits","floor":19,"gold_loss":252},{"damage_healed":0,"gold_gain":0,"player_choice":"Shed Blood","damage_taken":20,"max_hp_gain":5,"max_hp_loss":0,"event_name":"Forgotten Altar","floor":20,"gold_loss":0},{"damage_healed":0,"gold_gain":0,"player_choice":"Fight","damage_taken":0,"max_hp_gain":0,"max_hp_loss":0,"event_name":"Colosseum","floor":22,"gold_loss":0}],"is_beta":false,"boss_relics":[{"not_picked":["Fusion Hammer","Orrery"],"picked":"Calling Bell"}],"items_purged_floors":[11],"is_endless":false,"potions_floor_spawned":[10,13,14,21],"killed_by":"Colosseum Slavers","ascension_level":2}