{"path_per_floor":["M","?","?","?","$","E","M","$","T","M","?","T","M","M","R","B",null,"M","M","?","?","M","E","R","M","T","M","M","M","M","?","R","B",null,"M","?","?","M","M","R","M","M","T"],"character_chosen":"THE_SILENT","items_purchased":["Bronze Scales","Blur","Sucker Punch"],"gold_per_floor":[18,18,18,193,1,26,46,22,22,39,39,39,56,73,73,174,174,192,207,207,207,224,255,255,275,275,287,298,309,328,578,578,677,677,697,697,750,770,787,787,807,824,850],"floor_reached":44,"campfire_rested":3,"playtime":3889,"current_hp_per_floor":[70,70,70,70,70,45,41,41,41,41,41,41,41,41,62,40,70,70,70,70,49,49,35,49,48,48,49,49,47,48,54,54,36,73,59,59,64,51,41,62,31,22,22],"items_purged":[],"gold":850,"play_id":"1428ce7a-488e-444c-ae9c-a328f3548cbf","is_prod":false,"is_daily":false,"campfire_rituals":0,"campfire_upgraded":1,"is_hardmode":false,"path_taken":["M","?","?","?","$","E","M","?","T","M","?","?","M","M","R","BOSS","M","M","?","?","M","E","R","M","T","M","M","M","?","?","R","BOSS","M","?","?","M","M","R","M","M","T","E"],"build_version":"2017-12-21-PROD1","purchased_purges":0,"victory":false,"master_deck":["Defend_G","Defend_G","Defend_G","Defend_G","Defend_G","Survivor","Neutralize","Acrobatics","Footwork","Blind","Deflect","Regret","Doubt","Blur","Dagger Throw","Prepared","Sucker Punch","Flechettes","Dagger Throw","Leg Sweep","Bullet Time","Choke","Dagger Throw","Bite_G","Bite_G","Bite_G","Bite_G","Bite_G","Riddle With Holes","Cloak And Dagger","Crippling Poison","Malaise","Dodge and Roll","Backflip","Regret","Doppelganger","Clumsy","Doubt","Pain","Eviscerate","Outmaneuver","Acrobatics","Cloak And Dagger","Dagger Throw","Prepared"],"max_hp_per_floor":[70,70,70,70,70,70,70,70,70,70,70,70,70,70,70,70,70,70,70,70,49,49,49,49,49,49,49,49,49,49,55,55,55,73,73,73,73,73,73,73,73,73,73],"relics":["Ring of the Snake","Du-Vu Doll","Bag of Preparation","Bronze Scales","Darkstone Periapt","Ice Cream","Dodecahedron","Sozu","Meat on the Bone","Calling Bell","Torii","Juzu Bracelet","Pantograph","Dead Branch","Snake Skull"],"campfire_meditates":0,"card_choices":[{"not_picked":["Dash","Backflip"],"picked":"Acrobatics"},{"not_picked":["Backflip","Deflect"],"picked":"Dagger Throw"},{"not_picked":["Dodge and Roll","Envenom"],"picked":"Prepared"},{"not_picked":["Deflect","Dodge and Roll"],"picked":"Flechettes"},{"not_picked":["Deadly Poison","Bouncing Flask"],"picked":"Dagger Throw"},{"not_picked":["Backflip","Calculated Gamble"],"picked":"Leg Sweep"},{"not_picked":["Tools of the Trade","After Image"],"picked":"Bullet Time"},{"not_picked":["Riddle With Holes","Slice"],"picked":"Choke"},{"not_picked":["Deadly Poison","Poisoned Stab"],"picked":"Dagger Throw"},{"not_picked":["Accuracy","Bane"],"picked":"Riddle With Holes"},{"not_picked":["PiercingWail","Bane"],"picked":"Cloak And Dagger"},{"not_picked":["Dagger Spray","Corpse Explosion"],"picked":"Crippling Poison"},{"not_picked":["Finisher","Sucker Punch"],"picked":"Malaise"},{"not_picked":["Acrobatics","Sucker Punch"],"picked":"Dodge and Roll"},{"not_picked":["Blade Dance","Cloak And Dagger"],"picked":"Backflip"},{"not_picked":["Sucker Punch","Caltrops"],"picked":"Reflex"},{"not_picked":["Burst","Unload"],"picked":"Doppelganger"},{"not_picked":["Crippling Poison","Catalyst"],"picked":"Eviscerate"},{"not_picked":["Poisoned Stab","Underhanded Strike"],"picked":"Outmaneuver"},{"not_picked":["Blade Dance","Sucker Punch"],"picked":"Acrobatics"},{"not_picked":["Acrobatics","Tools of the Trade"],"picked":"Cloak And Dagger"},{"not_picked":["Backflip","Sucker Punch"],"picked":"Dagger Throw"},{"not_picked":["Bane","Cloak And Dagger"],"picked":"Prepared"}],"player_experience":64349,"potions_floor_usage":[],"damage_taken":[{"damage":0.0,"enemies":"Blue Slaver","floor":1.0,"turns":6.0},{"damage":25.0,"enemies":"Lagavulin","floor":6.0,"turns":10.0},{"damage":4.0,"enemies":"Cultist","floor":7.0,"turns":3.0},{"damage":0.0,"enemies":"Jaw Worm","floor":10.0,"turns":2.0},{"damage":0.0,"enemies":"Large Slime","floor":13.0,"turns":5.0},{"damage":0.0,"enemies":"Exordium Wildlife","floor":14.0,"turns":2.0},{"damage":37.0,"enemies":"The Guardian","floor":16.0,"turns":16.0},{"damage":0.0,"enemies":"Spheric Guardian","floor":18.0,"turns":3.0},{"damage":0.0,"enemies":"Shell Parasite","floor":19.0,"turns":5.0},{"damage":3.0,"enemies":"Centurion and Healer","floor":22.0,"turns":4.0},{"damage":18.0,"enemies":"Book of Stabbing","floor":23.0,"turns":5.0},{"damage":1.0,"enemies":"Snake Plant","floor":25.0,"turns":2.0},{"damage":0.0,"enemies":"Chosen and Byrds","floor":27.0,"turns":3.0},{"damage":0.0,"enemies":"3 Cultists","floor":28.0,"turns":4.0},{"damage":4.0,"enemies":"Centurion and Healer","floor":29.0,"turns":3.0},{"damage":5.0,"enemies":"Chosen and Byrds","floor":30.0,"turns":5.0},{"damage":41.0,"enemies":"Collector","floor":33.0,"turns":15.0},{"damage":20.0,"enemies":"3 Shapes","floor":35.0,"turns":4.0},{"damage":1.0,"enemies":"Mysterious Sphere","floor":37.0,"turns":3.0},{"damage":13.0,"enemies":"Orb Walker","floor":38.0,"turns":2.0},{"damage":14.0,"enemies":"Sphere and 2 Shapes","floor":39.0,"turns":3.0},{"damage":45.0,"enemies":"3 Darklings","floor":41.0,"turns":6.0},{"damage":29.0,"enemies":"4 Shapes","floor":42.0,"turns":6.0},{"damage":24,"enemies":"2 Orb Walkers","floor":44,"turns":2}],"event_choices":[{"event_name":"Match and Keep!","player_choice":"3 cards matched","floor":2.0,"damage_taken":0.0},{"event_name":"Big Fish","player_choice":"Box","floor":3.0,"damage_taken":0.0},{"event_name":"Liars Game","player_choice":"agreed","floor":4.0,"damage_taken":0.0},{"event_name":"Upgrade Shrine","player_choice":"Upgraded","floor":11.0,"damage_taken":0.0},{"event_name":"The Lab","player_choice":"Got Potions","floor":20.0,"damage_taken":0.0},{"event_name":"Vampires","player_choice":"Became a vampire","floor":21.0,"damage_taken":0.0},{"event_name":"Golden Shrine","player_choice":"Desecrate","floor":31.0,"damage_taken":0.0},{"event_name":"Mysterious Sphere","player_choice":"Fight","floor":37.0,"damage_taken":0.0}],"boss_relics":[],"potions_floor_spawned":[1,7,16,19,23,28,29,30,38,39],"seed_played":"6127352666960491395","killed_by":"2 Orb Walkers","is_trial":false}