{"path_per_floor":["M","?","$","?","M","R","M","T","T","M","M","E","?","M","R","B",null,"M","T","?","$","?","R","E","M","T","?","E","M","R","M","R","B",null,"M","$","M"],"character_chosen":"THE_SILENT","items_purchased":["Accuracy","Cloak And Dagger","Infinite Blades","Bronze Scales","Footwork","Bottled Lightning"],"gold_per_floor":[115,115,29,29,48,48,67,90,168,181,199,226,226,240,240,336,336,350,350,350,47,47,47,76,96,153,153,184,197,197,213,213,317,317,332,8,23],"floor_reached":38,"campfire_rested":5,"playtime":2092,"current_hp_per_floor":[60,60,60,60,60,70,63,63,63,56,47,45,31,27,48,36,70,56,56,43,43,43,73,60,60,60,60,20,12,45,24,57,7,79,40,40,9],"items_purged":["Strike_G"],"gold":23,"score":382,"play_id":"6e0eceb7-3cea-417d-8e27-401a59573ce0","is_prod":false,"is_daily":false,"is_ascension_mode":true,"campfire_upgraded":0,"path_taken":["M","?","$","?","?","R","M","?","T","M","M","E","?","M","R","BOSS","M","?","?","$","?","R","E","M","T","?","E","?","R","M","R","BOSS","M","$","M","M"],"build_version":"2018-02-15-PROD1","purchased_purges":1,"victory":false,"master_deck":["Defend_G+1","Defend_G","Defend_G","Defend_G","Strike_G","Strike_G","Strike_G","Strike_G","Survivor","Neutralize+1","Quick Slash+1","Accuracy","Cloak And Dagger","Well Laid Plans","Acrobatics","Escape Plan","Die Die Die","Distraction","Prepared","Envenom","Poisoned Stab","Infinite Blades","Die Die Die","Noxious Fumes","Accuracy+1","Bane","A Thousand Cuts","Cloak And Dagger","Footwork","Footwork"],"max_hp_per_floor":[70,70,70,70,70,70,70,70,70,70,70,70,70,70,70,70,70,70,70,75,75,75,75,77,77,77,77,77,77,77,79,79,79,79,79,79,79],"relics":["Ring of the Snake","Pen Nib","Mummified Hand","Dead Branch","Eternal Feather","Peace Pipe","Bronze Scales","Singing Bowl","Tiny Chest","Art of War","Sozu","Bottled Lightning"],"card_choices":[{"not_picked":["Dodge and Roll","Dagger Spray"],"picked":"Quick Slash"},{"not_picked":["Deflect","Slice"],"picked":"Well Laid Plans"},{"not_picked":["Dagger Spray","Bouncing Flask"],"picked":"Acrobatics"},{"not_picked":["Blur","Bouncing Flask"],"picked":"Escape Plan"},{"not_picked":["Underhanded Strike","Bane"],"picked":"Die Die Die"},{"not_picked":["Poisoned Stab","Riddle With Holes"],"picked":"Distraction"},{"not_picked":["Dash","Concentrate"],"picked":"Prepared"},{"not_picked":["Corpse Explosion","Tools of the Trade"],"picked":"Envenom"},{"not_picked":["Dodge and Roll","Deadly Poison"],"picked":"Poisoned Stab"},{"not_picked":["Quick Slash","Slice"],"picked":"Die Die Die"},{"not_picked":["Underhanded Strike","Dash"],"picked":"Accuracy"},{"not_picked":["Bouncing Flask","Outmaneuver"],"picked":"Bane"},{"not_picked":["Adrenaline","Tools of the Trade"],"picked":"A Thousand Cuts"},{"not_picked":["Deadly Poison","Sucker Punch"],"picked":"Cloak And Dagger"},{"not_picked":["Eviscerate","PiercingWail"],"picked":"Footwork"}],"player_experience":132603,"potions_floor_usage":[11,12,12,16,18,29,33],"damage_taken":[{"damage":10,"enemies":"Jaw Worm","floor":1,"turns":4},{"damage":0,"enemies":"2 Louse","floor":5,"turns":3},{"damage":7,"enemies":"Small Slimes","floor":7,"turns":3},{"damage":7,"enemies":"Red Slaver","floor":10,"turns":3},{"damage":9,"enemies":"Gremlin Gang","floor":11,"turns":4},{"damage":2,"enemies":"Gremlin Nob","floor":12,"turns":3},{"damage":4,"enemies":"Exordium Thugs","floor":14,"turns":3},{"damage":12,"enemies":"Hexaghost","floor":16,"turns":12},{"damage":14,"enemies":"2 Thieves","floor":18,"turns":4},{"damage":15,"enemies":"Book of Stabbing","floor":24,"turns":4},{"damage":0,"enemies":"Chosen","floor":25,"turns":3},{"damage":40,"enemies":"Gremlin Leader","floor":28,"turns":6},{"damage":8,"enemies":"Snake Plant","floor":29,"turns":4},{"damage":23,"enemies":"Cultist and Chosen","floor":31,"turns":4},{"damage":50,"enemies":"Collector","floor":33,"turns":6},{"damage":39,"enemies":"3 Darklings","floor":35,"turns":4},{"damage":31,"enemies":"3 Shapes","floor":37,"turns":3},{"damage":15,"enemies":"3 Darklings","floor":38,"turns":2}],"event_choices":[{"event_name":"Living Wall","player_choice":"Grow","floor":2,"damage_taken":0},{"event_name":"Bonfire Elementals","player_choice":"BASIC","floor":4,"damage_taken":0},{"event_name":"Shining Light","player_choice":"Entered Light","floor":13,"damage_taken":0},{"event_name":"Forgotten Altar","player_choice":"Shed Blood","floor":20,"damage_taken":0},{"event_name":"Drug Dealer","player_choice":"Ignored","floor":22,"damage_taken":0},{"event_name":"The Library","player_choice":"Read","floor":27,"damage_taken":0}],"boss_relics":[{"not_picked":["Ectoplasm","Runic Dome"],"picked":"Eternal Feather"},{"not_picked":["Lizard Tail","Velvet Choker"],"picked":"Sozu"}],"potions_floor_spawned":[5,7,10,11,14,28,31,33],"seed_played":"6637638142622955653","killed_by":"3 Darklings","ascension_level":1,"is_trial":false}