{"path_per_floor":["M","?","T","M","?","E","M","R","T","M","M","M","R","M","R","B",null,"M","$","M","?","M","$","R"],"character_chosen":"THE_SILENT","items_purchased":["Infinite Blades","Reflex","Terror","Ninja Scroll","Footwork"],"gold_per_floor":[111,186,263,279,279,305,322,322,346,357,369,386,386,396,396,498,498,513,13,30,30,40,4,4],"floor_reached":25,"campfire_rested":3,"playtime":1952,"current_hp_per_floor":[70,59,59,54,54,44,46,46,46,45,39,36,57,51,70,59,70,68,68,50,50,26,26,47],"items_purged":["Poisoned Stab"],"gold":4,"play_id":"b799ecdf-caa8-4bbd-9a17-d2c7d727283c","is_prod":false,"is_daily":false,"campfire_rituals":0,"campfire_upgraded":1,"is_hardmode":false,"path_taken":["M","?","?","M","?","E","M","R","T","M","M","M","R","M","R","BOSS","M","$","M","?","M","$","R","E"],"build_version":"2017-12-21-PROD1","purchased_purges":1,"victory":false,"master_deck":["Defend_G","Defend_G","Defend_G","Defend_G","Strike_G","Strike_G","Strike_G","Strike_G","Survivor","Neutralize","Terror","Prepared","Dagger Throw","Infinite Blades","Cloak And Dagger","Predator","Escape Plan","Burst","Masterful Stab","Infinite Blades","Reflex","Terror","Calculated Gamble","Underhanded Strike","Footwork"],"max_hp_per_floor":[70,70,70,70,70,70,70,70,70,70,70,70,70,70,70,70,70,70,70,70,70,70,70,70],"relics":["Ring of the Snake","Meat on the Bone","Blood Vial","Orichalcum","Sozu","Ninja Scroll"],"campfire_meditates":0,"card_choices":[{"not_picked":["Cloak And Dagger","Finisher"],"picked":"Terror"},{"not_picked":["Noxious Fumes","Reflex"],"picked":"Prepared"},{"not_picked":["Malaise","Bullet Time"],"picked":"Dagger Throw"},{"not_picked":["Outmaneuver","Flying Knee"],"picked":"Infinite Blades"},{"not_picked":["Choke","Outmaneuver"],"picked":"Cloak And Dagger"},{"not_picked":["Doppelganger","Dagger Spray"],"picked":"Predator"},{"not_picked":["PiercingWail","Bane"],"picked":"Escape Plan"},{"not_picked":["Prepared","Dodge and Roll"],"picked":"Poisoned Stab"},{"not_picked":["After Image","Bullet Time"],"picked":"Burst"},{"not_picked":["Dagger Throw","Sucker Punch"],"picked":"Masterful Stab"},{"not_picked":["Bouncing Flask","Backflip"],"picked":"Calculated Gamble"},{"not_picked":["Endless Agony","PiercingWail"],"picked":"Underhanded Strike"}],"player_experience":74855,"potions_floor_usage":[6,16,16,16],"damage_taken":[{"damage":0,"enemies":"Jaw Worm","floor":1,"turns":5},{"damage":5,"enemies":"Looter","floor":4,"turns":4},{"damage":22,"enemies":"Lagavulin","floor":6,"turns":8},{"damage":0,"enemies":"Cultist","floor":7,"turns":3},{"damage":3,"enemies":"Exordium Wildlife","floor":10,"turns":4},{"damage":20,"enemies":"Gremlin Gang","floor":11,"turns":5},{"damage":5,"enemies":"Exordium Thugs","floor":12,"turns":3},{"damage":8,"enemies":"Exordium Wildlife","floor":14,"turns":4},{"damage":11,"enemies":"The Guardian","floor":16,"turns":10},{"damage":2,"enemies":"Shell Parasite","floor":18,"turns":5},{"damage":20,"enemies":"Chosen","floor":20,"turns":5},{"damage":38,"enemies":"Slaver and Parasite","floor":22,"turns":6},{"damage":55,"enemies":"Gremlin Leader","floor":25,"turns":7}],"event_choices":[{"event_name":"World of Goop","player_choice":"Gather Gold","floor":2,"damage_taken":0},{"event_name":"Bonfire Elementals","player_choice":"ATTACK","floor":5,"damage_taken":0},{"event_name":"Addict","player_choice":"Ignored","floor":21,"damage_taken":0}],"boss_relics":[{"not_picked":["Philosopher\u0027s Stone","Question Card"],"picked":"Sozu"}],"potions_floor_spawned":[4,6,10,12,16,18,20,22],"seed_played":"6996105437410283337","killed_by":"Gremlin Leader","is_trial":false}