{"gold_per_floor":[110,122,47,58,58,86,86,86,86,86,121,121,71,135,135,240,240,258,274,153,170,188,188,288,288,288,288,320,335,361,378,378,477,477,493,508,560,660,660,694,242,277,277,277,8,24,24,43,43,43,43,43,43,74,74],"floor_reached":55,"playtime":4788,"items_purged":["Strike_R","Strike_R","Strike_R","Strike_R","Strike_R"],"score":958,"play_id":"a1eb8d04-4922-496c-ac75-68f8c0200dfe","local_time":"20190307055848","is_ascension_mode":true,"campfire_choices":[{"data":"Ghostly Armor","floor":7,"key":"SMITH"},{"data":"Bash","floor":10,"key":"SMITH"},{"floor":12,"key":"REST"},{"data":"Shrug It Off","floor":15,"key":"SMITH"},{"data":"Body Slam","floor":23,"key":"SMITH"},{"data":"Flame Barrier","floor":25,"key":"SMITH"},{"data":"Flame Barrier","floor":27,"key":"SMITH"},{"floor":32,"key":"REST"},{"floor":44,"key":"RECALL"},{"floor":47,"key":"DIG"},{"data":"Entrench","floor":49,"key":"SMITH"},{"floor":52,"key":"DIG"}],"neow_cost":"NONE","seed_source_timestamp":1765475192043300,"circlet_count":0,"master_deck":["Defend_R","Defend_R","Defend_R","Defend_R","Bash+1","Dual Wield","Headbutt","Uppercut+1","Ghostly Armor+1","Shrug It Off+1","Immolate","Flame Barrier+1","Body Slam+1","Shrug It Off","Shrug It Off+1","Flame Barrier","Flame Barrier+1","Body Slam+1","Whirlwind","Reaper","Body Slam+1","Dual Wield+1","Panache","Bludgeon","Shame","Armaments","Entrench+1","Body Slam+1"],"relics":["Burning Blood","Meat on the Bone","Art of War","Smiling Mask","Shuriken","Dodecahedron","Velvet Choker","StoneCalendar","Matryoshka","Potion Belt","Pen Nib","Gremlin Horn","Cursed Key","Shovel","Thread and Needle","Unceasing Top","Paper Frog","Bag of Marbles","Prayer Wheel","Orichalcum","Pantograph","Toy Ornithopter","Du-Vu Doll","Bottled Lightning","Kunai"],"potions_floor_usage":[11,21,22,28,30,33,33,40,40,50],"damage_taken":[{"damage":0,"enemies":"Small Slimes","floor":1,"turns":4},{"damage":4,"enemies":"2 Louse","floor":2,"turns":3},{"damage":3,"enemies":"Jaw Worm","floor":4,"turns":5},{"damage":37,"enemies":"3 Sentries","floor":6,"turns":10},{"damage":17,"enemies":"Lagavulin","floor":11,"turns":7},{"damage":36,"enemies":"Lagavulin Event","floor":14,"turns":8},{"damage":20,"enemies":"The Guardian","floor":16,"turns":17},{"damage":18,"enemies":"2 Thieves","floor":18,"turns":4},{"damage":39,"enemies":"3 Byrds","floor":19,"turns":4},{"damage":33,"enemies":"Cultist and Chosen","floor":21,"turns":7},{"damage":14,"enemies":"3 Cultists","floor":22,"turns":4},{"damage":0,"enemies":"Colosseum Slavers","floor":24,"turns":4},{"damage":11,"enemies":"Colosseum Nobs","floor":24,"turns":5},{"damage":18,"enemies":"Slavers","floor":28,"turns":5},{"damage":0,"enemies":"Chosen and Byrds","floor":29,"turns":3},{"damage":46,"enemies":"Gremlin Leader","floor":30,"turns":7},{"damage":20,"enemies":"Cultist and Chosen","floor":31,"turns":6},{"damage":25,"enemies":"Automaton","floor":33,"turns":9},{"damage":2,"enemies":"3 Darklings","floor":35,"turns":5},{"damage":0,"enemies":"3 Shapes","floor":36,"turns":4},{"damage":0,"enemies":"2 Orb Walkers","floor":37,"turns":4},{"damage":0,"enemies":"Mind Bloom Boss Battle","floor":38,"turns":4},{"damage":50,"enemies":"Nemesis","floor":40,"turns":7},{"damage":29,"enemies":"Reptomancer","floor":42,"turns":6},{"damage":11,"enemies":"Sphere and 2 Shapes","floor":46,"turns":3},{"damage":2,"enemies":"3 Darklings","floor":48,"turns":5},{"damage":60,"enemies":"Awakened One","floor":50,"turns":11},{"damage":44,"enemies":"Shield and Spear","floor":54,"turns":6},{"damage":99,"enemies":"The Heart","floor":55,"turns":6}],"seed_played":"-9024767736141311445","potions_obtained":[{"floor":1,"key":"SpeedPotion"},{"floor":14,"key":"Ancient Potion"},{"floor":16,"key":"SteroidPotion"},{"floor":19,"key":"Regen Potion"},{"floor":24,"key":"Explosive Potion"},{"floor":28,"key":"Fire Potion"},{"floor":30,"key":"FearPotion"},{"floor":33,"key":"LiquidBronze"},{"floor":36,"key":"Strength Potion"},{"floor":38,"key":"Ancient Potion"},{"floor":48,"key":"AttackPotion"}],"is_trial":false,"path_per_floor":["M","M","$","M","?","E","R","?","T","R","E","R","$","?","R","B",null,"M","M","$","M","M","R","?","R","T","R","E","M","E","M","R","B",null,"M","M","?","?","?","E","$","E","T","R","$","M","R","M","R","B",null,"R","$","E","B"],"character_chosen":"IRONCLAD","items_purchased":["Body Slam","Shrug It Off","Paper Frog","Bag of Marbles","Armaments","Toy Ornithopter"],"campfire_rested":2,"item_purchase_floors":[20,20,41,41,45,45],"current_hp_per_floor":[88,88,88,88,88,57,57,54,54,54,55,81,81,51,51,49,88,76,55,55,55,59,59,60,60,60,60,60,66,38,36,62,55,88,88,88,88,88,88,56,56,51,51,51,51,58,58,86,86,51,88,88,88,55,0],"gold":74,"neow_bonus":"TEN_PERCENT_HP_BONUS","is_prod":false,"is_daily":false,"chose_seed":false,"campfire_upgraded":7,"win_rate":0,"timestamp":1551898728,"path_taken":["M","M","$","M","?","E","R","?","T","R","E","R","$","?","R","BOSS","M","M","$","M","M","R","?","R","T","R","E","M","E","M","R","BOSS","M","M","?","?","?","E","$","E","T","R","?","M","R","?","R","BOSS","R","$","E","BOSS"],"build_version":"2019-01-23","purchased_purges":5,"victory":false,"max_hp_per_floor":[88,88,88,88,88,88,88,88,88,88,88,88,88,88,88,88,88,88,88,88,88,88,88,88,88,88,88,88,88,88,88,88,88,88,88,88,88,88,88,88,88,88,88,88,88,88,88,88,88,88,88,88,88,88,88],"card_choices":[{"not_picked":["Infernal Blade","Clash"],"picked":"Dual Wield","floor":1},{"not_picked":["Perfected Strike","Sword Boomerang"],"picked":"Headbutt","floor":2},{"not_picked":["Evolve","Rampage"],"picked":"Uppercut","floor":4},{"not_picked":["Sentinel","Shockwave"],"picked":"Ghostly Armor","floor":6},{"not_picked":["Havoc","Sword Boomerang","Rampage"],"picked":"SKIP","floor":11},{"not_picked":["Warcry","Clothesline"],"picked":"Shrug It Off","floor":14},{"not_picked":["Brutality","Dark Embrace"],"picked":"Immolate","floor":16},{"not_picked":["Havoc","Headbutt","Flex"],"picked":"SKIP","floor":18},{"not_picked":["Twin Strike","Wild Strike"],"picked":"Flame Barrier","floor":19},{"not_picked":["Wild Strike","Clash"],"picked":"Shrug It Off+1","floor":21},{"not_picked":["Brutality","Iron Wave"],"picked":"Flame Barrier","floor":22},{"not_picked":["Wild Strike","Second Wind+1"],"picked":"Flame Barrier","floor":24},{"not_picked":["Impervious","Twin Strike"],"picked":"Body Slam+1","floor":28},{"not_picked":["Rage","Wild Strike","Dropkick"],"picked":"SKIP","floor":29},{"not_picked":["Second Wind","Warcry"],"picked":"Whirlwind","floor":30},{"not_picked":["Heavy Blade","Shrug It Off","Anger+1"],"picked":"SKIP","floor":31},{"not_picked":["Berserk","Double Tap"],"picked":"Reaper","floor":33},{"not_picked":["Flex","Iron Wave+1"],"picked":"Body Slam+1","floor":35},{"not_picked":["Carnage","Combust","Cleave"],"picked":"SKIP","floor":36},{"not_picked":["Headbutt+1","Dropkick"],"picked":"Dual Wield+1","floor":37},{"not_picked":["Flash of Steel","Finesse"],"picked":"Panache","floor":39},{"not_picked":["Rampage","Armaments+1","Sword Boomerang+1"],"picked":"SKIP","floor":40},{"not_picked":["Corruption","Intimidate"],"picked":"Bludgeon","floor":42},{"not_picked":["Havoc+1","Corruption+1","Carnage"],"picked":"SKIP","floor":46},{"not_picked":["Sword Boomerang+1","Anger","Headbutt"],"picked":"SKIP","floor":46},{"not_picked":["Sever Soul","Heavy Blade+1"],"picked":"Entrench","floor":48},{"not_picked":["Warcry","Bloodletting"],"picked":"Body Slam+1","floor":48},{"not_picked":["Anger+1","Twin Strike","True Grit+1"],"picked":"SKIP","floor":54}],"player_experience":226230,"relics_obtained":[{"floor":6,"key":"Meat on the Bone"},{"floor":9,"key":"Smiling Mask"},{"floor":11,"key":"Shuriken"},{"floor":14,"key":"Dodecahedron"},{"floor":24,"key":"StoneCalendar"},{"floor":24,"key":"Matryoshka"},{"floor":26,"key":"Potion Belt"},{"floor":28,"key":"Pen Nib"},{"floor":30,"key":"Gremlin Horn"},{"floor":37,"key":"Shovel"},{"floor":38,"key":"Thread and Needle"},{"floor":40,"key":"Unceasing Top"},{"floor":42,"key":"Prayer Wheel"},{"floor":43,"key":"Orichalcum"},{"floor":43,"key":"Pantograph"},{"floor":47,"key":"Du-Vu Doll"},{"floor":52,"key":"Bottled Lightning"},{"floor":54,"key":"Kunai"}],"event_choices":[{"damage_healed":0,"gold_gain":0,"player_choice":"Grow","damage_taken":0,"max_hp_gain":0,"max_hp_loss":0,"event_name":"Living Wall","floor":5,"gold_loss":0,"cards_upgraded":["Uppercut"]},{"damage_healed":0,"gold_gain":0,"player_choice":"Success","damage_taken":3,"relics_obtained":["Art of War"],"max_hp_gain":0,"max_hp_loss":0,"event_name":"Scrap Ooze","floor":8,"gold_loss":0},{"damage_healed":0,"gold_gain":30,"player_choice":"Searched \u00273\u0027 times","damage_taken":0,"max_hp_gain":0,"max_hp_loss":0,"event_name":"Dead Adventurer","floor":14,"gold_loss":0},{"damage_healed":0,"gold_gain":0,"player_choice":"Fight","damage_taken":0,"max_hp_gain":0,"max_hp_loss":0,"event_name":"Colosseum","floor":24,"gold_loss":0},{"damage_healed":0,"gold_gain":0,"player_choice":"Fought Nobs","damage_taken":0,"max_hp_gain":0,"max_hp_loss":0,"event_name":"Colosseum","floor":24,"gold_loss":0},{"damage_healed":0,"gold_gain":0,"player_choice":"Fight","damage_taken":0,"max_hp_gain":0,"max_hp_loss":0,"event_name":"Mysterious Sphere","floor":37,"gold_loss":0},{"damage_healed":0,"gold_gain":0,"player_choice":"Fight","damage_taken":0,"max_hp_gain":0,"max_hp_loss":0,"event_name":"MindBloom","floor":38,"gold_loss":0},{"damage_healed":0,"gold_gain":0,"player_choice":"Memory 1","damage_taken":0,"max_hp_gain":0,"max_hp_loss":0,"event_name":"SensoryStone","floor":39,"gold_loss":0}],"is_beta":false,"boss_relics":[{"not_picked":["Philosopher\u0027s Stone","Coffee Dripper"],"picked":"Velvet Choker"},{"not_picked":["Lizard Tail","Snecko Eye"],"picked":"Cursed Key"}],"items_purged_floors":[3,13,20,41,45],"is_endless":false,"potions_floor_spawned":[1,14,16,19,24,28,30,33,36,38,48],"killed_by":"The Heart","ascension_level":3}