{"gold_per_floor":[117,134,6,17,92,121,121,121,121,136,154,182,82,102,102,102],"floor_reached":16,"playtime":661,"items_purged":["Double Energy","Dualcast"],"score":102,"play_id":"3b9e41d0-c24c-406a-8d2e-5253911a38f7","local_time":"20181026051618","is_ascension_mode":false,"campfire_choices":[{"floor":7,"key":"REST"},{"floor":15,"key":"REST"}],"neow_cost":"NONE","seed_source_timestamp":796239767672202,"circlet_count":0,"master_deck":["Strike_B","Strike_B","Strike_B","Strike_B","Defend_B","Defend_B","Defend_B","Defend_B","Zap","Beam Cell","Beam Cell","Gash","Stack","Injury","Skim","Steam","Turbo"],"relics":["Cracked Core","NeowsBlessing","Kunai","Golden Idol","Gremlin Horn","Odd Mushroom"],"potions_floor_usage":[6,16],"damage_taken":[{"damage":0,"enemies":"Small Slimes","floor":1,"turns":1},{"damage":0,"enemies":"2 Louse","floor":2,"turns":1},{"damage":0,"enemies":"Cultist","floor":4,"turns":1},{"damage":25,"enemies":"Lagavulin","floor":6,"turns":6},{"damage":0,"enemies":"2 Fungi Beasts","floor":10,"turns":2},{"damage":6,"enemies":"Blue Slaver","floor":11,"turns":4},{"damage":32,"enemies":"The Mushroom Lair","floor":12,"turns":4},{"damage":1,"enemies":"Looter","floor":14,"turns":3},{"damage":59,"enemies":"Hexaghost","floor":16,"turns":10}],"seed_played":"8358092597720676648","potions_obtained":[{"floor":2,"key":"Regen Potion"},{"floor":12,"key":"SkillPotion"}],"is_trial":false,"path_per_floor":["M","M","$","M","?","E","R","?","T","M","M","?","$","M","R"],"character_chosen":"DEFECT","items_purchased":["Beam Cell"],"campfire_rested":2,"item_purchase_floors":[3],"current_hp_per_floor":[75,75,75,75,64,48,70,70,70,70,64,32,32,31,53,0],"gold":102,"neow_bonus":"THREE_ENEMY_KILL","is_prod":false,"is_daily":false,"chose_seed":false,"campfire_upgraded":0,"win_rate":0.0,"timestamp":1540552578,"path_taken":["M","M","$","M","?","E","R","?","T","M","M","?","$","M","R","BOSS"],"build_version":"2018-10-25v2","purchased_purges":2,"victory":false,"max_hp_per_floor":[75,75,75,75,75,75,75,75,75,75,75,75,75,75,75,75],"card_choices":[{"not_picked":["Turbo","Leap"],"picked":"Beam Cell","floor":1},{"not_picked":["Sweeping Beam","Barrage"],"picked":"Double Energy","floor":2},{"not_picked":["Hologram","Aggregate"],"picked":"Gash","floor":4},{"not_picked":["Blizzard","Fusion"],"picked":"Stack","floor":6},{"not_picked":["Compile Driver","Ball Lightning"],"picked":"Skim","floor":10},{"not_picked":["Rebound","Barrage","Double Energy"],"picked":"SKIP","floor":11},{"not_picked":["Barrage","BootSequence"],"picked":"Steam","floor":12},{"not_picked":["Darkness","Compile Driver"],"picked":"Turbo","floor":14}],"player_experience":375085,"relics_obtained":[{"floor":6,"key":"Kunai"},{"floor":9,"key":"Gremlin Horn"},{"floor":12,"key":"Odd Mushroom"}],"event_choices":[{"damage_healed":0,"gold_gain":75,"player_choice":"Gather Gold","damage_taken":11,"max_hp_gain":0,"max_hp_loss":0,"event_name":"World of Goop","floor":5,"gold_loss":0},{"damage_healed":0,"gold_gain":0,"player_choice":"Take Wound","damage_taken":0,"relics_obtained":["Golden Idol"],"max_hp_gain":0,"max_hp_loss":0,"event_name":"Golden Idol","floor":8,"gold_loss":0,"cards_obtained":["Injury"]},{"damage_healed":0,"gold_gain":0,"player_choice":"Fought Mushrooms","damage_taken":0,"max_hp_gain":0,"max_hp_loss":0,"event_name":"Mushrooms","floor":12,"gold_loss":0}],"is_beta":true,"boss_relics":[],"items_purged_floors":[3,13],"is_endless":false,"potions_floor_spawned":[2,12],"killed_by":"Hexaghost","ascension_level":0}