{"gold_per_floor":[117,117,117,141,42,86,86,86,86,86,104,127,147,190,190,286,286,311,336,350,5,5],"floor_reached":22,"playtime":842,"items_purged":["Injury"],"score":467,"play_id":"6b3b7442-ae38-438a-9682-297229e63819","local_time":"20181130214200","is_ascension_mode":true,"campfire_choices":[{"data":"Neutralize","floor":8,"key":"SMITH"},{"data":"Cloak And Dagger","floor":10,"key":"SMITH"},{"data":"Predator","floor":15,"key":"SMITH"}],"neow_cost":"NONE","seed_source_timestamp":1412377901186247,"circlet_count":0,"master_deck":["AscendersBane","Defend_G","Defend_G","Defend_G","Defend_G","Defend_G+1","Strike_G+1","Strike_G","Survivor","Neutralize+1","PiercingWail","Predator+1","Cloak And Dagger+1","Quick Slash+1","Decay","Slice+1","Glass Knife+1","Dagger Throw+1","Sucker Punch+1","Doppelganger","Grand Finale+1","Storm of Steel+1","Infinite Blades+1","Blur","Terror","Dodge and Roll"],"relics":["Ring of the Snake","NeowsBlessing","Golden Idol","Molten Egg 2","Anchor","Sundial","Astrolabe","HandDrill"],"potions_floor_usage":[14,16,20,22],"damage_taken":[{"damage":0,"enemies":"2 Louse","floor":1,"turns":1},{"damage":0,"enemies":"Small Slimes","floor":4,"turns":1},{"damage":0,"enemies":"3 Sentries","floor":6,"turns":2},{"damage":0,"enemies":"Cultist","floor":11,"turns":3},{"damage":0,"enemies":"2 Fungi Beasts","floor":12,"turns":2},{"damage":0,"enemies":"3 Louse","floor":13,"turns":2},{"damage":0,"enemies":"Gremlin Nob","floor":14,"turns":2},{"damage":12,"enemies":"Hexaghost","floor":16,"turns":9},{"damage":24,"enemies":"Spheric Guardian","floor":18,"turns":4},{"damage":20,"enemies":"2 Thieves","floor":19,"turns":4},{"damage":9,"enemies":"3 Cultists","floor":20,"turns":5},{"damage":8,"enemies":"Sentry and Sphere","floor":22,"turns":3}],"seed_played":"-1740664019061637375","potions_obtained":[{"floor":6,"key":"FearPotion"},{"floor":11,"key":"Energy Potion"},{"floor":19,"key":"Strength Potion"}],"is_trial":false,"path_per_floor":["M","?","?","M","$","E","?","R","T","R","M","M","M","E","R","B",null,"M","M","M","$","M"],"character_chosen":"THE_SILENT","items_purchased":["Cloak And Dagger","HandDrill","Dodge and Roll","SteroidPotion"],"campfire_rested":0,"item_purchase_floors":[5,21,21,21],"current_hp_per_floor":[59,59,39,39,39,39,39,39,39,39,39,39,39,39,39,27,56,32,12,3,3,0],"gold":5,"neow_bonus":"THREE_ENEMY_KILL","is_prod":false,"is_daily":false,"chose_seed":false,"campfire_upgraded":3,"win_rate":0,"timestamp":1543632120,"path_taken":["M","?","?","M","$","E","?","R","T","R","M","M","M","E","R","BOSS","M","?","M","$","M"],"build_version":"2018-11-15","purchased_purges":1,"victory":false,"max_hp_per_floor":[66,66,66,66,66,66,66,66,66,66,66,66,66,66,66,66,66,66,66,66,66,66],"card_choices":[{"not_picked":["Sucker Punch","Deflect"],"picked":"PiercingWail","floor":1},{"not_picked":["Dodge and Roll","Well Laid Plans","Predator"],"picked":"SKIP","floor":4},{"not_picked":["Dodge and Roll","Well Laid Plans"],"picked":"Predator","floor":4},{"not_picked":["Blade Dance","Backflip"],"picked":"Quick Slash","floor":6},{"not_picked":["Bouncing Flask","Underhanded Strike+1"],"picked":"Slice+1","floor":11},{"not_picked":["Tactician","Prepared"],"picked":"Glass Knife+1","floor":12},{"not_picked":["Slice+1","Acrobatics"],"picked":"Dagger Throw+1","floor":13},{"not_picked":["Poisoned Stab+1","Choke+1"],"picked":"Sucker Punch+1","floor":14},{"not_picked":["Unload+1","Glass Knife+1"],"picked":"Doppelganger","floor":16},{"not_picked":["Concentrate","Distraction","Eviscerate+1"],"picked":"SKIP","floor":18},{"not_picked":["Sucker Punch+1","Flying Knee+1"],"picked":"Blur","floor":19},{"not_picked":["Outmaneuver","Cloak And Dagger"],"picked":"Terror","floor":20}],"player_experience":563592,"relics_obtained":[{"floor":6,"key":"Molten Egg 2"},{"floor":9,"key":"Anchor"},{"floor":14,"key":"Sundial"}],"event_choices":[{"damage_healed":0,"gold_gain":0,"player_choice":"Take Wound","damage_taken":0,"relics_obtained":["Golden Idol"],"max_hp_gain":0,"max_hp_loss":0,"event_name":"Golden Idol","floor":2,"gold_loss":0,"cards_obtained":["Injury"]},{"damage_healed":0,"gold_gain":0,"player_choice":"Entered Light","damage_taken":20,"max_hp_gain":0,"max_hp_loss":0,"event_name":"Shining Light","floor":3,"gold_loss":0,"cards_upgraded":["Defend_G","Strike_G"]},{"damage_healed":0,"gold_gain":0,"player_choice":"Cursed","damage_taken":0,"max_hp_gain":0,"max_hp_loss":0,"event_name":"Wheel of Change","floor":7,"gold_loss":0,"cards_obtained":["Decay"]}],"is_beta":false,"boss_relics":[{"not_picked":["Cursed Key","Runic Dome"],"picked":"Astrolabe"}],"items_purged_floors":[5],"is_endless":false,"potions_floor_spawned":[6,11,12,13,19],"killed_by":"Sentry and Sphere","ascension_level":18}