{"gold_per_floor":[113,113,130,130,130,130,163,178,178,207,225,236,39,67,67,163,163,150,150,5,21,21,21,46,46,93,93,54,54,54,85,85,185,185,204,304,304,321,331,342,358,391,415,6,6,0,35,53,53,53,53,53,1,34,34],"floor_reached":55,"playtime":5998,"items_purged":["Defend_G"],"score":819,"play_id":"7933ae2f-7ccc-4852-a5eb-fba425b77639","local_time":"20190225221315","is_ascension_mode":true,"campfire_choices":[{"data":"Cloak And Dagger","floor":6.0,"key":"SMITH"},{"floor":15.0,"key":"REST"},{"data":"Wraith Form v2","floor":23.0,"key":"SMITH"},{"data":"Night Terror","floor":27.0,"key":"SMITH"},{"floor":29.0,"key":"REST"},{"data":"Noxious Fumes","floor":32.0,"key":"SMITH"},{"floor":45.0,"key":"RECALL"},{"floor":49.0,"key":"REST"},{"data":"Noxious Fumes","floor":52,"key":"SMITH"}],"neow_cost":"NONE","seed_source_timestamp":0,"circlet_count":0,"master_deck":["Survivor","Neutralize","Footwork","Cloak And Dagger+1","Bullet Time","Well Laid Plans","Deadly Poison","Wraith Form v2+1","Noxious Fumes+1","Flying Knee+1","Night Terror+1","Noxious Fumes+1","Finisher","Deadly Poison","Bullet Time","Doppelganger","Unload","Eviscerate","Deadly Poison","Predator","PiercingWail","Dagger Spray","Poisoned Stab","Bouncing Flask+1","Pain","Outmaneuver+1","Bouncing Flask+1","Doubt","Burst","Caltrops","Distraction","Envenom"],"special_seed":0,"relics":["Ring of the Snake","NeowsBlessing","NlothsMask","Lantern","Mango","Tough Bandages","OrangePellets","Mercury Hourglass","Cursed Key","Orichalcum","Snake Skull","Pandora\u0027s Box","Pocketwatch","Ornamental Fan","Lee\u0027s Waffle","Red Mask","Centennial Puzzle","Blood Vial"],"potions_floor_usage":[54],"damage_taken":[{"damage":0.0,"enemies":"Cultist","floor":1.0,"turns":1.0},{"damage":0.0,"enemies":"Small Slimes","floor":3.0,"turns":1.0},{"damage":0.0,"enemies":"Lagavulin","floor":7.0,"turns":1.0},{"damage":0.0,"enemies":"2 Louse","floor":8.0,"turns":4.0},{"damage":2.0,"enemies":"Gremlin Nob","floor":10.0,"turns":5.0},{"damage":6.0,"enemies":"Exordium Thugs","floor":11.0,"turns":6.0},{"damage":0.0,"enemies":"Large Slime","floor":12.0,"turns":9.0},{"damage":24.0,"enemies":"3 Sentries","floor":14.0,"turns":16.0},{"damage":22.0,"enemies":"Slime Boss","floor":16.0,"turns":15.0},{"damage":10.0,"enemies":"2 Thieves","floor":18.0,"turns":4.0},{"damage":5.0,"enemies":"Spheric Guardian","floor":21.0,"turns":6.0},{"damage":10.0,"enemies":"Slavers","floor":24.0,"turns":7.0},{"damage":20.0,"enemies":"Gremlin Leader","floor":31.0,"turns":6.0},{"damage":35.0,"enemies":"Champ","floor":33.0,"turns":10.0},{"damage":40.0,"enemies":"3 Darklings","floor":35.0,"turns":6.0},{"damage":0.0,"enemies":"Mind Bloom Boss Battle","floor":36.0,"turns":5.0},{"damage":0.0,"enemies":"3 Shapes","floor":38.0,"turns":4.0},{"damage":17.0,"enemies":"Sphere and 2 Shapes","floor":39.0,"turns":4.0},{"damage":3.0,"enemies":"Transient","floor":40.0,"turns":5.0},{"damage":7.0,"enemies":"Writhing Mass","floor":41.0,"turns":5.0},{"damage":13.0,"enemies":"Reptomancer","floor":42.0,"turns":6.0},{"damage":55.0,"enemies":"Nemesis","floor":47.0,"turns":5.0},{"damage":10.0,"enemies":"Jaw Worm Horde","floor":48.0,"turns":4.0},{"damage":20,"enemies":"Donu and Deca","floor":50,"turns":7},{"damage":77,"enemies":"Shield and Spear","floor":54,"turns":7},{"damage":16,"enemies":"The Heart","floor":55,"turns":2}],"seed_played":"-8307735251266094995","potions_obtained":[{"floor":1.0,"key":"Block Potion"},{"floor":3.0,"key":"SteroidPotion"},{"floor":7.0,"key":"PowerPotion"},{"floor":12.0,"key":"EssenceOfSteel"},{"floor":33.0,"key":"SteroidPotion"},{"floor":36.0,"key":"PowerPotion"},{"floor":39.0,"key":"PowerPotion"},{"floor":40.0,"key":"EssenceOfSteel"},{"floor":47.0,"key":"Poison Potion"}],"is_trial":false,"path_per_floor":["M","?","M","T","?","R","E","M","T","E","M","M","$","E","R","B",null,"M","?","$","M","$","R","E","$","T","R","$","R","?","E","R","B",null,"M","?","?","M","M","M","M","E","T","$","R","?","E","M","R","B",null,"R","$","E","B"],"character_chosen":"THE_SILENT","items_purchased":["OrangePellets","Noxious Fumes","Noxious Fumes","Lee\u0027s Waffle","Burst","Caltrops","Poison Potion"],"campfire_rested":3,"item_purchase_floors":[13,20,28,44,44,44,53],"current_hp_per_floor":[70,70,70,70,63,63,63,63,77,75,69,69,69,45,70,48,84,74,74,74,69,69,69,59,59,59,59,59,84,84,64,64,29,84,44,44,44,44,27,24,17,4,4,91,91,91,36,26,53,33,91,91,91,14,0],"gold":34,"neow_bonus":"THREE_ENEMY_KILL","is_prod":false,"is_daily":false,"chose_seed":false,"campfire_upgraded":5,"win_rate":0,"timestamp":1551093195,"path_taken":["M","?","?","?","?","R","E","M","T","E","M","M","$","E","R","BOSS","M","?","$","M","?","R","E","$","T","R","$","R","?","E","R","BOSS","M","?","?","?","?","M","M","E","T","$","R","?","E","M","R","BOSS","R","$","E","BOSS"],"build_version":"2019-01-23","purchased_purges":1,"victory":false,"max_hp_per_floor":[70,70,70,70,70,70,70,70,84,84,84,84,84,84,84,84,84,84,84,84,84,84,84,84,84,84,84,84,84,84,84,84,84,84,84,84,84,84,84,84,84,84,84,91,91,91,91,91,91,91,91,91,91,91,91],"card_choices":[{"not_picked":["Outmaneuver","Masterful Stab"],"picked":"Footwork","floor":1.0},{"not_picked":["Calculated Gamble","Blur"],"picked":"Cloak And Dagger","floor":3.0},{"not_picked":["Poisoned Stab","Backflip"],"picked":"Bullet Time","floor":7.0},{"not_picked":["All Out Attack","Setup","Dodge and Roll"],"picked":"SKIP","floor":8.0},{"not_picked":["Outmaneuver","Masterful Stab","Quick Slash"],"picked":"SKIP","floor":10.0},{"not_picked":["Dagger Throw","Slice"],"picked":"Well Laid Plans","floor":11.0},{"not_picked":["Deflect","Outmaneuver","Bane"],"picked":"SKIP","floor":12.0},{"not_picked":["Outmaneuver","Bane"],"picked":"Deadly Poison","floor":14.0},{"not_picked":["Adrenaline","Corpse Explosion"],"picked":"Wraith Form v2","floor":16.0},{"not_picked":["Predator","Deflect+1","Acrobatics"],"picked":"SKIP","floor":18.0},{"not_picked":["Crippling Poison","PiercingWail"],"picked":"Flying Knee+1","floor":21.0},{"not_picked":["Slice","Cloak And Dagger"],"picked":"Night Terror","floor":24.0},{"not_picked":["Concentrate+1","Outmaneuver+1"],"picked":"Deadly Poison","floor":31.0},{"not_picked":["Malaise","Storm of Steel"],"picked":"Bullet Time","floor":33.0},{"not_picked":["Acrobatics","Prepared"],"picked":"Bouncing Flask+1","floor":35.0},{"not_picked":["Dagger Spray+1","Slice","Tactician"],"picked":"SKIP","floor":38.0},{"not_picked":["Endless Agony+1","Dodge and Roll+1","Acrobatics"],"picked":"SKIP","floor":39.0},{"not_picked":["Cloak And Dagger+1","Acrobatics"],"picked":"Outmaneuver+1","floor":40.0},{"not_picked":["Accuracy","All Out Attack"],"picked":"Bouncing Flask+1","floor":41.0},{"not_picked":["Cloak And Dagger","Underhanded Strike","Backstab"],"picked":"SKIP","floor":42.0},{"not_picked":["Flechettes","Riddle With Holes","Dash+1"],"picked":"SKIP","floor":47.0},{"not_picked":["Bane","Prepared"],"picked":"Distraction","floor":48.0},{"not_picked":["Noxious Fumes","PiercingWail"],"picked":"Envenom","floor":54}],"player_experience":171884,"relics_obtained":[{"floor":7.0,"key":"Lantern"},{"floor":9.0,"key":"Mango"},{"floor":10.0,"key":"Tough Bandages"},{"floor":14.0,"key":"Mercury Hourglass"},{"floor":24.0,"key":"Orichalcum"},{"floor":31.0,"key":"Snake Skull"},{"floor":36.0,"key":"Pocketwatch"},{"floor":42.0,"key":"Ornamental Fan"},{"floor":47.0,"key":"Centennial Puzzle"},{"floor":54,"key":"Blood Vial"}],"event_choices":[{"damage_healed":0.0,"max_hp_gain":0.0,"max_hp_loss":0.0,"gold_gain":0.0,"event_name":"FaceTrader","player_choice":"Trade","floor":2.0,"gold_loss":0.0,"damage_taken":0.0,"relics_obtained":["NlothsMask"]},{"cards_removed":["Strike_G"],"damage_healed":0.0,"max_hp_gain":0.0,"max_hp_loss":0.0,"gold_gain":0.0,"event_name":"Golden Wing","player_choice":"Card Removal","floor":5.0,"gold_loss":0.0,"damage_taken":7.0},{"damage_healed":0.0,"max_hp_gain":0.0,"max_hp_loss":0.0,"gold_gain":0.0,"event_name":"Vampires","player_choice":"Ignored","floor":19.0,"gold_loss":0.0,"damage_taken":0.0},{"damage_healed":0.0,"max_hp_gain":0.0,"max_hp_loss":0.0,"gold_gain":0.0,"event_name":"The Library","player_choice":"Read","floor":30.0,"gold_loss":0.0,"damage_taken":0.0,"cards_obtained":["Finisher"]},{"damage_healed":0.0,"max_hp_gain":0.0,"max_hp_loss":0.0,"gold_gain":0.0,"event_name":"MindBloom","player_choice":"Fight","floor":36.0,"gold_loss":0.0,"damage_taken":0.0},{"damage_healed":0.0,"max_hp_gain":0.0,"max_hp_loss":0.0,"gold_gain":0.0,"cards_transformed":["Clumsy"],"event_name":"Transmorgrifier","player_choice":"Transformed","floor":37.0,"gold_loss":0.0,"damage_taken":0.0,"cards_obtained":["Pain"]},{"damage_healed":0.0,"max_hp_gain":0.0,"max_hp_loss":0.0,"gold_gain":0.0,"event_name":"Tomb of Lord Red Mask","player_choice":"Paid","floor":46.0,"gold_loss":6.0,"damage_taken":0.0,"relics_obtained":["Red Mask"]}],"is_beta":false,"boss_relics":[{"not_picked":["Ectoplasm","HoveringKite"],"picked":"Cursed Key"},{"not_picked":["Runic Dome","Runic Pyramid"],"picked":"Pandora\u0027s Box"}],"items_purged_floors":[20],"is_endless":false,"potions_floor_spawned":[1,3,7,8,12,33,36,39,40,47],"killed_by":"The Heart","ascension_level":1}