{"path_per_floor":["M","?","M","?","M","R","$","E","T","$","E","M","R","?","R","B",null,"M","M","M","?"],"character_chosen":"THE_SILENT","items_purchased":["Footwork","Dash"],"gold_per_floor":[117,117,87,87,107,107,32,62,118,6,33,43,43,120,120,217,217,233,252,266,266],"floor_reached":22,"campfire_rested":3,"playtime":2357,"current_hp_per_floor":[66,66,54,54,44,65,65,35,35,35,26,13,34,34,55,47,70,62,62,35,35],"items_purged":["Pain"],"gold":266,"play_id":"11ead090-6259-4898-8569-509629d6ab09","is_prod":false,"is_daily":false,"campfire_rituals":0,"campfire_upgraded":0,"is_hardmode":false,"path_taken":["M","?","M","?","M","R","$","E","T","$","E","?","R","?","R","BOSS","M","M","?","?","M"],"build_version":"2017-12-21-PROD1","purchased_purges":1,"victory":false,"master_deck":["Defend_G","Defend_G","Defend_G","Defend_G","Defend_G","Strike_G","Strike_G","Strike_G","Strike_G","Strike_G","Survivor","Neutralize","Wraith Form","Blur","Deflect","Backflip","Outmaneuver","Footwork","Dash","Distraction","Dodge and Roll","Adrenaline","Dagger Throw","Deadly Poison","Blur","Decay"],"max_hp_per_floor":[70,70,70,70,70,70,70,70,70,70,70,70,70,70,70,70,70,70,70,70,70],"relics":["Ring of the Snake","Mummified Hand","Centennial Puzzle","Tiny Chest","Prayer Wheel","Sozu"],"campfire_meditates":0,"card_choices":[{"not_picked":["Leg Sweep","Dagger Spray"],"picked":"Blur"},{"not_picked":["Acrobatics","Infinite Blades"],"picked":"Deflect"},{"not_picked":["Dagger Spray","Skewer"],"picked":"Backflip"},{"not_picked":["Dash","Acrobatics"],"picked":"Outmaneuver"},{"not_picked":["Acrobatics","Flechettes"],"picked":"Distraction"},{"not_picked":["Quick Slash","Dagger Spray"],"picked":"Dodge and Roll"},{"not_picked":["Tactician","Corpse Explosion"],"picked":"Adrenaline"},{"not_picked":["Dagger Spray","Bane"],"picked":"Dagger Throw"},{"not_picked":["Underhanded Strike","Dash"],"picked":"Deadly Poison"},{"not_picked":["Sucker Punch","Dagger Throw"],"picked":"Blur"}],"player_experience":27238,"potions_floor_usage":[16,16],"damage_taken":[{"damage":4,"enemies":"Cultist","floor":1,"turns":5},{"damage":12,"enemies":"Looter","floor":3,"turns":4},{"damage":10,"enemies":"Blue Slaver","floor":5,"turns":5},{"damage":30,"enemies":"3 Sentries","floor":8,"turns":11},{"damage":9,"enemies":"Lagavulin","floor":11,"turns":8},{"damage":13,"enemies":"Lots of Slimes","floor":12,"turns":6},{"damage":23,"enemies":"Slime Boss","floor":16,"turns":17},{"damage":8,"enemies":"Chosen","floor":18,"turns":8},{"damage":0,"enemies":"Shell Parasite","floor":19,"turns":9},{"damage":27,"enemies":"Chosen and Byrds","floor":20,"turns":7},{"damage":41,"enemies":"3 Cultists","floor":22,"turns":7}],"event_choices":[{"event_name":"Big Fish","player_choice":"Box","floor":2,"damage_taken":0},{"event_name":"Transmorgrifier","player_choice":"Transform","floor":4,"damage_taken":0},{"event_name":"Golden Wing","player_choice":"Gained Gold","floor":14,"damage_taken":0},{"event_name":"Forgotten Altar","player_choice":"Smashed Altar","floor":21,"damage_taken":0}],"boss_relics":[{"not_picked":["Ectoplasm","Question Card"],"picked":"Sozu"}],"potions_floor_spawned":[1,8,11,19],"seed_played":"-3577631482131739748","killed_by":"3 Cultists","is_trial":false}