{"gold_per_floor":[109,74,74,92,111,111,137,157,157,157,183,183,183,108,108,182,182,198,198,198,212,212,212,212],"floor_reached":24,"playtime":1205,"items_purged":["Strike_B"],"score":471,"play_id":"9552e272-a9d4-41d8-812d-a6445c0623e5","local_time":"20181104121837","is_ascension_mode":true,"campfire_choices":[{"data":"Zap","floor":6,"key":"SMITH"},{"data":"White Noise","floor":10,"key":"SMITH"},{"data":"Recycle","floor":13,"key":"SMITH"},{"data":"Coolheaded","floor":15,"key":"SMITH"},{"data":"Dualcast","floor":23,"key":"SMITH"}],"neow_cost":"NONE","seed_source_timestamp":88447788325745,"circlet_count":0,"master_deck":["AscendersBane","Strike_B+1","Strike_B+1","Defend_B+1","Defend_B+1","Defend_B+1","Defend_B+1","Zap+1","Dualcast+1","Recycle+1","Cold Snap","Cold Snap","White Noise+1","Coolheaded+1","Genetic Algorithm","Glacier","Go for the Eyes"],"relics":["Cracked Core","FaceOfCleric","WingedGreaves","Unceasing Top","FossilizedHelix","Eternal Feather"],"potions_floor_usage":[7,16,18],"damage_taken":[{"damage":0,"enemies":"Small Slimes","floor":1,"turns":3},{"damage":0,"enemies":"2 Louse","floor":4,"turns":2},{"damage":0,"enemies":"Cultist","floor":5,"turns":3},{"damage":8,"enemies":"Gremlin Nob","floor":7,"turns":4},{"damage":9,"enemies":"Large Slime","floor":8,"turns":7},{"damage":0,"enemies":"Lagavulin","floor":11,"turns":10},{"damage":0,"enemies":"Slime Boss","floor":16,"turns":14},{"damage":14,"enemies":"Chosen","floor":18,"turns":6},{"damage":4,"enemies":"3 Byrds","floor":21,"turns":9},{"damage":90,"enemies":"Book of Stabbing","floor":24,"turns":10}],"seed_played":"2193734007982792254","potions_obtained":[{"floor":5,"key":"FearPotion"},{"floor":7,"key":"PowerPotion"},{"floor":16,"key":"Swift Potion"},{"floor":18,"key":"Regen Potion"}],"is_trial":false,"path_per_floor":["M","?","?","M","M","R","E","M","T","R","E","?","R","$","R","B",null,"M","?","?","M","?","R","E"],"character_chosen":"DEFECT","items_purchased":[],"campfire_rested":0,"item_purchase_floors":[],"current_hp_per_floor":[64,71,71,72,73,73,66,58,58,58,59,64,64,64,64,65,78,65,83,83,80,80,84,0],"gold":212,"neow_bonus":"TRANSFORM_CARD","is_prod":false,"is_daily":false,"chose_seed":false,"campfire_upgraded":5,"win_rate":0,"timestamp":1541351917,"path_taken":["M","?","?","?","M","R","E","M","T","R","E","?","R","$","R","BOSS","M","?","?","M","?","R","E"],"build_version":"2018-11-01","purchased_purges":1,"victory":false,"max_hp_per_floor":[71,71,71,72,73,73,74,75,75,75,76,81,81,81,81,82,82,83,83,83,84,84,84,84],"card_choices":[{"not_picked":["Stack","Gash"],"picked":"Cold Snap","floor":1},{"not_picked":["Streamline","Barrage"],"picked":"Cold Snap","floor":4},{"not_picked":["Barrage","Rebound"],"picked":"White Noise","floor":5},{"not_picked":["Hologram","Beam Cell"],"picked":"Coolheaded","floor":7},{"not_picked":["Beam Cell","Sunder"],"picked":"Genetic Algorithm","floor":8},{"not_picked":["Redo","Leap"],"picked":"Glacier","floor":11},{"not_picked":["Steam","Scrape"],"picked":"Go for the Eyes","floor":18},{"not_picked":["Coolheaded","Reprogram","Beam Cell"],"picked":"SKIP","floor":21}],"player_experience":188599,"relics_obtained":[{"floor":7,"key":"WingedGreaves"},{"floor":9,"key":"Unceasing Top"},{"floor":11,"key":"FossilizedHelix"}],"event_choices":[{"damage_healed":17,"gold_gain":0,"player_choice":"Healed","damage_taken":0,"max_hp_gain":0,"max_hp_loss":0,"event_name":"The Cleric","floor":2,"gold_loss":35},{"damage_healed":0,"gold_gain":0,"player_choice":"Trade","damage_taken":0,"relics_obtained":["FaceOfCleric"],"max_hp_gain":0,"max_hp_loss":0,"event_name":"FaceTrader","floor":3,"gold_loss":0},{"damage_healed":0,"gold_gain":0,"player_choice":"Donut","damage_taken":0,"max_hp_gain":5,"max_hp_loss":0,"event_name":"Big Fish","floor":12,"gold_loss":0},{"damage_healed":27,"gold_gain":0,"player_choice":"Heal","damage_taken":0,"max_hp_gain":0,"max_hp_loss":0,"event_name":"The Library","floor":19,"gold_loss":0},{"damage_healed":0,"gold_gain":0,"player_choice":"Simplicity","damage_taken":0,"max_hp_gain":0,"max_hp_loss":0,"event_name":"Back to Basics","floor":20,"gold_loss":0,"cards_upgraded":["Strike_B","Strike_B","Defend_B","Defend_B","Defend_B","Defend_B"]},{"damage_healed":0,"gold_gain":0,"player_choice":"Ignored","damage_taken":0,"max_hp_gain":0,"max_hp_loss":0,"event_name":"Ghosts","floor":22,"gold_loss":0}],"is_beta":false,"boss_relics":[{"not_picked":["Philosopher\u0027s Stone","Runic Dome"],"picked":"Eternal Feather"}],"items_purged_floors":[14],"is_endless":false,"potions_floor_spawned":[5,7,16,18],"killed_by":"Book of Stabbing","ascension_level":14}