{"gold_per_floor":[117,117,117,91,105,105,139,157,157,157,182,202,202,214,214,290,290,302,321,321,321,339,339,370,370,394,409,409],"floor_reached":28,"playtime":1263,"items_purged":[],"score":532,"play_id":"aa1e79b9-6be2-4544-ade3-96207c8ad6c7","local_time":"20190305001309","is_ascension_mode":true,"campfire_choices":[{"data":"Dualcast","floor":6.0,"key":"SMITH"},{"data":"Cold Snap","floor":10.0,"key":"SMITH"},{"data":"Go for the Eyes","floor":15.0,"key":"SMITH"},{"data":"Capacitor","floor":23.0,"key":"SMITH"},{"floor":25.0,"key":"REST"}],"neow_cost":"NONE","seed_source_timestamp":183546802258100,"circlet_count":0,"master_deck":["AscendersBane","Defend_B","Defend_B","Defend_B","Defend_B","Zap+1","Dualcast+1","Leap","Conserve Battery","Cold Snap+1","Sweeping Beam+1","Gash","Undo","Ball Lightning","Go for the Eyes+1","All For One","Thunder Strike+1","Fission+1","Gash+1","Cold Snap","Ball Lightning","Capacitor+1","Rebound","Steam"],"special_seed":0,"relics":["Cracked Core","NeowsBlessing","Pantograph","Whetstone","Ornamental Fan","Mango","Astrolabe","Boot","Blood Vial"],"potions_floor_usage":[28],"damage_taken":[{"damage":0.0,"enemies":"Jaw Worm","floor":1.0,"turns":1.0},{"damage":0.0,"enemies":"2 Louse","floor":5.0,"turns":1.0},{"damage":0.0,"enemies":"Gremlin Nob","floor":7.0,"turns":1.0},{"damage":1.0,"enemies":"Cultist","floor":8.0,"turns":3.0},{"damage":7.0,"enemies":"3 Sentries","floor":11.0,"turns":6.0},{"damage":5.0,"enemies":"Exordium Wildlife","floor":12.0,"turns":4.0},{"damage":1.0,"enemies":"3 Louse","floor":14.0,"turns":3.0},{"damage":18.0,"enemies":"Slime Boss","floor":16.0,"turns":10.0},{"damage":0.0,"enemies":"Shell Parasite","floor":18.0,"turns":4.0},{"damage":13.0,"enemies":"Chosen","floor":19.0,"turns":4.0},{"damage":0.0,"enemies":"Centurion and Healer","floor":22.0,"turns":8.0},{"damage":39.0,"enemies":"Book of Stabbing","floor":24.0,"turns":6.0},{"damage":15.0,"enemies":"Snake Plant","floor":27.0,"turns":3.0},{"damage":51,"enemies":"Gremlin Leader","floor":28,"turns":4}],"seed_played":"-3783978012934801754","potions_obtained":[{"floor":5.0,"key":"FocusPotion"},{"floor":8.0,"key":"EssenceOfSteel"},{"floor":12.0,"key":"Weak Potion"},{"floor":14.0,"key":"FearPotion"},{"floor":27.0,"key":"Explosive Potion"}],"is_trial":false,"path_per_floor":["M","?","?","$","M","R","E","M","T","R","E","M","?","M","R","B",null,"M","M","?","?","M","R","E","R","T","M","E"],"character_chosen":"DEFECT","items_purchased":["Conserve Battery"],"campfire_rested":1,"item_purchase_floors":[4],"current_hp_per_floor":[64,64,64,64,64,64,64,63,63,63,56,51,65,64,64,67,81,81,68,68,68,68,68,29,54,54,41,0],"gold":409,"neow_bonus":"THREE_ENEMY_KILL","is_prod":false,"is_daily":false,"chose_seed":false,"campfire_upgraded":4,"win_rate":0,"timestamp":1551762789,"path_taken":["M","?","?","$","M","R","E","?","T","R","E","M","?","M","R","BOSS","M","M","?","?","M","R","E","R","T","M","E"],"build_version":"2019-01-23","purchased_purges":0,"victory":false,"max_hp_per_floor":[71,71,71,71,71,71,71,71,71,71,71,71,85,85,85,85,85,85,85,85,85,85,85,85,85,85,85,85],"card_choices":[{"not_picked":["Redo","White Noise"],"picked":"Leap","floor":1.0},{"not_picked":["Rip and Tear","Double Energy"],"picked":"Cold Snap","floor":5.0},{"not_picked":["Capacitor","Rip and Tear"],"picked":"Sweeping Beam","floor":7.0},{"not_picked":["Rebound","Barrage"],"picked":"Gash","floor":8.0},{"not_picked":["Melter","Sweeping Beam"],"picked":"Undo","floor":11.0},{"not_picked":["Genetic Algorithm","Coolheaded"],"picked":"Ball Lightning","floor":12.0},{"not_picked":["Gash","Conserve Battery"],"picked":"Go for the Eyes","floor":14.0},{"not_picked":["Thunder Strike","Core Surge"],"picked":"All For One","floor":16.0},{"not_picked":["Stack+1","Leap"],"picked":"Gash+1","floor":18.0},{"not_picked":["Steam","Storm"],"picked":"Cold Snap","floor":19.0},{"not_picked":["Aggregate+1","Chaos"],"picked":"Capacitor","floor":22.0},{"not_picked":["Steam","Streamline"],"picked":"Rebound","floor":24.0},{"not_picked":["Fusion","Blizzard"],"picked":"Steam","floor":27.0}],"player_experience":1289583,"relics_obtained":[{"floor":7.0,"key":"Pantograph"},{"floor":9.0,"key":"Whetstone"},{"floor":11.0,"key":"Ornamental Fan"},{"floor":24.0,"key":"Boot"},{"floor":26.0,"key":"Blood Vial"}],"event_choices":[{"damage_healed":0.0,"max_hp_gain":0.0,"max_hp_loss":0.0,"gold_gain":0.0,"event_name":"Living Wall","player_choice":"Grow","floor":2.0,"gold_loss":0.0,"damage_taken":0.0,"cards_upgraded":["Zap"]},{"cards_removed":["Strike_B"],"damage_healed":0.0,"max_hp_gain":0.0,"max_hp_loss":0.0,"gold_gain":0.0,"event_name":"Purifier","player_choice":"Purged","floor":3.0,"gold_loss":0.0,"damage_taken":0.0},{"damage_healed":0.0,"max_hp_gain":0.0,"max_hp_loss":0.0,"gold_gain":0.0,"event_name":"Dead Adventurer","player_choice":"Searched \u00272\u0027 times","floor":13.0,"gold_loss":0.0,"damage_taken":0.0,"relics_obtained":["Mango"]},{"damage_healed":0.0,"max_hp_gain":0.0,"max_hp_loss":0.0,"gold_gain":0.0,"event_name":"The Library","player_choice":"Read","floor":20.0,"gold_loss":0.0,"damage_taken":0.0,"cards_obtained":["Ball Lightning"]},{"cards_removed":["Hyperbeam"],"damage_healed":0.0,"max_hp_gain":0.0,"max_hp_loss":0.0,"gold_gain":0.0,"event_name":"Purifier","player_choice":"Purged","floor":21.0,"gold_loss":0.0,"damage_taken":0.0}],"is_beta":false,"boss_relics":[{"not_picked":["Cursed Key","Tiny House"],"picked":"Astrolabe"}],"items_purged_floors":[],"is_endless":false,"potions_floor_spawned":[5,8,12,14,27],"killed_by":"Gremlin Leader","ascension_level":19}