{"gold_per_floor":[112,112,112,112,112,151,151,176,176,219,244,244,264,264,264,383,383,407,407,29,29,29,29,61,61,88,88,115,135,169,188,188,188],"floor_reached":33,"playtime":1828,"items_purged":["Strike_B"],"score":409,"play_id":"2c0b48e8-bb00-42e8-b7d5-58d25063ffba","local_time":"20190307215405","is_ascension_mode":false,"campfire_choices":[{"floor":7,"key":"REST"},{"floor":12,"key":"REST"},{"floor":15,"key":"REST"},{"data":"FTL","floor":23,"key":"SMITH"},{"data":"Zap","floor":25,"key":"SMITH"},{"data":"Machine Learning","floor":32,"key":"SMITH"}],"neow_cost":"NONE","seed_source_timestamp":29404381489200,"circlet_count":0,"master_deck":["Defend_B","Defend_B","Defend_B","Zap+1","Dualcast+1","Rebound","Steam","FTL+1","Beam Cell","Ball Lightning","Biased Cognition","Redo+1","Bite","Bite","Bite","Bite","Bite","Gash","Streamline+1","Storm+1","Conserve Battery+1","Defragment","Beam Cell","Machine Learning+1"],"relics":["Cracked Core","Bloody Idol","Ancient Tea Set","Anchor","PreservedInsect","Bottled Lightning","Vajra","Black Star","Prayer Wheel","Boot","Calipers","Bronze Scales","Question Card","Matryoshka","Strawberry","Art of War"],"potions_floor_usage":[24,28,31,33,33],"damage_taken":[{"damage":6,"enemies":"2 Louse","floor":1,"turns":2},{"damage":41,"enemies":"Gremlin Nob","floor":6,"turns":5},{"damage":6,"enemies":"Cultist","floor":8,"turns":3},{"damage":7,"enemies":"3 Sentries","floor":10,"turns":4},{"damage":0,"enemies":"Jaw Worm","floor":11,"turns":2},{"damage":0,"enemies":"Looter","floor":13,"turns":2},{"damage":0,"enemies":"Slime Boss","floor":16,"turns":6},{"damage":0,"enemies":"Chosen","floor":18,"turns":3},{"damage":7,"enemies":"Slavers","floor":24,"turns":3},{"damage":0,"enemies":"Gremlin Leader","floor":28,"turns":3},{"damage":0,"enemies":"Spheric Guardian","floor":29,"turns":3},{"damage":29,"enemies":"Book of Stabbing","floor":30,"turns":4},{"damage":14,"enemies":"3 Cultists","floor":31,"turns":4},{"damage":68,"enemies":"Automaton","floor":33,"turns":6}],"seed_played":"280993684573718895","potions_obtained":[{"floor":6,"key":"AttackPotion"},{"floor":10,"key":"SpeedPotion"},{"floor":16,"key":"Block Potion"},{"floor":30,"key":"Fire Potion"},{"floor":31,"key":"FocusPotion"}],"is_trial":false,"path_per_floor":["M","?","?","?","T","E","R","M","T","E","M","R","M","?","R","B",null,"M","?","$","?","?","R","E","R","T","$","E","M","E","M","R","B"],"character_chosen":"DEFECT","items_purchased":["Prayer Wheel"],"campfire_rested":3,"item_purchase_floors":[20],"current_hp_per_floor":[69,62,62,62,62,21,41,35,35,28,28,48,48,36,56,56,69,69,69,69,48,48,48,48,48,48,48,48,48,35,34,34,0],"gold":188,"neow_bonus":"REMOVE_CARD","is_prod":false,"is_daily":false,"chose_seed":false,"campfire_upgraded":3,"win_rate":0.0,"timestamp":1552017245,"path_taken":["M","?","?","?","?","E","R","M","T","E","M","R","?","?","R","BOSS","M","?","$","?","?","R","E","R","T","$","E","M","E","M","R","BOSS"],"build_version":"2019-01-23","purchased_purges":1,"victory":false,"max_hp_per_floor":[75,75,69,69,69,69,69,69,69,69,69,69,69,69,69,69,69,69,69,69,48,48,48,48,48,48,48,48,48,55,55,55,55],"card_choices":[{"not_picked":["Streamline","Undo"],"picked":"Rebound","floor":1},{"not_picked":["Cold Snap","Static Discharge"],"picked":"Steam","floor":6},{"not_picked":["Ball Lightning","Stack"],"picked":"FTL","floor":8},{"not_picked":["Darkness","White Noise","Rip and Tear"],"picked":"SKIP","floor":10},{"not_picked":["Undo","Compile Driver"],"picked":"Beam Cell","floor":11},{"not_picked":["Stack","Steam Power"],"picked":"Ball Lightning","floor":13},{"not_picked":["Fission","Rainbow"],"picked":"Biased Cognition","floor":16},{"not_picked":["Double Energy","Self Repair"],"picked":"Redo+1","floor":18},{"not_picked":["Redo","Blizzard"],"picked":"Streamline+1","floor":24},{"not_picked":["Chill","Hologram"],"picked":"Storm+1","floor":28},{"not_picked":["Melter","Fusion","Rip and Tear"],"picked":"Conserve Battery+1","floor":29},{"not_picked":["FTL","Force Field","Rebound"],"picked":"Defragment","floor":29},{"not_picked":["Steam","Conserve Battery","FTL"],"picked":"Beam Cell","floor":30},{"not_picked":["Sweeping Beam+1","Lockon","Conserve Battery"],"picked":"Machine Learning","floor":31},{"not_picked":["Genetic Algorithm","Compile Driver+1","Tempest","Hologram"],"picked":"SKIP","floor":31}],"player_experience":307709,"relics_obtained":[{"floor":5,"key":"Ancient Tea Set"},{"floor":6,"key":"Anchor"},{"floor":9,"key":"PreservedInsect"},{"floor":10,"key":"Bottled Lightning"},{"floor":24,"key":"Boot"},{"floor":24,"key":"Calipers"},{"floor":26,"key":"Bronze Scales"},{"floor":28,"key":"Question Card"},{"floor":28,"key":"Matryoshka"},{"floor":30,"key":"Strawberry"},{"floor":30,"key":"Art of War"}],"event_choices":[{"cards_removed":["Strike_B"],"damage_healed":0,"gold_gain":0,"player_choice":"Card Removal","damage_taken":7,"max_hp_gain":0,"max_hp_loss":0,"event_name":"Golden Wing","floor":2,"gold_loss":0},{"damage_healed":0,"gold_gain":0,"player_choice":"Lose Max HP","damage_taken":0,"relics_obtained":["Golden Idol"],"max_hp_gain":0,"max_hp_loss":6,"event_name":"Golden Idol","floor":3,"gold_loss":0},{"damage_healed":0,"gold_gain":0,"player_choice":"Grow","damage_taken":0,"max_hp_gain":0,"max_hp_loss":0,"event_name":"Living Wall","floor":4,"gold_loss":0,"cards_upgraded":["Dualcast"]},{"damage_healed":0,"gold_gain":0,"player_choice":"Success","damage_taken":12,"relics_obtained":["Vajra"],"max_hp_gain":0,"max_hp_loss":0,"event_name":"Scrap Ooze","floor":14,"gold_loss":0},{"damage_healed":0,"gold_gain":0,"player_choice":"Gave Idol","damage_taken":0,"relics_obtained":["Bloody Idol"],"max_hp_gain":0,"max_hp_loss":0,"event_name":"Forgotten Altar","floor":19,"relics_lost":["Golden Idol"],"gold_loss":0},{"damage_healed":0,"gold_gain":0,"player_choice":"Became a vampire","damage_taken":0,"max_hp_gain":0,"max_hp_loss":21,"event_name":"Vampires","floor":21,"gold_loss":0,"cards_obtained":["Bite","Bite","Bite","Bite","Bite"]},{"damage_healed":0,"gold_gain":0,"player_choice":"Read","damage_taken":0,"max_hp_gain":0,"max_hp_loss":0,"event_name":"The Library","floor":22,"gold_loss":0,"cards_obtained":["Gash"]}],"is_beta":false,"boss_relics":[{"not_picked":["Inserter","Empty Cage"],"picked":"Black Star"}],"items_purged_floors":[20],"is_endless":false,"potions_floor_spawned":[6,10,16,18,30,31],"killed_by":"Automaton","ascension_level":0}