{"gold_per_floor":[111,111,121,131,141,169,169,169,195,207,239,239,239,265,265,339,339,354,354,354,369,127,127,144,172,218,218],"floor_reached":27,"playtime":1904,"items_purged":["Bite"],"score":467,"play_id":"f433571a-a652-412c-b674-326db1ff6729","local_time":"20190302104917","is_ascension_mode":true,"campfire_choices":[{"data":"Zap","floor":7.0,"key":"SMITH"},{"data":"Sweeping Beam","floor":12.0,"key":"SMITH"},{"data":"Rainbow","floor":15,"key":"SMITH"},{"floor":23,"key":"REST"}],"neow_cost":"NONE","seed_source_timestamp":0,"circlet_count":0,"master_deck":["AscendersBane","Defend_B","Defend_B","Defend_B","Defend_B","Zap+1","Dualcast","Auto Shields","Sweeping Beam+1","Steam","Rainbow+1","Ball Lightning","Seek","Recycle","Bite","Bite","Bite","Bite","Force Field","Compile Driver","Hologram"],"special_seed":0,"relics":["Cracked Core","Happy Flower","FaceOfCleric","Dream Catcher","Vajra","Centennial Puzzle","Inserter","Enchiridion","Omamori","Red Mask","Oddly Smooth Stone"],"potions_floor_usage":[18,24,25],"damage_taken":[{"damage":9.0,"enemies":"Jaw Worm","floor":1.0,"turns":4.0},{"damage":4.0,"enemies":"Small Slimes","floor":3.0,"turns":4.0},{"damage":7.0,"enemies":"Cultist","floor":4.0,"turns":5.0},{"damage":4.0,"enemies":"2 Fungi Beasts","floor":5.0,"turns":3.0},{"damage":30.0,"enemies":"3 Sentries","floor":6.0,"turns":8.0},{"damage":5.0,"enemies":"Blue Slaver","floor":10.0,"turns":3.0},{"damage":6.0,"enemies":"Lagavulin","floor":11.0,"turns":7.0},{"damage":26,"enemies":"Hexaghost","floor":16,"turns":10},{"damage":10,"enemies":"2 Thieves","floor":18,"turns":4},{"damage":27,"enemies":"Shell Parasite","floor":21,"turns":7},{"damage":23,"enemies":"Snake Plant","floor":24,"turns":4},{"damage":4,"enemies":"Masked Bandits","floor":25,"turns":2},{"damage":16,"enemies":"Shelled Parasite and Fungi","floor":27,"turns":2}],"seed_played":"3329343925598369974","potions_obtained":[{"floor":0.0,"key":"Fire Potion"},{"floor":0.0,"key":"EntropicBrew"},{"floor":6.0,"key":"FocusPotion"},{"floor":16,"key":"Fire Potion"},{"floor":21,"key":"PowerPotion"}],"is_trial":false,"path_per_floor":["M","?","M","M","M","E","R","?","T","M","E","R","?","T","R","B",null,"M","?","?","M","$","R","M","?","T","M"],"character_chosen":"DEFECT","items_purchased":["Omamori"],"campfire_rested":1,"item_purchase_floors":[22],"current_hp_per_floor":[55,71,67,60,56,41,41,41,41,37,32,32,32,32,32,7,57,48,48,27,9,9,24,10,11,11,0],"gold":218,"neow_bonus":"THREE_SMALL_POTIONS","is_prod":false,"is_daily":false,"chose_seed":false,"campfire_upgraded":3,"win_rate":0,"timestamp":1551541757,"path_taken":["M","?","M","M","M","E","R","?","T","?","E","R","?","?","R","BOSS","M","?","?","M","$","R","M","?","T","M"],"build_version":"2019-01-23","purchased_purges":1,"victory":false,"max_hp_per_floor":[71,71,71,71,71,71,71,71,71,72,73,73,73,73,73,74,74,75,52,52,53,53,53,54,55,55,55],"card_choices":[{"not_picked":["Reprogram","Skim"],"picked":"Auto Shields","floor":1.0},{"not_picked":["Turbo","Barrage","Reprogram"],"picked":"SKIP","floor":3.0},{"not_picked":["Aggregate","Loop"],"picked":"Sweeping Beam","floor":4.0},{"not_picked":["Undo","Sweeping Beam","Redo"],"picked":"SKIP","floor":5.0},{"not_picked":["Scrape","White Noise"],"picked":"Steam","floor":6.0},{"not_picked":["Hologram","Leap"],"picked":"Rainbow","floor":10.0},{"not_picked":["Barrage","Consume"],"picked":"Ball Lightning","floor":11.0},{"not_picked":["Multi-Cast","Core Surge"],"picked":"Seek","floor":16},{"not_picked":["Reprogram","Gash"],"picked":"Recycle","floor":18},{"not_picked":["Barrage","Stack"],"picked":"Force Field","floor":21},{"not_picked":["Stack","Leap"],"picked":"Compile Driver","floor":23},{"not_picked":["Heatsinks","Gash","Sweeping Beam"],"picked":"SKIP","floor":24},{"not_picked":["Rip and Tear","Scrape"],"picked":"Hologram","floor":25}],"player_experience":731499,"relics_obtained":[{"floor":6.0,"key":"Happy Flower"},{"floor":9.0,"key":"Dream Catcher"},{"floor":11.0,"key":"Vajra"},{"floor":14.0,"key":"Centennial Puzzle"},{"floor":20,"key":"Enchiridion"},{"floor":25,"key":"Red Mask"},{"floor":26,"key":"Oddly Smooth Stone"}],"event_choices":[{"damage_healed":23.0,"max_hp_gain":0.0,"max_hp_loss":0.0,"gold_gain":0.0,"event_name":"Big Fish","player_choice":"Banana","floor":2.0,"gold_loss":0.0,"damage_taken":0.0},{"damage_healed":0.0,"max_hp_gain":0.0,"max_hp_loss":0.0,"gold_gain":0.0,"event_name":"FaceTrader","player_choice":"Trade","floor":8.0,"gold_loss":0.0,"damage_taken":0.0,"relics_obtained":["FaceOfCleric"]},{"cards_removed":["Strike_B"],"damage_healed":0.0,"max_hp_gain":0.0,"max_hp_loss":0.0,"gold_gain":0.0,"event_name":"Living Wall","player_choice":"Forget","floor":13.0,"gold_loss":0.0,"damage_taken":0.0},{"damage_healed":0,"gold_gain":0,"player_choice":"Became a vampire","damage_taken":0,"max_hp_gain":0,"max_hp_loss":23,"event_name":"Vampires","floor":19,"gold_loss":0,"cards_obtained":["Bite","Bite","Bite","Bite","Bite"]},{"damage_healed":0,"gold_gain":0,"player_choice":"Obtained Book","damage_taken":21,"max_hp_gain":0,"max_hp_loss":0,"event_name":"Cursed Tome","floor":20,"gold_loss":0},{"damage_healed":0,"gold_gain":0,"player_choice":"Fought Bandits","damage_taken":0,"max_hp_gain":0,"max_hp_loss":0,"event_name":"Masked Bandits","floor":25,"gold_loss":0}],"is_beta":false,"boss_relics":[{"not_picked":["Ectoplasm","Eternal Feather"],"picked":"Inserter"}],"items_purged_floors":[22],"is_endless":false,"potions_floor_spawned":[4,5,6,16,21],"killed_by":"Shelled Parasite and Fungi","ascension_level":20}