{"gold_per_floor":[113,288,288,288,288,322,338,338,338,372,401,430,456,468,480,596,608,636,648,678,690],"floor_reached":21,"playtime":1305,"items_purged":[],"score":284,"play_id":"4a4a3217-299f-4d34-9e62-7f9d5d1f279c","local_time":"20181102120337","is_ascension_mode":true,"campfire_choices":[{"floor":8,"key":"REST"},{"floor":15,"key":"REST"}],"neow_cost":"NONE","seed_source_timestamp":333590942502123,"circlet_count":0,"master_deck":["AscendersBane","Strike_B","Strike_B","Strike_B","Defend_B","Defend_B","Defend_B","Zap+1","Dualcast","Compile Driver","Genetic Algorithm","Auto Shields","Loop","Biased Cognition+1","Go for the Eyes","Coolheaded","Genetic Algorithm","Glacier","Defragment+1","Echo Form+1","Conserve Battery","Writhe","Conserve Battery"],"relics":["Cracked Core","Prayer Wheel","Frozen Egg 2","MawBank","White Beast Statue","Orichalcum"],"potions_floor_usage":[10,16,16],"damage_taken":[{"damage":7,"enemies":"Jaw Worm","floor":1,"turns":3},{"damage":28,"enemies":"Gremlin Nob","floor":6,"turns":4},{"damage":6,"enemies":"2 Louse","floor":7,"turns":3},{"damage":14,"enemies":"Lagavulin","floor":10,"turns":7},{"damage":8,"enemies":"Small Slimes","floor":11,"turns":2},{"damage":2,"enemies":"3 Louse","floor":12,"turns":3},{"damage":8,"enemies":"Exordium Thugs","floor":13,"turns":6},{"damage":16,"enemies":"Slime Boss","floor":16,"turns":22},{"damage":2,"enemies":"Chosen","floor":18,"turns":7},{"damage":24,"enemies":"3 Byrds","floor":20,"turns":7},{"damage":21,"enemies":"Centurion and Healer","floor":21,"turns":12}],"seed_played":"4292035806245668874","potions_obtained":[{"floor":6,"key":"AttackPotion"},{"floor":10,"key":"Energy Potion"},{"floor":12,"key":"Block Potion"},{"floor":13,"key":"Block Potion"},{"floor":18,"key":"FearPotion"},{"floor":20,"key":"Strength Potion"}],"is_trial":false,"path_per_floor":["M","?","?","?","?","E","M","R","T","E","M","M","M","$","R","B",null,"M","?","M","M"],"character_chosen":"DEFECT","items_purchased":[],"campfire_rested":2,"item_purchase_floors":[],"current_hp_per_floor":[61,61,61,54,54,26,20,42,42,28,20,18,10,10,32,16,60,58,58,34,13],"gold":690,"neow_bonus":"REMOVE_CARD","is_prod":false,"is_daily":false,"chose_seed":false,"campfire_upgraded":0,"win_rate":0,"timestamp":1541174617,"path_taken":["M","?","?","?","?","E","M","R","T","E","M","M","?","$","R","BOSS","M","?","M","M"],"build_version":"2018-11-01","purchased_purges":0,"victory":false,"max_hp_per_floor":[75,75,75,75,75,75,75,75,75,75,75,75,75,75,75,75,75,75,75,75,75],"card_choices":[{"not_picked":["Scrape","Rebound"],"picked":"Compile Driver","floor":1},{"not_picked":["Turbo","Steam"],"picked":"Genetic Algorithm","floor":6},{"not_picked":["Go for the Eyes","Steam"],"picked":"Auto Shields","floor":7},{"not_picked":["Turbo","Blizzard"],"picked":"Loop","floor":7},{"not_picked":["Gash","Barrage"],"picked":"Biased Cognition+1","floor":10},{"not_picked":["Fusion","Recycle"],"picked":"Go for the Eyes","floor":11},{"not_picked":["Gash","Double Energy"],"picked":"Coolheaded","floor":11},{"not_picked":["Rebound","White Noise"],"picked":"Genetic Algorithm","floor":12},{"not_picked":["Sweeping Beam","Machine Learning+1"],"picked":"Glacier","floor":12},{"not_picked":["Conserve Battery","Go for the Eyes"],"picked":"Defragment+1","floor":13},{"not_picked":["Double Energy","Steam","Barrage"],"picked":"SKIP","floor":13},{"not_picked":["Creative AI+1","Hyperbeam"],"picked":"Echo Form+1","floor":16},{"not_picked":["Leap","Skim"],"picked":"Conserve Battery","floor":18},{"not_picked":["Sunder","Barrage","Stack"],"picked":"SKIP","floor":18},{"not_picked":["Beam Cell","Rebound"],"picked":"Conserve Battery","floor":20},{"not_picked":["Rebound","Turbo+1","Barrage+1"],"picked":"SKIP","floor":20}],"player_experience":149155,"relics_obtained":[{"floor":6,"key":"Prayer Wheel"},{"floor":9,"key":"Frozen Egg 2"},{"floor":10,"key":"MawBank"}],"event_choices":[{"damage_healed":0,"gold_gain":175,"player_choice":"AGREE","damage_taken":0,"max_hp_gain":0,"max_hp_loss":0,"event_name":"Liars Game","floor":2,"gold_loss":0,"cards_obtained":["Doubt"]},{"damage_healed":0,"gold_gain":0,"player_choice":"Grow","damage_taken":0,"max_hp_gain":0,"max_hp_loss":0,"event_name":"Living Wall","floor":3,"gold_loss":0,"cards_upgraded":["Zap"]},{"cards_removed":["Doubt"],"damage_healed":0,"gold_gain":0,"player_choice":"Card Removal","damage_taken":7,"max_hp_gain":0,"max_hp_loss":0,"event_name":"Golden Wing","floor":4,"gold_loss":0},{"cards_removed":["Defend_B"],"damage_healed":0,"gold_gain":0,"player_choice":"Offered Basic","damage_taken":0,"max_hp_gain":0,"max_hp_loss":0,"event_name":"Bonfire Elementals","floor":5,"gold_loss":0},{"damage_healed":0,"gold_gain":0,"player_choice":"Opened","damage_taken":0,"relics_obtained":["Orichalcum"],"max_hp_gain":0,"max_hp_loss":0,"event_name":"The Mausoleum","floor":19,"gold_loss":0,"cards_obtained":["Writhe"]}],"is_beta":false,"boss_relics":[{"not_picked":["Lizard Tail","Orrery"],"picked":"White Beast Statue"}],"items_purged_floors":[],"is_endless":false,"potions_floor_spawned":[6,10,12,13,18,20],"killed_by":"Centurion and Healer","ascension_level":10}