{"gold_per_floor":[109,109,122,142,152,152,11,44,99,111,27,51,51],"floor_reached":13,"playtime":1012,"items_purged":[],"score":125,"play_id":"c3f3a586-3804-4611-8663-020138a760de","local_time":"20190305031440","is_ascension_mode":true,"campfire_choices":[{"data":"Bash","floor":6,"key":"SMITH"},{"data":"Inflame","floor":10,"key":"SMITH"}],"neow_cost":"NONE","seed_source_timestamp":58737942960323,"circlet_count":0,"master_deck":["AscendersBane","Strike_R","Strike_R","Strike_R","Strike_R","Strike_R","Defend_R","Defend_R","Defend_R","Defend_R","Bash+1","Shrug It Off","Battle Trance","Inflame+1","Clothesline","True Grit","Uppercut"],"relics":["Burning Blood","Bottled Lightning","MawBank","Odd Mushroom"],"potions_floor_usage":[5,8,8,12],"damage_taken":[{"damage":0,"enemies":"2 Louse","floor":1,"turns":4},{"damage":9,"enemies":"Cultist","floor":3,"turns":5},{"damage":13,"enemies":"Jaw Worm","floor":4,"turns":4},{"damage":18,"enemies":"Exordium Thugs","floor":5,"turns":7},{"damage":17,"enemies":"3 Sentries","floor":8,"turns":6},{"damage":36,"enemies":"The Mushroom Lair","floor":12,"turns":5},{"damage":23,"enemies":"Lots of Slimes","floor":13,"turns":3}],"seed_played":"6678887331729046447","potions_obtained":[{"floor":2,"key":"FearPotion"},{"floor":2,"key":"SkillPotion"},{"floor":2,"key":"Explosive Potion"},{"floor":5,"key":"PowerPotion"}],"is_trial":false,"path_per_floor":["M","?","M","M","M","R","$","E","T","R","$","?","M"],"character_chosen":"IRONCLAD","items_purchased":["Battle Trance","Inflame","True Grit","Uppercut"],"campfire_rested":0,"item_purchase_floors":[7,7,11,11],"current_hp_per_floor":[86,86,83,76,64,64,64,53,53,53,53,23,0],"gold":51,"neow_bonus":"TEN_PERCENT_HP_BONUS","is_prod":false,"is_daily":false,"chose_seed":false,"campfire_upgraded":2,"win_rate":0,"timestamp":1551777280,"path_taken":["M","?","M","M","M","R","?","E","T","R","$","?","?"],"build_version":"2019-01-23","purchased_purges":0,"victory":false,"max_hp_per_floor":[88,88,88,88,88,88,88,88,88,88,88,88,88],"card_choices":[{"not_picked":["Wild Strike","Blood for Blood","Seeing Red"],"picked":"SKIP","floor":1},{"not_picked":["Warcry","Clash","Iron Wave"],"picked":"SKIP","floor":3},{"not_picked":["Dual Wield","True Grit"],"picked":"Shrug It Off","floor":4},{"not_picked":["Twin Strike","Sword Boomerang","Flex"],"picked":"SKIP","floor":5},{"not_picked":["Wild Strike","Headbutt"],"picked":"Clothesline","floor":8}],"player_experience":166855,"relics_obtained":[{"floor":8,"key":"Bottled Lightning"},{"floor":9,"key":"MawBank"},{"floor":12,"key":"Odd Mushroom"}],"event_choices":[{"damage_healed":0,"gold_gain":0,"player_choice":"Got Potions","damage_taken":0,"max_hp_gain":0,"max_hp_loss":0,"event_name":"Lab","floor":2,"gold_loss":0},{"damage_healed":0,"gold_gain":0,"player_choice":"Fought Mushrooms","damage_taken":0,"max_hp_gain":0,"max_hp_loss":0,"event_name":"Mushrooms","floor":12,"gold_loss":0}],"is_beta":false,"boss_relics":[],"items_purged_floors":[],"is_endless":false,"potions_floor_spawned":[3,5],"killed_by":"Lots of Slimes","ascension_level":10}