{"gold_per_floor":[110,110,110,127,145,175,175,185,212,212,212,244,244,419,419,515,515,534,534,534],"floor_reached":20,"playtime":769,"items_purged":[],"score":270,"play_id":"e2de6809-3eba-407e-9214-84c86e5b9c7b","local_time":"20181102123928","is_ascension_mode":true,"campfire_choices":[{"data":"Creative AI","floor":7,"key":"SMITH"},{"data":"Dualcast","floor":11,"key":"SMITH"},{"floor":13,"key":"REST"},{"floor":15,"key":"REST"}],"neow_cost":"NONE","seed_source_timestamp":336277301662252,"circlet_count":0,"master_deck":["AscendersBane","Strike_B","Strike_B+1","Strike_B","Defend_B","Defend_B+1","Defend_B","Defend_B","Zap+1","Dualcast+1","Auto Shields","Cold Snap","Creative AI+1","Melter","Doubt","Electrodynamics","Consume"],"relics":["Cracked Core","Strawberry","Pen Nib","Bag of Marbles","Inserter"],"potions_floor_usage":[12,12,16,16],"damage_taken":[{"damage":3,"enemies":"Jaw Worm","floor":1,"turns":4},{"damage":3,"enemies":"Small Slimes","floor":4,"turns":3},{"damage":0,"enemies":"2 Louse","floor":5,"turns":2},{"damage":12,"enemies":"3 Sentries","floor":6,"turns":8},{"damage":7,"enemies":"2 Fungi Beasts","floor":8,"turns":3},{"damage":27,"enemies":"Gremlin Nob","floor":12,"turns":4},{"damage":36,"enemies":"Slime Boss","floor":16,"turns":6},{"damage":20,"enemies":"Spheric Guardian","floor":18,"turns":5},{"damage":15,"enemies":"Colosseum Slavers","floor":20,"turns":4},{"damage":78,"enemies":"Colosseum Nobs","floor":20,"turns":3}],"seed_played":"1820754983986366541","potions_obtained":[{"floor":1,"key":"Weak Potion"},{"floor":6,"key":"SteroidPotion"},{"floor":8,"key":"SkillPotion"},{"floor":12,"key":"Strength Potion"}],"is_trial":false,"path_per_floor":["M","?","?","M","M","E","R","M","T","?","R","E","R","?","R","B",null,"M","?","?"],"character_chosen":"DEFECT","items_purchased":[],"campfire_rested":2,"item_purchase_floors":[],"current_hp_per_floor":[72,56,56,53,53,48,48,41,41,34,34,7,33,33,59,23,73,53,82,0],"gold":534,"neow_bonus":"TEN_PERCENT_HP_BONUS","is_prod":false,"is_daily":false,"chose_seed":false,"campfire_upgraded":2,"win_rate":0,"timestamp":1541176768,"path_taken":["M","?","?","M","M","E","R","M","T","?","R","E","R","?","R","BOSS","M","?","?"],"build_version":"2018-11-01","purchased_purges":0,"victory":false,"max_hp_per_floor":[82,82,82,82,82,89,89,89,89,89,89,89,89,89,89,89,89,89,89,89],"card_choices":[{"not_picked":["Streamline","Sweeping Beam"],"picked":"Auto Shields","floor":1},{"not_picked":["Force Field","Conserve Battery"],"picked":"Cold Snap","floor":4},{"not_picked":["Leap","Steam","Barrage"],"picked":"SKIP","floor":5},{"not_picked":["Stack","Leap"],"picked":"Creative AI","floor":6},{"not_picked":["Undo","Stack","Storm"],"picked":"SKIP","floor":8},{"not_picked":["Reprogram","Defragment"],"picked":"Melter","floor":12},{"not_picked":["Thunder Strike","Buffer"],"picked":"Electrodynamics","floor":16},{"not_picked":["Aggregate","Hologram"],"picked":"Consume","floor":18}],"player_experience":151461,"relics_obtained":[{"floor":6,"key":"Strawberry"},{"floor":9,"key":"Pen Nib"},{"floor":12,"key":"Bag of Marbles"}],"event_choices":[{"damage_healed":0,"gold_gain":0,"player_choice":"Entered Light","damage_taken":16,"max_hp_gain":0,"max_hp_loss":0,"event_name":"Shining Light","floor":2,"gold_loss":0,"cards_upgraded":["Strike_B","Defend_B"]},{"damage_healed":0,"gold_gain":0,"player_choice":"Grow","damage_taken":0,"max_hp_gain":0,"max_hp_loss":0,"event_name":"Living Wall","floor":3,"gold_loss":0,"cards_upgraded":["Zap"]},{"cards_removed":["Strike_B"],"damage_healed":0,"gold_gain":0,"player_choice":"Card Removal","damage_taken":7,"max_hp_gain":0,"max_hp_loss":0,"event_name":"Golden Wing","floor":10,"gold_loss":0},{"damage_healed":0,"gold_gain":175,"player_choice":"AGREE","damage_taken":0,"max_hp_gain":0,"max_hp_loss":0,"event_name":"Liars Game","floor":14,"gold_loss":0,"cards_obtained":["Doubt"]},{"damage_healed":29,"gold_gain":0,"player_choice":"Heal","damage_taken":0,"max_hp_gain":0,"max_hp_loss":0,"event_name":"The Library","floor":19,"gold_loss":0},{"damage_healed":0,"gold_gain":0,"player_choice":"Fight","damage_taken":0,"max_hp_gain":0,"max_hp_loss":0,"event_name":"Colosseum","floor":20,"gold_loss":0},{"damage_healed":0,"gold_gain":0,"player_choice":"Fought Nobs","damage_taken":0,"max_hp_gain":0,"max_hp_loss":0,"event_name":"Colosseum","floor":20,"gold_loss":0}],"is_beta":false,"boss_relics":[{"not_picked":["White Beast Statue","Fusion Hammer"],"picked":"Inserter"}],"items_purged_floors":[],"is_endless":false,"potions_floor_spawned":[1,6,8,12],"killed_by":"Colosseum Nobs","ascension_level":10}