{"path_per_floor":["M","?","?","$","$","M","R","E","T","M","R","T","M","M","R","B",null,"M","$","?","M","M"],"character_chosen":"DEFECT","items_purchased":["Gash","Stack"],"gold_per_floor":[112,112,112,39,13,31,31,62,62,72,72,72,88,107,107,212,212,224,149,149,164,178,178],"floor_reached":23,"campfire_rested":3,"playtime":1063,"current_hp_per_floor":[75,33,33,33,33,32,69,41,41,40,75,75,63,33,70,51,75,43,43,43,27,14,0],"items_purged":["Strike_B"],"gold":178,"score":191,"play_id":"dbbec8ab-79c3-4e90-8dde-e386c8f95a94","local_time":"20180429114947","is_prod":false,"is_daily":false,"chose_seed":false,"is_ascension_mode":false,"campfire_upgraded":0,"timestamp":1525024187,"path_taken":["M","?","?","?","$","M","R","E","T","?","R","?","M","M","R","BOSS","M","$","?","M","M","M"],"build_version":"2018-04-27v3","seed_source_timestamp":1542819669624345,"purchased_purges":1,"victory":false,"master_deck":["Strike_B","Strike_B","Defend_B","Defend_B","Defend_B","Defend_B","Zap","Dualcast","Darkness","Gash","Stack","Impulse","Hologram","Ball Lightning","Chaos","Cold Snap","Redo","Injury","Injury","Regret","Axe Kick","Ball Lightning+1","Sunder"],"max_hp_per_floor":[75,75,75,75,75,75,75,75,75,75,75,75,75,75,75,75,75,75,75,75,75,75,75],"relics":["Cracked Core","Regal Pillow","Art of War","Blue Candle","Bag of Marbles","Calling Bell","DataDisk","Meat on the Bone","Sundial","Kunai"],"card_choices":[{"not_picked":["FTL","Barrage"],"picked":"Darkness","floor":1},{"not_picked":["Rebound","Loop"],"picked":"Impulse","floor":6},{"not_picked":["Reinforced Body","Stack"],"picked":"Hologram","floor":8},{"not_picked":["Stack","Rebound"],"picked":"Ball Lightning","floor":10},{"not_picked":["White Noise","Streamline"],"picked":"Chaos","floor":13},{"not_picked":["Steam Power","Go for the Eyes"],"picked":"Cold Snap","floor":14},{"not_picked":["Hyperbeam","Nova"],"picked":"Redo","floor":16},{"not_picked":["Blaster","Rebound"],"picked":"Axe Kick","floor":18},{"not_picked":["Chaos","Stack"],"picked":"Ball Lightning","floor":21},{"not_picked":["Rebound","Leap"],"picked":"Sunder","floor":22}],"player_experience":319068,"potions_floor_usage":[22,22,23,23],"damage_taken":[{"damage":0,"enemies":"Small Slimes","floor":1,"turns":5},{"damage":1,"enemies":"Jaw Worm","floor":6,"turns":4},{"damage":28,"enemies":"Lagavulin","floor":8,"turns":6},{"damage":1,"enemies":"Cultist","floor":10,"turns":5},{"damage":12,"enemies":"2 Fungi Beasts","floor":13,"turns":3},{"damage":30,"enemies":"Lots of Slimes","floor":14,"turns":4},{"damage":19,"enemies":"The Guardian","floor":16,"turns":11},{"damage":32,"enemies":"3 Byrds","floor":18,"turns":4},{"damage":28,"enemies":"Shell Parasite","floor":21,"turns":6},{"damage":25,"enemies":"3 Cultists","floor":22,"turns":4},{"damage":15,"enemies":"Snake Plant","floor":23,"turns":2}],"event_choices":[{"event_name":"Scrap Ooze","player_choice":"success","floor":2,"damage_taken":42},{"event_name":"Bonfire Elementals","player_choice":"BASIC","floor":3,"damage_taken":0},{"event_name":"The Mausoleum","player_choice":"Yes","floor":20,"damage_taken":0}],"boss_relics":[{"not_picked":["Snecko Eye","Runic Dome"],"picked":"Calling Bell"}],"potions_floor_spawned":[1,8,10,14,21,22],"seed_played":"1077339202346273380","killed_by":"Snake Plant","ascension_level":0,"is_trial":false}