{"gold_per_floor":[114,134,36,53,3,22,22,50,50,50,67,67,67,87,87,191,191,205,229,262,140,140,140,15,15,15,347,347,347,375,112,112,207,207,223,223,73,87,101,101,135,135,135,170,170,218,218,233,233,233,233,233,34,65,65],"floor_reached":55,"playtime":7848,"items_purged":["Strike_R","Defend_R","Defend_R","Battle Trance","Defend_R"],"score":892,"play_id":"699a7e32-74be-460e-b114-66265f09d173","local_time":"20190213220853","is_ascension_mode":true,"campfire_choices":[{"data":"True Grit","floor":7.0,"key":"SMITH"},{"data":"Thunderclap","floor":10.0,"key":"SMITH"},{"data":"Pommel Strike","floor":13.0,"key":"SMITH"},{"data":"Power Through","floor":15.0,"key":"SMITH"},{"data":"Ghostly","floor":23.0,"key":"SMITH"},{"data":"Ghostly","floor":25.0,"key":"SMITH"},{"data":"Bludgeon","floor":29.0,"key":"SMITH"},{"data":"Secret Technique","floor":32.0,"key":"SMITH"},{"floor":40.0,"key":"RECALL"},{"data":"True Grit","floor":42.0,"key":"SMITH"},{"data":"Double Tap","floor":45.0,"key":"SMITH"},{"data":"Bludgeon","floor":49.0,"key":"SMITH"},{"data":"Ghostly","floor":52.0,"key":"SMITH"}],"neow_cost":"NONE","seed_source_timestamp":0,"circlet_count":0,"master_deck":["Defend_R","Bash","Double Tap+1","True Grit+1","Pommel Strike+1","Shrug It Off+1","Thunderclap+1","Power Through+1","Metallicize","Feel No Pain","Bludgeon+1","Sword Boomerang+1","True Grit+1","Ghostly+1","Ghostly+1","Ghostly","Ghostly","Ghostly+1","Shrug It Off+1","Bite","Bite","Bite","Bite","Bite","Clothesline","Discovery","Secret Technique+1","Bludgeon+1","Heavy Blade+1","Heavy Blade","Double Tap"],"special_seed":0,"relics":["Burning Blood","StoneCalendar","Bird Faced Urn","Mark of Pain","Bag of Marbles","Red Mask","Paper Frog","Old Coin","Bronze Scales","Snecko Eye","Pocketwatch","Potion Belt","Juzu Bracelet","Bag of Preparation","Happy Flower"],"potions_floor_usage":[55],"damage_taken":[{"damage":1.0,"enemies":"Cultist","floor":1.0,"turns":3.0},{"damage":6.0,"enemies":"2 Louse","floor":2.0,"turns":3.0},{"damage":7.0,"enemies":"Small Slimes","floor":4.0,"turns":3.0},{"damage":9.0,"enemies":"Looter","floor":6.0,"turns":4.0},{"damage":17.0,"enemies":"3 Sentries","floor":8.0,"turns":14.0},{"damage":2.0,"enemies":"Exordium Thugs","floor":11.0,"turns":5.0},{"damage":1.0,"enemies":"Lots of Slimes","floor":14.0,"turns":2.0},{"damage":20.0,"enemies":"Slime Boss","floor":16.0,"turns":10.0},{"damage":11.0,"enemies":"Shell Parasite","floor":18.0,"turns":5.0},{"damage":34.0,"enemies":"Masked Bandits","floor":20.0,"turns":5.0},{"damage":19.0,"enemies":"Slavers","floor":27.0,"turns":7.0},{"damage":0.0,"enemies":"Gremlin Leader","floor":30.0,"turns":3.0},{"damage":27.0,"enemies":"Automaton","floor":33.0,"turns":12.0},{"damage":0.0,"enemies":"Orb Walker","floor":35.0,"turns":1.0},{"damage":2.0,"enemies":"3 Shapes","floor":38.0,"turns":4.0},{"damage":1.0,"enemies":"Spire Growth","floor":39.0,"turns":6.0},{"damage":3.0,"enemies":"Nemesis","floor":41.0,"turns":5.0},{"damage":28.0,"enemies":"Reptomancer","floor":44.0,"turns":7.0},{"damage":0.0,"enemies":"Transient","floor":48.0,"turns":5.0},{"damage":35.0,"enemies":"Donu and Deca","floor":50.0,"turns":10.0},{"damage":12,"enemies":"Shield and Spear","floor":54,"turns":7},{"damage":67,"enemies":"The Heart","floor":55,"turns":3}],"seed_played":"2393108478270980096","potions_obtained":[{"floor":4.0,"key":"Explosive Potion"},{"floor":14.0,"key":"EssenceOfSteel"},{"floor":16.0,"key":"SkillPotion"},{"floor":18.0,"key":"Energy Potion"},{"floor":30.0,"key":"SkillPotion"},{"floor":41.0,"key":"Dexterity Potion"},{"floor":48.0,"key":"Dexterity Potion"},{"floor":54,"key":"FearPotion"}],"is_trial":false,"path_per_floor":["M","M","$","M","?","M","R","E","T","R","M","?","R","M","R","B",null,"M","T","?","$","?","R","$","R","T","E","?","R","E","$","R","B",null,"M","?","$","M","M","R","E","R","T","E","R","T","?","M","R","B",null,"R","$","E","B"],"character_chosen":"IRONCLAD","items_purchased":["Shrug It Off","True Grit","Discovery","Secret Technique","Heavy Blade"],"campfire_rested":0,"item_purchase_floors":[3,21,31,31,53],"current_hp_per_floor":[80,80,80,79,79,76,76,65,65,65,69,69,69,74,74,64,80,75,75,47,47,40,40,40,40,40,29,28,28,28,28,28,17,28,28,28,28,28,28,28,28,28,28,12,12,12,12,28,28,9,28,28,28,26,0],"gold":65,"neow_bonus":"ONE_RANDOM_RARE_CARD","is_prod":false,"is_daily":false,"chose_seed":false,"campfire_upgraded":12,"win_rate":0,"timestamp":1550113733,"path_taken":["M","?","$","M","?","M","R","E","T","R","M","?","R","M","R","BOSS","M","?","?","$","?","R","$","R","T","E","?","R","E","?","R","BOSS","M","?","$","?","M","R","E","R","T","E","R","?","?","M","R","BOSS","R","$","E","BOSS"],"build_version":"2019-01-23","purchased_purges":5,"victory":false,"max_hp_per_floor":[80,80,80,80,80,80,80,80,80,80,80,80,80,80,80,80,80,80,80,80,80,40,40,40,40,40,40,28,28,28,28,28,28,28,28,28,28,28,28,28,28,28,28,28,28,28,28,28,28,28,28,28,28,28,28],"card_choices":[{"not_picked":["Pummel","Sword Boomerang"],"picked":"True Grit","floor":1.0},{"not_picked":["Feel No Pain","Anger"],"picked":"Pommel Strike","floor":2.0},{"not_picked":["Cleave","Heavy Blade"],"picked":"Thunderclap","floor":4.0},{"not_picked":["Bloodletting","Clash"],"picked":"Power Through","floor":6.0},{"not_picked":["Hemokinesis","Flex","Fire Breathing"],"picked":"SKIP","floor":8.0},{"not_picked":["Headbutt","Feel No Pain"],"picked":"Metallicize","floor":11.0},{"not_picked":["Warcry","Limit Break"],"picked":"Feel No Pain","floor":14.0},{"not_picked":["Impervious","Limit Break"],"picked":"Bludgeon","floor":16.0},{"not_picked":["Pommel Strike","Whirlwind"],"picked":"Sword Boomerang+1","floor":18.0},{"not_picked":["Pommel Strike+1","Thunderclap+1"],"picked":"Battle Trance","floor":20.0},{"not_picked":["Flame Barrier","Dual Wield"],"picked":"Shrug It Off+1","floor":27.0},{"not_picked":["Rage","Second Wind+1"],"picked":"Clothesline","floor":30.0},{"not_picked":["Brutality","Impervious"],"picked":"Bludgeon","floor":33.0},{"not_picked":["Flex+1","Sword Boomerang+1","Rupture"],"picked":"SKIP","floor":35.0},{"not_picked":["Clash","True Grit+1","Havoc+1"],"picked":"SKIP","floor":38.0},{"not_picked":["Anger","Battle Trance+1","Feel No Pain+1"],"picked":"SKIP","floor":39.0},{"not_picked":["Reaper","Cleave+1"],"picked":"Heavy Blade+1","floor":41.0},{"not_picked":["Seeing Red+1","Shrug It Off","Anger+1"],"picked":"SKIP","floor":44.0},{"not_picked":["Clash","Power Through","Rage"],"picked":"SKIP","floor":48.0},{"not_picked":["Cleave","Warcry+1"],"picked":"Double Tap","floor":54}],"player_experience":198178,"relics_obtained":[{"floor":8.0,"key":"StoneCalendar"},{"floor":9.0,"key":"Bird Faced Urn"},{"floor":19.0,"key":"Bag of Marbles"},{"floor":20.0,"key":"Red Mask"},{"floor":26.0,"key":"Paper Frog"},{"floor":27.0,"key":"Old Coin"},{"floor":30.0,"key":"Bronze Scales"},{"floor":41.0,"key":"Potion Belt"},{"floor":44.0,"key":"Juzu Bracelet"},{"floor":46.0,"key":"Bag of Preparation"},{"floor":54,"key":"Happy Flower"}],"event_choices":[{"cards_removed":["Strike_R"],"damage_healed":0.0,"max_hp_gain":0.0,"max_hp_loss":0.0,"gold_gain":0.0,"event_name":"The Cleric","player_choice":"Card Removal","floor":5.0,"gold_loss":50.0,"damage_taken":0.0},{"damage_healed":0.0,"max_hp_gain":0.0,"max_hp_loss":0.0,"gold_gain":0.0,"event_name":"Accursed Blacksmith","player_choice":"Forge","floor":12.0,"gold_loss":0.0,"damage_taken":0.0,"cards_upgraded":["Shrug It Off"]},{"damage_healed":0.0,"max_hp_gain":0.0,"max_hp_loss":0.0,"gold_gain":0.0,"event_name":"Masked Bandits","player_choice":"Fought Bandits","floor":20.0,"gold_loss":0.0,"damage_taken":0.0},{"damage_healed":0.0,"max_hp_gain":0.0,"max_hp_loss":40.0,"gold_gain":0.0,"event_name":"Ghosts","player_choice":"Became a Ghost","floor":22.0,"gold_loss":0.0,"damage_taken":0.0,"cards_obtained":["Ghostly","Ghostly","Ghostly","Ghostly","Ghostly"]},{"damage_healed":0.0,"max_hp_gain":0.0,"max_hp_loss":12.0,"gold_gain":0.0,"event_name":"Vampires","player_choice":"Became a vampire","floor":28.0,"gold_loss":0.0,"damage_taken":0.0,"cards_obtained":["Bite","Bite","Bite","Bite","Bite"]},{"damage_healed":0.0,"max_hp_gain":0.0,"max_hp_loss":0.0,"gold_gain":0.0,"event_name":"WeMeetAgain","player_choice":"Gave Potion","floor":36.0,"gold_loss":0.0,"damage_taken":0.0,"relics_obtained":["Pocketwatch"]},{"damage_healed":0.0,"max_hp_gain":0.0,"max_hp_loss":0.0,"gold_gain":0.0,"event_name":"Match and Keep!","player_choice":"0 cards matched","floor":47.0,"gold_loss":0.0,"damage_taken":0.0,"cards_obtained":[]}],"is_beta":false,"boss_relics":[{"not_picked":["Velvet Choker","Runic Pyramid"],"picked":"Mark of Pain"},{"not_picked":["Astrolabe","Calling Bell"],"picked":"Snecko Eye"}],"items_purged_floors":[3,21,24,37,53],"is_endless":false,"potions_floor_spawned":[4,14,16,18,30,41,48,54],"killed_by":"The Heart","ascension_level":3}