{"gold_per_floor":[118,193,193,213,233,233,263,281,329,329,364,42,42,99,99,171,171,184,109,159,159,159,187,187,203,229,263,263,297,71,88,88,162,162,182,195,245,265,104,104,134,148,148,6,34,46,58,88,100,112],"floor_reached":50,"playtime":2543,"items_purged":["Strike_B"],"score":1178,"play_id":"c5fcfec6-5e92-4556-a448-2389b2489d9e","local_time":"20190219185337","is_ascension_mode":true,"campfire_choices":[{"data":"Defragment","floor":6.0,"key":"SMITH"},{"floor":10.0,"key":"REST"},{"data":"Zap","floor":13.0,"key":"SMITH"},{"floor":15.0,"key":"REST"},{"floor":24.0,"key":"REST"},{"data":"Coolheaded","floor":28.0,"key":"SMITH"},{"data":"Hologram","floor":32.0,"key":"SMITH"},{"data":"Creative AI","floor":40.0,"key":"SMITH"},{"data":"Defragment","floor":47,"key":"SMITH"},{"floor":49,"key":"RECALL"}],"neow_cost":"NONE","seed_source_timestamp":0,"circlet_count":0,"master_deck":["AscendersBane","Defend_B","Defend_B","Defend_B","Defend_B","Zap+1","Dualcast","Defragment+1","Self Repair","Steam","Ball Lightning","Self Repair","Ball Lightning","Coolheaded+1","Darkness","Electrodynamics","Steam Power+1","Reboot+1","Necronomicurse","Capacitor","Go for the Eyes+1","Defragment+1","Capacitor","Skim","Coolheaded","Hologram+1","Creative AI+1","Hologram+1","Reinforced Body+1","Defragment+1"],"special_seed":0,"relics":["Cracked Core","NeowsBlessing","Gremlin Horn","Blood Vial","Art of War","DataDisk","Centennial Puzzle","Thread and Needle","Astrolabe","Necronomicon","Pen Nib","Anchor","Strawberry","Potion Belt","Busted Crown","Peace Pipe","Bronze Scales","Orichalcum","MawBank"],"potions_floor_usage":[45],"damage_taken":[{"damage":0.0,"enemies":"Jaw Worm","floor":1.0,"turns":1.0},{"damage":0.0,"enemies":"2 Louse","floor":4.0,"turns":1.0},{"damage":0.0,"enemies":"Cultist","floor":5.0,"turns":1.0},{"damage":25.0,"enemies":"3 Sentries","floor":7.0,"turns":5.0},{"damage":2.0,"enemies":"2 Fungi Beasts","floor":8.0,"turns":4.0},{"damage":24.0,"enemies":"Lagavulin","floor":11.0,"turns":6.0},{"damage":32.0,"enemies":"Lagavulin Event","floor":14.0,"turns":4.0},{"damage":4.0,"enemies":"The Guardian","floor":16.0,"turns":8.0},{"damage":17.0,"enemies":"3 Byrds","floor":18.0,"turns":3.0},{"damage":29.0,"enemies":"Book of Stabbing","floor":23.0,"turns":4.0},{"damage":10.0,"enemies":"Spheric Guardian","floor":25.0,"turns":4.0},{"damage":4.0,"enemies":"Slavers","floor":27.0,"turns":3.0},{"damage":8.0,"enemies":"Book of Stabbing","floor":29.0,"turns":5.0},{"damage":4.0,"enemies":"Centurion and Healer","floor":31.0,"turns":7.0},{"damage":43.0,"enemies":"Collector","floor":33.0,"turns":7.0},{"damage":7.0,"enemies":"3 Darklings","floor":35.0,"turns":3.0},{"damage":0.0,"enemies":"3 Shapes","floor":36.0,"turns":4.0},{"damage":3.0,"enemies":"2 Orb Walkers","floor":37.0,"turns":3.0},{"damage":26.0,"enemies":"Spire Growth","floor":38.0,"turns":6.0},{"damage":4.0,"enemies":"Nemesis","floor":41.0,"turns":7.0},{"damage":0,"enemies":"Transient","floor":42,"turns":6},{"damage":0,"enemies":"Reptomancer","floor":45,"turns":7},{"damage":36,"enemies":"Jaw Worm Horde","floor":48,"turns":3},{"damage":64,"enemies":"Donu and Deca","floor":50,"turns":9}],"seed_played":"-3472250577656361915","potions_obtained":[{"floor":1.0,"key":"Explosive Potion"},{"floor":8.0,"key":"FearPotion"},{"floor":11.0,"key":"Energy Potion"},{"floor":16.0,"key":"Energy Potion"},{"floor":18.0,"key":"AttackPotion"},{"floor":23.0,"key":"Energy Potion"},{"floor":31.0,"key":"Fire Potion"},{"floor":33.0,"key":"Dexterity Potion"},{"floor":35.0,"key":"Strength Potion"},{"floor":38.0,"key":"Strength Potion"}],"is_trial":false,"path_per_floor":["M","?","?","M","M","R","E","M","T","R","E","$","R","?","R","B",null,"M","?","?","$","?","E","R","M","T","E","R","E","$","M","R","B",null,"M","M","?","M","$","R","E","M","T","$","E","?","R","M","R","B"],"character_chosen":"DEFECT","items_purchased":["Ball Lightning","Centennial Puzzle","Coolheaded","Skim","Coolheaded","Regen Potion","Bronze Scales","Defragment","PowerPotion"],"campfire_rested":3,"item_purchase_floors":[12,12,12,30,30,30,39,44,44],"current_hp_per_floor":[64,53,48,48,48,48,23,30,30,51,36,36,36,13,34,39,63,62,62,62,62,41,14,35,41,41,60,60,61,61,78,78,49,71,78,78,78,66,66,66,78,78,78,78,78,78,78,49,49,0],"gold":112,"neow_bonus":"THREE_ENEMY_KILL","is_prod":false,"is_daily":false,"chose_seed":false,"campfire_upgraded":6,"win_rate":0,"timestamp":1550620417,"path_taken":["M","?","?","?","M","R","E","?","T","R","E","$","R","?","R","BOSS","M","?","?","?","?","E","R","M","T","E","R","E","$","?","R","BOSS","M","?","?","M","$","R","E","M","T","$","E","?","R","M","R","BOSS"],"build_version":"2019-01-23","purchased_purges":1,"victory":false,"max_hp_per_floor":[71,71,71,71,71,71,71,71,71,71,71,71,71,71,71,71,71,71,71,71,71,71,71,71,71,71,78,78,78,78,78,78,78,78,78,78,78,78,78,78,78,78,78,78,78,78,78,78,78,78],"card_choices":[{"not_picked":["Doom and Gloom","Go for the Eyes"],"picked":"Defragment","floor":1.0},{"not_picked":["BootSequence","Undo"],"picked":"Self Repair","floor":4.0},{"not_picked":["Hologram","Turbo"],"picked":"Rebound","floor":5.0},{"not_picked":["Scrape","Chaos"],"picked":"Steam","floor":7.0},{"not_picked":["Aggregate","Stack"],"picked":"Ball Lightning","floor":8.0},{"not_picked":["Aggregate","Darkness"],"picked":"Self Repair","floor":11.0},{"not_picked":["Rebound","Reprogram"],"picked":"Darkness","floor":14.0},{"not_picked":["Biased Cognition","Multi-Cast"],"picked":"Electrodynamics","floor":16.0},{"not_picked":["Ball Lightning","Force Field","White Noise"],"picked":"SKIP","floor":18.0},{"not_picked":["Tempest","Steam"],"picked":"Capacitor","floor":23.0},{"not_picked":["Hologram","Genetic Algorithm"],"picked":"Go for the Eyes+1","floor":25.0},{"not_picked":["Auto Shields","Compile Driver"],"picked":"Defragment+1","floor":27.0},{"not_picked":["Chaos+1","Electrodynamics"],"picked":"Capacitor","floor":29.0},{"not_picked":["Compile Driver+1","Melter+1"],"picked":"Hologram","floor":31.0},{"not_picked":["Amplify","Buffer"],"picked":"Creative AI","floor":33.0},{"not_picked":[],"picked":"Hologram+1","floor":35.0},{"not_picked":["Compile Driver"],"picked":"SKIP","floor":36.0},{"not_picked":[],"picked":"Reinforced Body+1","floor":38.0},{"not_picked":["Melter"],"picked":"SKIP","floor":41},{"not_picked":["Steam"],"picked":"SKIP","floor":42},{"not_picked":["Turbo+1"],"picked":"SKIP","floor":45},{"not_picked":["Leap"],"picked":"SKIP","floor":48}],"player_experience":670946,"relics_obtained":[{"floor":7.0,"key":"Blood Vial"},{"floor":9.0,"key":"Art of War"},{"floor":11.0,"key":"DataDisk"},{"floor":14.0,"key":"Thread and Needle"},{"floor":22.0,"key":"Necronomicon"},{"floor":23.0,"key":"Pen Nib"},{"floor":26.0,"key":"Anchor"},{"floor":27.0,"key":"Strawberry"},{"floor":29.0,"key":"Potion Belt"},{"floor":37.0,"key":"Peace Pipe"},{"floor":41,"key":"Orichalcum"},{"floor":45,"key":"MawBank"}],"event_choices":[{"damage_healed":0.0,"max_hp_gain":0.0,"max_hp_loss":0.0,"gold_gain":75.0,"event_name":"World of Goop","player_choice":"Gather Gold","floor":2.0,"gold_loss":0.0,"damage_taken":11.0},{"damage_healed":0.0,"max_hp_gain":0.0,"max_hp_loss":0.0,"gold_gain":0.0,"event_name":"Scrap Ooze","player_choice":"Success","floor":3.0,"gold_loss":0.0,"damage_taken":5.0,"relics_obtained":["Gremlin Horn"]},{"damage_healed":0.0,"max_hp_gain":0.0,"max_hp_loss":0.0,"gold_gain":0.0,"event_name":"Dead Adventurer","player_choice":"Searched \u00271\u0027 times","floor":14.0,"gold_loss":0.0,"damage_taken":0.0},{"cards_removed":["Streamline"],"damage_healed":0.0,"max_hp_gain":0.0,"max_hp_loss":0.0,"gold_gain":0.0,"event_name":"Beggar","player_choice":"Gave Gold","floor":19.0,"gold_loss":75.0,"damage_taken":0.0},{"damage_healed":0.0,"max_hp_gain":0.0,"max_hp_loss":0.0,"gold_gain":50.0,"event_name":"Nest","player_choice":"Stole From Cult","floor":20.0,"gold_loss":0.0,"damage_taken":0.0},{"damage_healed":0.0,"max_hp_gain":0.0,"max_hp_loss":0.0,"gold_gain":0.0,"event_name":"Cursed Tome","player_choice":"Obtained Book","floor":22.0,"gold_loss":0.0,"damage_taken":21.0},{"damage_healed":0.0,"max_hp_gain":0.0,"max_hp_loss":0.0,"gold_gain":0.0,"event_name":"Mysterious Sphere","player_choice":"Fight","floor":37.0,"gold_loss":0.0,"damage_taken":0.0},{"cards_removed":["Rebound"],"damage_healed":0,"gold_gain":0,"player_choice":"Removed Attack","damage_taken":0,"max_hp_gain":0,"max_hp_loss":0,"event_name":"Falling","floor":46,"gold_loss":0}],"is_beta":false,"boss_relics":[{"not_picked":["Eternal Feather","White Beast Statue"],"picked":"Astrolabe"},{"not_picked":["Nuclear Battery","Tiny House"],"picked":"Busted Crown"}],"items_purged_floors":[12],"is_endless":false,"potions_floor_spawned":[1,8,11,16,18,23,31,33,35,38],"killed_by":"Donu and Deca","ascension_level":20}