{"gold_per_floor":[109,109,127,127,142,169,169,189,212,17,17],"floor_reached":11,"playtime":535,"items_purged":[],"score":80,"play_id":"dc7ba98f-f826-4b19-9944-a7d3c99d8592","local_time":"20190301183651","is_ascension_mode":true,"campfire_choices":[{"floor":7,"key":"REST"}],"neow_cost":"NONE","seed_source_timestamp":1296812857026100,"circlet_count":0,"master_deck":["Strike_R","Strike_R","Strike_R","Strike_R","Strike_R","Defend_R","Defend_R","Defend_R","Defend_R","Bash","Dual Wield","Body Slam","Rampage","Dropkick"],"relics":["Burning Blood","NeowsBlessing","Dream Catcher","Singing Bowl","Potion Belt","PreservedInsect"],"potions_floor_usage":[6,6,11],"damage_taken":[{"damage":0,"enemies":"2 Louse","floor":1,"turns":1},{"damage":0,"enemies":"Jaw Worm","floor":3,"turns":1},{"damage":0,"enemies":"Cultist","floor":5,"turns":1},{"damage":57,"enemies":"3 Sentries","floor":6,"turns":16},{"damage":14,"enemies":"3 Louse","floor":8,"turns":4},{"damage":34,"enemies":"Lagavulin","floor":11,"turns":6}],"seed_played":"7233419185001880600","potions_obtained":[{"floor":1,"key":"GamblersBrew"},{"floor":5,"key":"Dexterity Potion"},{"floor":8,"key":"Ancient Potion"}],"is_trial":false,"path_per_floor":["M","?","M","T","M","E","R","M","T","$","E"],"character_chosen":"IRONCLAD","items_purchased":["PreservedInsect","Dexterity Potion"],"campfire_rested":1,"item_purchase_floors":[10,10],"current_hp_per_floor":[80,55,61,61,67,16,42,34,34,34,0],"gold":17,"neow_bonus":"THREE_ENEMY_KILL","is_prod":false,"is_daily":false,"chose_seed":false,"campfire_upgraded":0,"win_rate":0,"timestamp":1551425811,"path_taken":["M","?","M","?","?","E","R","M","T","$","E"],"build_version":"2019-01-23","purchased_purges":0,"victory":false,"max_hp_per_floor":[80,80,80,80,80,80,82,82,82,82,82],"card_choices":[{"not_picked":["Havoc","Headbutt"],"picked":"Dual Wield","floor":1},{"not_picked":["Reckless Charge","Bloodletting","Whirlwind"],"picked":"SKIP","floor":3},{"not_picked":["Headbutt","Clash"],"picked":"Body Slam","floor":5},{"not_picked":["Thunderclap","Flex"],"picked":"Rampage","floor":6},{"not_picked":["Second Wind","Twin Strike","Body Slam"],"picked":"Singing Bowl","floor":7},{"not_picked":["Wild Strike","Corruption"],"picked":"Dropkick","floor":8}],"player_experience":207734,"relics_obtained":[{"floor":4,"key":"Singing Bowl"},{"floor":6,"key":"Potion Belt"}],"event_choices":[{"damage_healed":0,"gold_gain":0,"player_choice":"Success","damage_taken":25,"relics_obtained":["Dream Catcher"],"max_hp_gain":0,"max_hp_loss":0,"event_name":"Scrap Ooze","floor":2,"gold_loss":0}],"is_beta":false,"boss_relics":[],"items_purged_floors":[],"is_endless":false,"potions_floor_spawned":[1,5,8],"killed_by":"Lagavulin","ascension_level":2}