{"gold_per_floor":[109,259,334,347,83,83,113,113,113,113,113,148,148,183,183,183],"floor_reached":16,"playtime":478,"items_purged":["Doubt"],"score":328,"play_id":"6b8a94f8-bcfc-4781-86f0-1888de444e8f","local_time":"20190220104055","is_ascension_mode":true,"campfire_choices":[{"data":"Uppercut","floor":6,"key":"SMITH"},{"data":"Shrug It Off","floor":8,"key":"SMITH"},{"data":"Iron Wave","floor":10,"key":"SMITH"},{"data":"True Grit","floor":13,"key":"SMITH"},{"data":"Bash","floor":15,"key":"SMITH"}],"neow_cost":"NONE","seed_source_timestamp":274371717318389,"circlet_count":0,"master_deck":["AscendersBane","Strike_R","Strike_R","Strike_R","Strike_R","Strike_R","Defend_R","Defend_R","Defend_R","Defend_R","Bash+1","Iron Wave+1","Uppercut+1","Impervious","Shrug It Off+1","Offering","True Grit+1","Metallicize"],"relics":["Burning Blood","NeowsBlessing","Omamori","Juzu Bracelet","Golden Idol","Bag of Preparation","Question Card"],"potions_floor_usage":[12,14,16],"damage_taken":[{"damage":0,"enemies":"Jaw Worm","floor":1,"turns":1},{"damage":0,"enemies":"2 Louse","floor":4,"turns":1},{"damage":0,"enemies":"Lagavulin","floor":7,"turns":1},{"damage":6,"enemies":"3 Sentries","floor":12,"turns":11},{"damage":13,"enemies":"Lagavulin","floor":14,"turns":8},{"damage":42,"enemies":"Hexaghost","floor":16,"turns":11}],"seed_played":"-8471877862279928371","potions_obtained":[{"floor":1,"key":"Dexterity Potion"},{"floor":14,"key":"GamblersBrew"}],"is_trial":false,"path_per_floor":["M","?","?","M","$","R","E","R","T","R","?","E","R","E","R","B"],"character_chosen":"IRONCLAD","items_purchased":["Impervious","Shrug It Off","PowerPotion"],"campfire_rested":0,"item_purchase_floors":[5,5,5],"current_hp_per_floor":[74,74,63,69,69,69,75,75,75,75,49,49,49,42,42,0],"gold":183,"neow_bonus":"THREE_ENEMY_KILL","is_prod":false,"is_daily":false,"chose_seed":false,"campfire_upgraded":5,"win_rate":0,"timestamp":1550677255,"path_taken":["M","?","?","?","$","R","E","R","T","R","?","E","R","E","R","BOSS"],"build_version":"2019-01-23","purchased_purges":1,"victory":false,"max_hp_per_floor":[75,75,75,75,75,75,75,75,75,75,75,75,75,75,75,75],"card_choices":[{"not_picked":["Carnage","Sword Boomerang"],"picked":"Iron Wave","floor":1},{"not_picked":["Anger","Headbutt"],"picked":"Uppercut","floor":4},{"not_picked":["Uppercut","Sentinel"],"picked":"Offering","floor":7},{"not_picked":["Heavy Blade","Ghostly Armor"],"picked":"True Grit","floor":12},{"not_picked":["Cleave","Iron Wave"],"picked":"Metallicize","floor":14}],"player_experience":676568,"relics_obtained":[{"floor":7,"key":"Omamori"},{"floor":9,"key":"Juzu Bracelet"},{"floor":12,"key":"Bag of Preparation"},{"floor":14,"key":"Question Card"}],"event_choices":[{"damage_healed":0,"gold_gain":150,"player_choice":"AGREE","damage_taken":0,"max_hp_gain":0,"max_hp_loss":0,"event_name":"Liars Game","floor":2,"gold_loss":0,"cards_obtained":["Doubt"]},{"damage_healed":0,"gold_gain":75,"player_choice":"Gather Gold","damage_taken":11,"max_hp_gain":0,"max_hp_loss":0,"event_name":"World of Goop","floor":3,"gold_loss":0},{"damage_healed":0,"gold_gain":0,"player_choice":"Take Damage","damage_taken":26,"relics_obtained":["Golden Idol"],"max_hp_gain":0,"max_hp_loss":0,"event_name":"Golden Idol","floor":11,"gold_loss":0}],"is_beta":false,"boss_relics":[],"items_purged_floors":[5],"is_endless":false,"potions_floor_spawned":[1,14],"killed_by":"Hexaghost","ascension_level":20}