{"gold_per_floor":[363,16,34,53,64,64,81,81,81,93,124,136,136,150,150,224,224,241,241,261,261],"floor_reached":21,"playtime":967,"items_purged":[],"score":420,"play_id":"e40e5c73-5d9c-4913-9df3-63654cac32aa","local_time":"20181129155247","is_ascension_mode":true,"campfire_choices":[{"data":"Bash","floor":6,"key":"SMITH"},{"data":"Heavy Blade","floor":8,"key":"SMITH"},{"data":"Spot Weakness","floor":13,"key":"SMITH"},{"data":"Shrug It Off","floor":15,"key":"SMITH"}],"neow_cost":"PERCENT_DAMAGE","seed_source_timestamp":1304899838768615,"circlet_count":0,"master_deck":["AscendersBane","Bash+1","Spot Weakness+1","Ghostly Armor","Shrug It Off+1","Heavy Blade+1","Fiend Fire","Headbutt","Battle Trance","Offering","Havoc","Perfected Strike","Dual Wield","Whirlwind","Cleave","Clothesline","Uppercut","Headbutt","Body Slam","Sentinel"],"relics":["Burning Blood","Meat on the Bone","Paper Frog","Unceasing Top","Pandora\u0027s Box"],"potions_floor_usage":[11,12,16,18],"damage_taken":[{"damage":33,"enemies":"Jaw Worm","floor":1,"turns":7},{"damage":11,"enemies":"Small Slimes","floor":3,"turns":4},{"damage":2,"enemies":"2 Louse","floor":4,"turns":4},{"damage":28,"enemies":"Large Slime","floor":5,"turns":8},{"damage":22,"enemies":"3 Louse","floor":7,"turns":4},{"damage":12,"enemies":"Exordium Wildlife","floor":10,"turns":3},{"damage":22,"enemies":"3 Sentries","floor":11,"turns":6},{"damage":25,"enemies":"Gremlin Gang","floor":12,"turns":6},{"damage":7,"enemies":"Looter","floor":14,"turns":3},{"damage":32,"enemies":"Hexaghost","floor":16,"turns":6},{"damage":15,"enemies":"Chosen","floor":18,"turns":4},{"damage":17,"enemies":"Spheric Guardian","floor":20,"turns":3},{"damage":45,"enemies":"Centurion and Healer","floor":21,"turns":6}],"seed_played":"-8206943996460170311","potions_obtained":[{"floor":3,"key":"LiquidBronze"},{"floor":4,"key":"Ancient Potion"},{"floor":7,"key":"Regen Potion"},{"floor":11,"key":"Ancient Potion"},{"floor":14,"key":"SteroidPotion"},{"floor":20,"key":"SkillPotion"}],"is_trial":false,"path_per_floor":["M","$","M","M","M","R","M","R","T","M","E","M","R","M","R","B",null,"M","?","M","M"],"character_chosen":"IRONCLAD","items_purchased":["Meat on the Bone","Ghostly Armor"],"campfire_rested":0,"item_purchase_floors":[2,2],"current_hp_per_floor":[23,23,30,46,36,36,32,32,32,38,49,42,42,53,53,39,66,57,36,37,0],"gold":261,"neow_bonus":"TWO_FIFTY_GOLD","is_prod":false,"is_daily":false,"chose_seed":false,"campfire_upgraded":4,"win_rate":0,"timestamp":1543524767,"path_taken":["M","$","M","M","M","R","M","R","T","M","E","M","R","M","R","BOSS","M","?","M","M"],"build_version":"2018-11-15","purchased_purges":0,"victory":false,"max_hp_per_floor":[75,75,75,75,75,75,75,75,75,75,75,75,75,75,75,75,75,75,80,80,80],"card_choices":[{"not_picked":["Armaments","Clash"],"picked":"Spot Weakness","floor":1},{"not_picked":["Pommel Strike","Sever Soul"],"picked":"Shrug It Off","floor":3},{"not_picked":["Sentinel","Body Slam"],"picked":"Heavy Blade","floor":4},{"not_picked":["Headbutt","Twin Strike","Flex"],"picked":"SKIP","floor":5},{"not_picked":["Perfected Strike","Heavy Blade"],"picked":"Fiend Fire","floor":7},{"not_picked":["Dropkick","Clothesline"],"picked":"Headbutt","floor":10},{"not_picked":["Headbutt","Clothesline","Dropkick"],"picked":"SKIP","floor":11},{"not_picked":["Body Slam","Havoc","Flex"],"picked":"SKIP","floor":12},{"not_picked":["Thunderclap","True Grit"],"picked":"Battle Trance","floor":14},{"not_picked":["Brutality","Demon Form"],"picked":"Offering","floor":16},{"not_picked":["Entrench","Twin Strike","Clash+1"],"picked":"SKIP","floor":18},{"not_picked":["Corruption","Clash"],"picked":"Sentinel","floor":20}],"player_experience":548173,"relics_obtained":[{"floor":9,"key":"Paper Frog"},{"floor":11,"key":"Unceasing Top"}],"event_choices":[{"damage_healed":0,"gold_gain":0,"player_choice":"Shed Blood","damage_taken":26,"max_hp_gain":5,"max_hp_loss":0,"event_name":"Forgotten Altar","floor":19,"gold_loss":0}],"is_beta":false,"boss_relics":[{"not_picked":["Runic Pyramid","Black Blood"],"picked":"Pandora\u0027s Box"}],"items_purged_floors":[],"is_endless":false,"potions_floor_spawned":[3,4,7,11,14,20],"killed_by":"Centurion and Healer","ascension_level":20}