{"gold_per_floor":[20,33,50,50,50,85,110,149,149,149,180,262,262,280,280,410,410,423,423,194,208,78,146,146,187,210,210,210,288,323,358,370,502,514,550,581,503,540,570,625,637,78,78,103,103,147,147,22,22,22,22,22,22,22],"floor_reached":54,"playtime":4681,"items_purged":["Strike_R","Strike_R","Twin Strike+1"],"score":1083,"play_id":"319dfe0a-3f45-45c8-b982-2c514f98709a","local_time":"20190301151305","is_ascension_mode":true,"campfire_choices":[{"floor":10.0,"key":"REST"},{"data":"Offering","floor":13.0,"key":"SMITH"},{"data":"Entrench","floor":15.0,"key":"SMITH"},{"data":"Battle Trance","floor":24.0,"key":"SMITH"},{"floor":27.0,"key":"REST"},{"floor":32.0,"key":"REST"},{"data":"Battle Trance","floor":41.0,"key":"SMITH"},{"floor":45.0,"key":"RECALL"},{"data":"Uppercut","floor":47.0,"key":"SMITH"},{"data":"Clothesline","floor":49.0,"key":"SMITH"},{"floor":52,"key":"REST"}],"neow_cost":"NO_GOLD","seed_source_timestamp":0,"circlet_count":0,"master_deck":["Defend_R+1","Defend_R","Defend_R","Defend_R","Bash+1","Battle Trance+1","Entrench+1","Armaments+1","Offering+1","Entrench+1","Exhume","Clothesline+1","Barricade","Battle Trance+1","Spot Weakness","True Grit+1","Seeing Red","Body Slam","Uppercut+1","Headbutt","Reaper","Entrench+1","Barricade","Warcry+1","Disarm+1","Power Through+1","Havoc+1"],"special_seed":0,"relics":["Burning Blood","Golden Idol","Letter Opener","Anchor","Whetstone","Pear","Matryoshka","Snecko Eye","Centennial Puzzle","Tiny Chest","Ginger","Pen Nib","Dream Catcher","Self Forming Clay","Toxic Egg 2","Paper Frog","MawBank","Runic Cube","Darkstone Periapt","War Paint","Red Skull"],"potions_floor_usage":[50,50,54],"damage_taken":[{"damage":5.0,"enemies":"Cultist","floor":1.0,"turns":4.0},{"damage":0.0,"enemies":"2 Louse","floor":2.0,"turns":6.0},{"damage":4.0,"enemies":"Small Slimes","floor":3.0,"turns":4.0},{"damage":32.0,"enemies":"Lagavulin","floor":6.0,"turns":7.0},{"damage":0.0,"enemies":"Blue Slaver","floor":7.0,"turns":4.0},{"damage":10.0,"enemies":"3 Sentries","floor":8.0,"turns":7.0},{"damage":15.0,"enemies":"Gremlin Nob","floor":11.0,"turns":3.0},{"damage":0.0,"enemies":"2 Fungi Beasts","floor":14.0,"turns":3.0},{"damage":13.0,"enemies":"Slime Boss","floor":16.0,"turns":8.0},{"damage":6.0,"enemies":"Chosen","floor":18.0,"turns":7.0},{"damage":6.0,"enemies":"Spheric Guardian","floor":21.0,"turns":5.0},{"damage":6.0,"enemies":"Gremlin Leader","floor":23.0,"turns":7.0},{"damage":81.0,"enemies":"Slavers","floor":25.0,"turns":9.0},{"damage":6.0,"enemies":"Gremlin Leader","floor":30.0,"turns":6.0},{"damage":31.0,"enemies":"3 Cultists","floor":31.0,"turns":7.0},{"damage":34.0,"enemies":"Collector","floor":33.0,"turns":13.0},{"damage":6.0,"enemies":"3 Shapes","floor":35.0,"turns":5.0},{"damage":26.0,"enemies":"3 Darklings","floor":36.0,"turns":13.0},{"damage":16.0,"enemies":"Transient","floor":38.0,"turns":5.0},{"damage":7.0,"enemies":"Writhing Mass","floor":39.0,"turns":9.0},{"damage":6.0,"enemies":"Nemesis","floor":40.0,"turns":11.0},{"damage":4.0,"enemies":"Jaw Worm Horde","floor":44.0,"turns":5.0},{"damage":20.0,"enemies":"Giant Head","floor":46.0,"turns":17.0},{"damage":38,"enemies":"Awakened One","floor":50,"turns":26},{"damage":104,"enemies":"Shield and Spear","floor":54,"turns":6}],"seed_played":"-2008085255283600876","potions_obtained":[{"floor":1.0,"key":"FearPotion"},{"floor":6.0,"key":"GamblersBrew"},{"floor":8.0,"key":"Explosive Potion"},{"floor":11.0,"key":"Explosive Potion"},{"floor":23.0,"key":"Swift Potion"},{"floor":25.0,"key":"SpeedPotion"},{"floor":30.0,"key":"BloodPotion"},{"floor":31.0,"key":"Poison Potion"},{"floor":36.0,"key":"GamblersBrew"},{"floor":44.0,"key":"Poison Potion"},{"floor":46.0,"key":"BloodPotion"}],"is_trial":false,"path_per_floor":["M","M","M","?","?","E","M","E","T","R","E","T","R","M","R","B",null,"M","?","$","M","$","E","R","E","T","R","T","T","E","M","R","B",null,"M","M","?","M","M","E","R","$","T","M","R","E","R","$","R","B",null,"R","$","E"],"character_chosen":"IRONCLAD","items_purchased":["Centennial Puzzle","Spot Weakness","True Grit","Barricade","Warcry+1","Disarm+1","War Paint","Swift Potion"],"campfire_rested":4,"item_purchase_floors":[20,22,22,42,42,42,42,42],"current_hp_per_floor":[80,80,80,80,60,34,40,36,36,60,61,61,61,67,67,60,83,83,83,83,83,83,83,83,8,8,35,35,35,35,19,46,18,72,72,90,90,87,90,90,90,90,90,90,90,90,90,90,90,58,82,90,90,0],"gold":22,"neow_bonus":"REMOVE_TWO","is_prod":false,"is_daily":false,"chose_seed":true,"campfire_upgraded":6,"win_rate":0,"timestamp":1551449585,"path_taken":["M","?","M","?","?","E","M","E","T","R","E","?","R","M","R","BOSS","M","?","$","M","$","E","R","E","T","R","?","?","E","M","R","BOSS","M","M","?","M","?","E","R","$","T","M","R","E","R","$","R","BOSS","R","$","E"],"build_version":"2019-01-23","purchased_purges":3,"victory":false,"max_hp_per_floor":[80,80,80,80,80,80,80,80,80,80,90,90,90,90,90,90,90,90,90,90,90,90,90,90,90,90,90,90,90,90,90,90,90,90,90,90,90,90,90,90,90,90,90,90,90,90,90,90,90,90,90,90,90,90],"card_choices":[{"not_picked":["Hemokinesis","True Grit"],"picked":"Battle Trance","floor":1.0},{"not_picked":["Thunderclap","Clash"],"picked":"Entrench","floor":2.0},{"not_picked":["Corruption","Wild Strike"],"picked":"Armaments","floor":3.0},{"not_picked":["Pummel","Warcry"],"picked":"Twin Strike","floor":6.0},{"not_picked":["Rage","Shrug It Off"],"picked":"Offering","floor":7.0},{"not_picked":["Sword Boomerang","Carnage"],"picked":"Entrench","floor":8.0},{"not_picked":["Clash","Combust"],"picked":"Exhume","floor":11.0},{"not_picked":["Anger","Shrug It Off"],"picked":"Clothesline","floor":14.0},{"not_picked":["Limit Break","Demon Form"],"picked":"Barricade","floor":16.0},{"not_picked":["Shrug It Off","Pommel Strike"],"picked":"Battle Trance","floor":18.0},{"not_picked":["Wild Strike","Shrug It Off","Intimidate+1"],"picked":"SKIP","floor":21.0},{"not_picked":["Wild Strike","Pummel"],"picked":"Seeing Red","floor":23.0},{"not_picked":["Rage","Bludgeon"],"picked":"Body Slam","floor":25.0},{"not_picked":["Thunderclap","Whirlwind"],"picked":"Uppercut","floor":30.0},{"not_picked":["True Grit+1","Pommel Strike"],"picked":"Headbutt","floor":31.0},{"not_picked":["Double Tap+1","Juggernaut"],"picked":"Reaper","floor":33.0},{"not_picked":["Sever Soul+1","Anger"],"picked":"Entrench+1","floor":35.0},{"not_picked":["Pommel Strike+1","Evolve+1","Sword Boomerang"],"picked":"SKIP","floor":36.0},{"not_picked":["Infernal Blade+1","Pummel+1","Twin Strike"],"picked":"SKIP","floor":38.0},{"not_picked":["Heavy Blade+1","Flex+1","Havoc+1"],"picked":"SKIP","floor":39.0},{"not_picked":["Heavy Blade+1","Flex+1","Havoc+1"],"picked":"SKIP","floor":39.0},{"not_picked":["Combust","Rage+1","Sword Boomerang"],"picked":"SKIP","floor":40.0},{"not_picked":["Armaments+1","Corruption"],"picked":"Power Through+1","floor":44.0},{"not_picked":["True Grit+1","Exhume+1","Wild Strike+1"],"picked":"SKIP","floor":46.0},{"not_picked":["Clothesline+1","Clash"],"picked":"Havoc+1","floor":52}],"player_experience":283090,"relics_obtained":[{"floor":6.0,"key":"Letter Opener"},{"floor":8.0,"key":"Anchor"},{"floor":9.0,"key":"Whetstone"},{"floor":11.0,"key":"Pear"},{"floor":12.0,"key":"Matryoshka"},{"floor":23.0,"key":"Tiny Chest"},{"floor":25.0,"key":"Ginger"},{"floor":26.0,"key":"Pen Nib"},{"floor":26.0,"key":"Dream Catcher"},{"floor":28.0,"key":"Self Forming Clay"},{"floor":28.0,"key":"Toxic Egg 2"},{"floor":29.0,"key":"Paper Frog"},{"floor":30.0,"key":"MawBank"},{"floor":40.0,"key":"Darkstone Periapt"},{"floor":46.0,"key":"Red Skull"}],"event_choices":[{"damage_healed":0.0,"max_hp_gain":0.0,"max_hp_loss":0.0,"gold_gain":0.0,"event_name":"Living Wall","player_choice":"Grow","floor":4.0,"gold_loss":0.0,"damage_taken":0.0,"cards_upgraded":["Armaments"]},{"damage_healed":0.0,"max_hp_gain":0.0,"max_hp_loss":0.0,"gold_gain":0.0,"event_name":"Golden Idol","player_choice":"Take Damage","floor":5.0,"gold_loss":0.0,"damage_taken":20.0,"relics_obtained":["Golden Idol"]},{"damage_healed":0.0,"max_hp_gain":0.0,"max_hp_loss":0.0,"gold_gain":0.0,"event_name":"Ghosts","player_choice":"Ignored","floor":19.0,"gold_loss":0.0,"damage_taken":0.0},{"cards_removed":["Strike_R"],"damage_healed":0.0,"max_hp_gain":0.0,"max_hp_loss":0.0,"gold_gain":0.0,"event_name":"Designer","player_choice":"Upgrade and Remove","floor":37.0,"gold_loss":90.0,"damage_taken":0.0,"cards_upgraded":["True Grit"]}],"is_beta":false,"boss_relics":[{"not_picked":["Black Star","Black Blood"],"picked":"Snecko Eye"},{"not_picked":["Orrery","Calling Bell"],"picked":"Runic Cube"}],"items_purged_floors":[20,42,48],"is_endless":false,"potions_floor_spawned":[1,6,8,11,23,25,30,31,36,44,46],"killed_by":"Shield and Spear","ascension_level":5}