{"gold_per_floor":[12,12,25,38,38,38,54,90,90,90,121,121,137,155,155,250,250,263,284,315,335,335],"floor_reached":22,"playtime":807,"items_purged":[],"score":396,"play_id":"4d98cc8f-2129-4ff1-9f26-30d96a3e8175","local_time":"20190219192014","is_ascension_mode":true,"campfire_choices":[{"data":"Anger","floor":6,"key":"SMITH"},{"data":"Body Slam","floor":10,"key":"SMITH"},{"data":"Bludgeon","floor":12,"key":"SMITH"},{"data":"Bash","floor":15,"key":"SMITH"}],"neow_cost":"NO_GOLD","seed_source_timestamp":218800249946752,"circlet_count":0,"master_deck":["AscendersBane","Strike_R","Strike_R","Strike_R","Strike_R","Defend_R","Defend_R","Defend_R","Defend_R","Bash+1","Clothesline","Headbutt","Anger+1","Body Slam+1","Bludgeon+1","Flame Barrier","Demon Form","Intimidate+1"],"relics":["Burning Blood","FossilizedHelix","Golden Idol","Orichalcum","Bottled Flame","Shovel","Runic Pyramid","Red Mask"],"potions_floor_usage":[11,20,22,22],"damage_taken":[{"damage":6,"enemies":"Jaw Worm","floor":1,"turns":6},{"damage":3,"enemies":"Small Slimes","floor":3,"turns":3},{"damage":0,"enemies":"Cultist","floor":4,"turns":3},{"damage":8,"enemies":"Large Slime","floor":7,"turns":6},{"damage":15,"enemies":"Lagavulin","floor":8,"turns":7},{"damage":6,"enemies":"Gremlin Nob","floor":11,"turns":4},{"damage":7,"enemies":"3 Louse","floor":13,"turns":3},{"damage":0,"enemies":"Exordium Wildlife","floor":14,"turns":3},{"damage":19,"enemies":"Hexaghost","floor":16,"turns":9},{"damage":5,"enemies":"2 Thieves","floor":18,"turns":4},{"damage":19,"enemies":"3 Byrds","floor":19,"turns":4},{"damage":20,"enemies":"Masked Bandits","floor":20,"turns":5},{"damage":29,"enemies":"Snecko","floor":21,"turns":5},{"damage":18,"enemies":"Snake Plant","floor":22,"turns":2}],"seed_played":"-2138711562885946208","potions_obtained":[{"floor":1,"key":"Ancient Potion"},{"floor":3,"key":"Swift Potion"},{"floor":16,"key":"FearPotion"},{"floor":19,"key":"SkillPotion"},{"floor":21,"key":"Weak Potion"}],"is_trial":false,"path_per_floor":["M","?","M","M","?","R","M","E","T","R","E","R","M","M","R","B",null,"M","M","?","M","M"],"character_chosen":"IRONCLAD","items_purchased":[],"campfire_rested":0,"item_purchase_floors":[],"current_hp_per_floor":[68,68,68,68,68,68,66,57,57,57,57,57,56,62,62,49,63,64,51,37,14,0],"gold":335,"neow_bonus":"ONE_RARE_RELIC","is_prod":false,"is_daily":false,"chose_seed":false,"campfire_upgraded":4,"win_rate":0,"timestamp":1550622014,"path_taken":["M","?","M","M","?","R","M","E","T","R","E","R","M","M","R","BOSS","M","?","?","M","M"],"build_version":"2019-01-23","purchased_purges":0,"victory":false,"max_hp_per_floor":[75,68,68,68,68,68,68,68,68,68,68,68,68,68,68,68,68,68,68,68,68,68],"card_choices":[{"not_picked":["Metallicize","Flex"],"picked":"Clothesline","floor":1},{"not_picked":["Warcry","Thunderclap"],"picked":"Headbutt","floor":3},{"not_picked":["Twin Strike","Rampage"],"picked":"Anger","floor":4},{"not_picked":["Havoc","Clothesline","Rage"],"picked":"SKIP","floor":7},{"not_picked":["Ghostly Armor","Second Wind"],"picked":"Body Slam","floor":8},{"not_picked":["Double Tap","Headbutt"],"picked":"Bludgeon","floor":11},{"not_picked":["Flex","Warcry"],"picked":"Flame Barrier","floor":13},{"not_picked":["Combust","Infernal Blade","Sword Boomerang"],"picked":"SKIP","floor":14},{"not_picked":["Impervious","Fiend Fire"],"picked":"Demon Form","floor":16},{"not_picked":["Rupture+1","Infernal Blade"],"picked":"Intimidate+1","floor":18},{"not_picked":["Havoc","Flex+1","Headbutt"],"picked":"SKIP","floor":19},{"not_picked":["Infernal Blade","Rupture","Perfected Strike"],"picked":"SKIP","floor":21}],"player_experience":674134,"relics_obtained":[{"floor":8,"key":"Orichalcum"},{"floor":9,"key":"Bottled Flame"},{"floor":11,"key":"Shovel"},{"floor":20,"key":"Red Mask"}],"event_choices":[{"damage_healed":0,"gold_gain":0,"player_choice":"Lose Max HP","damage_taken":0,"relics_obtained":["Golden Idol"],"max_hp_gain":0,"max_hp_loss":7,"event_name":"Golden Idol","floor":2,"gold_loss":0},{"cards_removed":["Strike_R"],"damage_healed":0,"gold_gain":0,"player_choice":"Purged","damage_taken":0,"max_hp_gain":0,"max_hp_loss":0,"event_name":"Purifier","floor":5,"gold_loss":0},{"damage_healed":0,"gold_gain":0,"player_choice":"Fought Bandits","damage_taken":0,"max_hp_gain":0,"max_hp_loss":0,"event_name":"Masked Bandits","floor":20,"gold_loss":0}],"is_beta":false,"boss_relics":[{"not_picked":["Fusion Hammer","Black Blood"],"picked":"Runic Pyramid"}],"items_purged_floors":[],"is_endless":false,"potions_floor_spawned":[1,3,16,19,21],"killed_by":"Snake Plant","ascension_level":20}