{"gold_per_floor":[117,117,117,28,28,28,71,94,117,117,160,160,173,212,212,308,308,322,372,392,464,464,464,482,515,590,459,483,483,499,216,216,312,312,330,349,349,370,370,370,404,404,486,500,78,78,98,119,119,119,119],"floor_reached":51,"playtime":2994,"items_purged":["Gash","Defend_B"],"score":1501,"play_id":"a4f1d2a5-27ac-4020-b798-4ea5e4724027","local_time":"20190221234810","is_ascension_mode":true,"campfire_choices":[{"data":"Zap","floor":6.0,"key":"SMITH"},{"floor":10.0,"key":"REST"},{"data":"Defragment","floor":15.0,"key":"SMITH"},{"floor":23.0,"key":"REST"},{"data":"Defragment","floor":32.0,"key":"SMITH"},{"floor":40,"key":"REST"},{"data":"Capacitor","floor":42,"key":"SMITH"},{"data":"Hologram","floor":46,"key":"SMITH"},{"floor":49,"key":"RECALL"}],"neow_cost":"NONE","seed_source_timestamp":405430402302046,"circlet_count":0,"master_deck":["AscendersBane","Defend_B","Defend_B","Defend_B","Zap+1","Dualcast","Machine Learning","Defragment+1","Cold Snap","Glacier","Biased Cognition","Defragment+1","Biased Cognition","White Noise+1","Coolheaded+1","Defragment+1","Steam","Hologram+1","Reboot","Ball Lightning","Reinforced Body+1","Electrodynamics","Capacitor+1","Madness+1","Madness+1","Coolheaded+1","Darkness+1","Stack+1","White Noise+1"],"special_seed":0,"relics":["Cracked Core","Golden Idol","Omamori","Pen Nib","Regal Pillow","Lantern","Ginger","Astrolabe","WarpedTongs","Question Card","Toxic Egg 2","Pantograph","Velvet Choker","Pocketwatch","Mummified Hand","Bronze Scales"],"potions_floor_usage":[],"damage_taken":[{"damage":6.0,"enemies":"Cultist","floor":1.0,"turns":3.0},{"damage":25.0,"enemies":"Lagavulin","floor":7.0,"turns":7.0},{"damage":1.0,"enemies":"2 Louse","floor":8.0,"turns":3.0},{"damage":14.0,"enemies":"3 Sentries","floor":11.0,"turns":10.0},{"damage":7.0,"enemies":"Jaw Worm","floor":13.0,"turns":3.0},{"damage":4.0,"enemies":"Lagavulin","floor":14.0,"turns":7.0},{"damage":13.0,"enemies":"Hexaghost","floor":16.0,"turns":11.0},{"damage":7.0,"enemies":"Chosen","floor":18.0,"turns":5.0},{"damage":11.0,"enemies":"3 Byrds","floor":20.0,"turns":6.0},{"damage":1.0,"enemies":"Snake Plant","floor":24.0,"turns":3.0},{"damage":20.0,"enemies":"Gremlin Leader","floor":25.0,"turns":9.0},{"damage":0.0,"enemies":"3 Cultists","floor":28.0,"turns":3.0},{"damage":2.0,"enemies":"Centurion and Healer","floor":30.0,"turns":11.0},{"damage":0.0,"enemies":"Collector","floor":33.0,"turns":12.0},{"damage":13.0,"enemies":"3 Darklings","floor":35.0,"turns":3.0},{"damage":3.0,"enemies":"3 Shapes","floor":36.0,"turns":2.0},{"damage":18.0,"enemies":"Spire Growth","floor":38.0,"turns":5.0},{"damage":0,"enemies":"Giant Head","floor":41,"turns":13},{"damage":6,"enemies":"Sphere and 2 Shapes","floor":44,"turns":4},{"damage":32,"enemies":"3 Darklings","floor":47,"turns":3},{"damage":13,"enemies":"Maw","floor":48,"turns":7},{"damage":30,"enemies":"Donu and Deca","floor":50,"turns":9},{"damage":31,"enemies":"Awakened One","floor":51,"turns":3}],"seed_played":"-6707386743556544739","potions_obtained":[{"floor":1.0,"key":"Strength Potion"},{"floor":7.0,"key":"FearPotion"},{"floor":11.0,"key":"Energy Potion"},{"floor":20.0,"key":"Energy Potion"},{"floor":24.0,"key":"Ancient Potion"},{"floor":36.0,"key":"Ancient Potion"}],"is_trial":false,"path_per_floor":["M","?","?","$","?","R","E","M","T","R","E","?","M","E","R","B",null,"M","?","M","T","?","R","M","E","T","$","M","?","M","$","R","B",null,"M","M","?","M","?","R","E","R","T","M","$","R","M","M","R","B","B"],"character_chosen":"DEFECT","items_purchased":["Defragment","Dexterity Potion","Pantograph","Bronze Scales","White Noise+1","FocusPotion"],"campfire_rested":3,"item_purchase_floors":[4,27,31,45,45,45],"current_hp_per_floor":[58,58,63,63,52,52,27,26,26,61,47,47,40,36,36,23,58,51,45,34,34,34,69,68,48,48,48,48,48,46,46,46,69,69,56,53,41,23,23,58,58,58,58,52,52,52,20,7,7,2,0],"gold":119,"neow_bonus":"ONE_RANDOM_RARE_CARD","is_prod":false,"is_daily":false,"chose_seed":false,"campfire_upgraded":5,"win_rate":0,"timestamp":1550810890,"path_taken":["M","?","?","?","?","R","E","M","T","R","E","?","?","E","R","BOSS","M","?","?","?","?","R","?","E","T","?","?","?","M","$","R","BOSS","M","?","?","M","?","R","E","R","T","M","$","R","M","M","R","BOSS","BOSS"],"build_version":"2019-01-23","purchased_purges":2,"victory":false,"max_hp_per_floor":[71,64,69,69,69,69,69,69,69,69,69,69,69,69,69,69,69,69,69,69,69,69,69,69,69,69,69,69,69,69,69,69,69,69,69,69,69,69,69,69,69,69,69,69,69,69,69,69,69,69,69],"card_choices":[{"not_picked":["Reinforced Body","Chill"],"picked":"Gash","floor":1.0},{"not_picked":["Steam Power","Storm"],"picked":"Cold Snap","floor":7.0},{"not_picked":["Redo","Beam Cell"],"picked":"Glacier","floor":8.0},{"not_picked":["Self Repair","Turbo"],"picked":"Biased Cognition","floor":11.0},{"not_picked":["Blizzard","Recycle"],"picked":"Defragment","floor":13.0},{"not_picked":["Beam Cell","Sweeping Beam","Turbo"],"picked":"SKIP","floor":14.0},{"not_picked":["Thunder Strike","Reboot"],"picked":"Biased Cognition","floor":16.0},{"not_picked":["Go for the Eyes","Static Discharge"],"picked":"Steam","floor":18.0},{"not_picked":["Stack","Reprogram","Static Discharge"],"picked":"SKIP","floor":20.0},{"not_picked":["Rebound","Leap"],"picked":"Hologram","floor":24.0},{"not_picked":["Beam Cell+1","Steam Power"],"picked":"Reboot","floor":25.0},{"not_picked":["Go for the Eyes","Compile Driver","Cold Snap"],"picked":"Ball Lightning","floor":28.0},{"not_picked":["Sweeping Beam","Streamline","Hello World"],"picked":"Reinforced Body+1","floor":30.0},{"not_picked":["Seek+1","Meteor Strike","Amplify+1"],"picked":"Electrodynamics","floor":33.0},{"not_picked":["Cold Snap","Sweeping Beam","Steam+1"],"picked":"Capacitor","floor":35.0},{"not_picked":["Cold Snap","Gash","Leap+1","Sweeping Beam"],"picked":"SKIP","floor":36.0},{"not_picked":["Barrage","Streamline","Redo+1"],"picked":"Coolheaded+1","floor":38.0},{"not_picked":["Sweeping Beam+1","Chill+1","Ball Lightning"],"picked":"Darkness+1","floor":41},{"not_picked":["Sweeping Beam","Chill+1","Scrape+1"],"picked":"Stack+1","floor":44},{"not_picked":["Go for the Eyes","Steam Power+1","Streamline","Aggregate+1"],"picked":"SKIP","floor":47},{"not_picked":["FTL","Steam+1","Melter","All For One"],"picked":"SKIP","floor":48}],"player_experience":692472,"relics_obtained":[{"floor":7.0,"key":"Pen Nib"},{"floor":9.0,"key":"Regal Pillow"},{"floor":11.0,"key":"Lantern"},{"floor":14.0,"key":"Ginger"},{"floor":25.0,"key":"Question Card"},{"floor":26.0,"key":"Toxic Egg 2"},{"floor":41,"key":"Pocketwatch"},{"floor":43,"key":"Mummified Hand"}],"event_choices":[{"damage_healed":0.0,"max_hp_gain":0.0,"max_hp_loss":7.0,"gold_gain":0.0,"event_name":"Golden Idol","player_choice":"Lose Max HP","floor":2.0,"gold_loss":0.0,"damage_taken":0.0,"relics_obtained":["Golden Idol"]},{"damage_healed":0.0,"max_hp_gain":5.0,"max_hp_loss":0.0,"gold_gain":0.0,"event_name":"Big Fish","player_choice":"Donut","floor":3.0,"gold_loss":0.0,"damage_taken":0.0},{"damage_healed":0.0,"max_hp_gain":0.0,"max_hp_loss":0.0,"gold_gain":0.0,"event_name":"Scrap Ooze","player_choice":"Success","floor":5.0,"gold_loss":0.0,"damage_taken":11.0,"relics_obtained":["Omamori"]},{"cards_removed":["Strike_B"],"damage_healed":0.0,"max_hp_gain":0.0,"max_hp_loss":0.0,"gold_gain":0.0,"event_name":"Bonfire Elementals","player_choice":"Offered Basic","floor":12.0,"gold_loss":0.0,"damage_taken":0.0},{"damage_healed":0.0,"max_hp_gain":0.0,"max_hp_loss":0.0,"gold_gain":50.0,"event_name":"FaceTrader","player_choice":"Touch","floor":19.0,"gold_loss":0.0,"damage_taken":6.0},{"damage_healed":0.0,"max_hp_gain":0.0,"max_hp_loss":0.0,"gold_gain":0.0,"event_name":"Accursed Blacksmith","player_choice":"Rummage","floor":22.0,"gold_loss":0.0,"damage_taken":0.0,"relics_obtained":["WarpedTongs"],"cards_obtained":["Pain"]},{"damage_healed":0.0,"max_hp_gain":0.0,"max_hp_loss":0.0,"gold_gain":0.0,"event_name":"Lab","player_choice":"Got Potions","floor":29.0,"gold_loss":0.0,"damage_taken":0.0},{"damage_healed":0.0,"max_hp_gain":0.0,"max_hp_loss":0.0,"gold_gain":0.0,"event_name":"Winding Halls","player_choice":"Embrace Madness","floor":37.0,"gold_loss":0.0,"damage_taken":12.0,"cards_obtained":["Madness","Madness"]},{"damage_healed":0,"gold_gain":0,"player_choice":"Ignored","damage_taken":0,"max_hp_gain":0,"max_hp_loss":0,"event_name":"Mysterious Sphere","floor":39,"gold_loss":0}],"is_beta":false,"boss_relics":[{"not_picked":["White Beast Statue","Eternal Feather"],"picked":"Astrolabe"},{"not_picked":["Nuclear Battery","Tiny House"],"picked":"Velvet Choker"}],"items_purged_floors":[27,45],"is_endless":false,"potions_floor_spawned":[1,7,11,20,24,30,36,48],"killed_by":"Awakened One","ascension_level":20}