{"gold_per_floor":[110,120,131,131,143,143,172,187,214,214,244,209,226,285,285,360,360,377,393,393,404,32,61,61,71,125,125,453,463,463,483,483,483],"floor_reached":33,"playtime":1626,"items_purged":["Strike_B"],"score":551,"play_id":"03de2817-5e38-4af6-854a-aafd5de152fa","local_time":"20181104112437","is_ascension_mode":true,"campfire_choices":[{"data":"Zap","floor":6,"key":"SMITH"},{"floor":10,"key":"REST"},{"floor":15,"key":"REST"},{"floor":24,"key":"REST"},{"floor":27,"key":"REST"},{"floor":30,"key":"REST"},{"data":"Defragment","floor":32,"key":"SMITH"}],"neow_cost":"NONE","seed_source_timestamp":84787720068320,"circlet_count":0,"master_deck":["AscendersBane","Defend_B","Defend_B","Defend_B","Defend_B","Zap+1","Dualcast","Ball Lightning","Darkness","Conserve Battery","Multi-Cast","Conserve Battery","Conserve Battery","Lockon","Rebound","Fission+1","All For One","Buffer+1","Melter+1","Biased Cognition+1","Double Energy+1","Capacitor+1","Go for the Eyes+1","Defragment+1","Violence","Chill","Chill+1","Coolheaded","Hologram","Biased Cognition","Darkness+1"],"relics":["Cracked Core","Dream Catcher","Lantern","Centennial Puzzle","Oddly Smooth Stone","Astrolabe","Bottled Flame","Potion Belt","Old Coin"],"potions_floor_usage":[7,11,11,14,23,33,33],"damage_taken":[{"damage":6,"enemies":"2 Louse","floor":1,"turns":3},{"damage":8,"enemies":"Small Slimes","floor":2,"turns":3},{"damage":0,"enemies":"Cultist","floor":3,"turns":2},{"damage":12,"enemies":"Looter","floor":5,"turns":3},{"damage":16,"enemies":"3 Sentries","floor":7,"turns":6},{"damage":14,"enemies":"Blue Slaver","floor":8,"turns":3},{"damage":6,"enemies":"Gremlin Nob","floor":11,"turns":3},{"damage":12,"enemies":"Exordium Thugs","floor":13,"turns":4},{"damage":16,"enemies":"Lagavulin Event","floor":14,"turns":5},{"damage":13,"enemies":"The Guardian","floor":16,"turns":8},{"damage":31,"enemies":"Chosen","floor":18,"turns":5},{"damage":0,"enemies":"Spheric Guardian","floor":19,"turns":1},{"damage":28,"enemies":"Centurion and Healer","floor":21,"turns":5},{"damage":0,"enemies":"Book of Stabbing","floor":23,"turns":5},{"damage":20,"enemies":"Snake Plant","floor":25,"turns":5},{"damage":14,"enemies":"Slavers","floor":28,"turns":10},{"damage":8,"enemies":"Sentry and Sphere","floor":29,"turns":4},{"damage":9,"enemies":"Centurion and Healer","floor":31,"turns":6},{"damage":39,"enemies":"Automaton","floor":33,"turns":10}],"seed_played":"6516770272843715067","potions_obtained":[{"floor":2,"key":"GamblersBrew"},{"floor":5,"key":"Weak Potion"},{"floor":8,"key":"SkillPotion"},{"floor":13,"key":"AttackPotion"},{"floor":19,"key":"SteroidPotion"},{"floor":28,"key":"Poison Potion"},{"floor":29,"key":"Strength Potion"}],"is_trial":false,"path_per_floor":["M","M","M","?","M","R","E","M","T","R","E","?","M","?","R","B",null,"M","M","?","M","$","E","R","M","T","R","E","M","R","M","R","B"],"character_chosen":"DEFECT","items_purchased":["Defragment","Block Potion","Violence"],"campfire_rested":5,"item_purchase_floors":[22,22,22],"current_hp_per_floor":[65,57,57,62,50,50,34,20,20,44,38,58,46,30,54,41,73,42,42,42,14,14,14,38,18,18,42,28,20,44,35,35,0],"gold":483,"neow_bonus":"TEN_PERCENT_HP_BONUS","is_prod":false,"is_daily":false,"chose_seed":false,"campfire_upgraded":2,"win_rate":0,"timestamp":1541348677,"path_taken":["M","M","M","?","M","R","E","M","T","R","E","?","M","?","R","BOSS","M","M","?","M","$","E","R","M","T","R","E","M","R","?","R","BOSS"],"build_version":"2018-11-01","purchased_purges":1,"victory":false,"max_hp_per_floor":[78,78,78,83,83,83,83,83,83,83,83,83,83,83,83,83,83,83,83,83,83,83,83,83,83,83,83,83,83,83,83,83,83],"card_choices":[{"not_picked":["Conserve Battery","Compile Driver"],"picked":"Ball Lightning","floor":1},{"not_picked":["Streamline","Double Energy"],"picked":"Darkness","floor":2},{"not_picked":["Sweeping Beam","Storm","Consume"],"picked":"SKIP","floor":3},{"not_picked":["Compile Driver","Capacitor"],"picked":"Conserve Battery","floor":5},{"not_picked":["Rebound","Coolheaded"],"picked":"Multi-Cast","floor":7},{"not_picked":["Doom and Gloom","Double Energy"],"picked":"Conserve Battery","floor":8},{"not_picked":["Double Energy","Streamline"],"picked":"Conserve Battery","floor":10},{"not_picked":["Steam","Turbo"],"picked":"Lockon","floor":11},{"not_picked":["Storm","Conserve Battery","Consume"],"picked":"SKIP","floor":13},{"not_picked":["Streamline","Force Field"],"picked":"Rebound","floor":14},{"not_picked":["Streamline","Chaos"],"picked":"Fission","floor":15},{"not_picked":["Rainbow","Multi-Cast"],"picked":"All For One","floor":16},{"not_picked":["Compile Driver","Ball Lightning"],"picked":"Double Energy+1","floor":18},{"not_picked":["Hologram","Gash"],"picked":"Capacitor+1","floor":19},{"not_picked":["Coolheaded","Seek"],"picked":"Go for the Eyes+1","floor":21},{"not_picked":["Gash","Hologram"],"picked":"Chill","floor":23},{"not_picked":["Auto Shields","Streamline","Leap"],"picked":"SKIP","floor":25},{"not_picked":["Conserve Battery","Gash"],"picked":"Chill+1","floor":27},{"not_picked":["Sweeping Beam","Capacitor"],"picked":"Coolheaded","floor":28},{"not_picked":["Genetic Algorithm","Heatsinks"],"picked":"Hologram","floor":29},{"not_picked":["Defragment","Gash"],"picked":"Biased Cognition","floor":30},{"not_picked":["Chill","Hello World"],"picked":"Darkness+1","floor":31}],"player_experience":186973,"relics_obtained":[{"floor":7,"key":"Dream Catcher"},{"floor":9,"key":"Lantern"},{"floor":11,"key":"Centennial Puzzle"},{"floor":14,"key":"Oddly Smooth Stone"},{"floor":23,"key":"Bottled Flame"},{"floor":26,"key":"Potion Belt"},{"floor":28,"key":"Old Coin"}],"event_choices":[{"damage_healed":0,"gold_gain":0,"player_choice":"Donut","damage_taken":0,"max_hp_gain":5,"max_hp_loss":0,"event_name":"Big Fish","floor":4,"gold_loss":0},{"damage_healed":20,"gold_gain":0,"player_choice":"Healed","damage_taken":0,"max_hp_gain":0,"max_hp_loss":0,"event_name":"The Cleric","floor":12,"gold_loss":35},{"damage_healed":0,"gold_gain":0,"player_choice":"Searched \u00271\u0027 times","damage_taken":0,"max_hp_gain":0,"max_hp_loss":0,"event_name":"Dead Adventurer","floor":14,"gold_loss":0},{"damage_healed":0,"gold_gain":0,"player_choice":"Forge","damage_taken":0,"max_hp_gain":0,"max_hp_loss":0,"event_name":"Accursed Blacksmith","floor":20,"gold_loss":0,"cards_upgraded":["Fission"]}],"is_beta":false,"boss_relics":[{"not_picked":["Velvet Choker","Empty Cage"],"picked":"Astrolabe"}],"items_purged_floors":[22],"is_endless":false,"potions_floor_spawned":[2,5,8,13,19,28,29],"killed_by":"Automaton","ascension_level":14}