{"path_per_floor":["M","M","M","M","M","E","R","M","T","$","R","M","M","?","R","B",null,"M","M","$","M"],"character_chosen":"DEFECT","items_purchased":["Dream Catcher","Fission"],"gold_per_floor":[116,128,144,162,174,205,205,225,249,17,17,31,41,41,41,136,136,152,171,12,23,23],"floor_reached":22,"campfire_rested":3,"playtime":1270,"current_hp_per_floor":[61,55,50,34,19,9,31,19,19,19,41,22,22,22,44,32,75,50,43,43,9,0],"items_purged":["Strike_B"],"gold":23,"score":192,"play_id":"f25ac23d-581f-4f91-95d9-134dbde64207","local_time":"20180428082219","is_prod":false,"is_daily":false,"chose_seed":false,"is_ascension_mode":false,"campfire_upgraded":0,"timestamp":1524925339,"path_taken":["M","M","M","M","M","E","R","M","T","$","R","M","M","?","R","BOSS","M","M","$","M","?"],"build_version":"2018-04-27v3","seed_source_timestamp":1443762571571942,"purchased_purges":1,"victory":false,"master_deck":["Strike_B","Strike_B","Defend_B+1","Defend_B","Defend_B+1","Defend_B","Zap","Dualcast","Impulse","Capacitor","Coolheaded","Tempest","Aggregate","Echo Form","Force Field","Turbo","Reboot","Storm","Turbo","Nova","Coolheaded+1","Reprogram","Fission","Barrage"],"max_hp_per_floor":[75,75,75,75,75,75,75,75,75,75,75,75,75,75,75,75,75,75,75,75,75,75],"relics":["Cracked Core","Bronze Scales","War Paint","Dream Catcher","Sozu"],"card_choices":[{"not_picked":["Beam Cell","Rebound"],"picked":"Impulse","floor":1},{"not_picked":["Rebound","Scrape"],"picked":"Capacitor","floor":2},{"not_picked":["Recycle","Hello World"],"picked":"Coolheaded","floor":3},{"not_picked":["Skim","Streamline"],"picked":"Tempest","floor":4},{"not_picked":["Axe Kick","Force Field"],"picked":"Aggregate","floor":5},{"not_picked":["Recycle","Skim"],"picked":"Echo Form","floor":6},{"not_picked":["Leap","Steam Power"],"picked":"Force Field","floor":8},{"not_picked":["Leap","Undo"],"picked":"Turbo","floor":11},{"not_picked":["Cold Snap","Hologram"],"picked":"Reboot","floor":12},{"not_picked":["Hologram","Seek"],"picked":"Storm","floor":13},{"not_picked":["Barrage","Steam Power"],"picked":"Turbo","floor":15},{"not_picked":["Rainbow","Redo"],"picked":"Nova","floor":16},{"not_picked":["Stack","Barrage"],"picked":"Coolheaded","floor":18},{"not_picked":["Streamline","Skim"],"picked":"Reprogram","floor":19},{"not_picked":["Turbo","Skim"],"picked":"Barrage","floor":21}],"player_experience":309353,"potions_floor_usage":[5,6,6,16,18],"damage_taken":[{"damage":14,"enemies":"Small Slimes","floor":1,"turns":3},{"damage":6,"enemies":"Jaw Worm","floor":2,"turns":4},{"damage":5,"enemies":"Cultist","floor":3,"turns":4},{"damage":16,"enemies":"Exordium Thugs","floor":4,"turns":5},{"damage":15,"enemies":"Lots of Slimes","floor":5,"turns":5},{"damage":25,"enemies":"3 Sentries","floor":6,"turns":8},{"damage":12,"enemies":"Looter","floor":8,"turns":4},{"damage":19,"enemies":"Large Slime","floor":12,"turns":6},{"damage":0,"enemies":"Exordium Wildlife","floor":13,"turns":4},{"damage":12,"enemies":"Hexaghost","floor":16,"turns":9},{"damage":25,"enemies":"Chosen","floor":18,"turns":5},{"damage":7,"enemies":"Shell Parasite","floor":19,"turns":5},{"damage":34,"enemies":"Centurion and Healer","floor":21,"turns":10},{"damage":35,"enemies":"Cultist and Chosen","floor":22,"turns":3}],"event_choices":[{"event_name":"Liars Game","player_choice":"disagreed","floor":14,"damage_taken":0}],"boss_relics":[{"not_picked":["Velvet Choker","Cursed Key"],"picked":"Sozu"}],"potions_floor_spawned":[2,3,5,12,16,19,21],"seed_played":"946596911108745718","killed_by":"Cultist and Chosen","ascension_level":0,"is_trial":false}