{"gold_per_floor":[110,110,125,145,320,320,352,352,379,404,436,448,460,472,484,595,607,633,655,685,972,507,507,541,541,611,611,622,622],"floor_reached":29,"playtime":1787,"items_purged":["Regret"],"score":365,"play_id":"fd65d4f0-3a14-4325-89a6-621defd5b3dc","local_time":"20181101143840","is_ascension_mode":true,"campfire_choices":[{"data":"Zap","floor":6,"key":"SMITH"},{"data":"Static Discharge","floor":8,"key":"SMITH"},{"data":"Double Energy","floor":13,"key":"SMITH"},{"data":"Coolheaded","floor":15,"key":"SMITH"},{"floor":23,"key":"REST"},{"floor":25,"key":"REST"}],"neow_cost":"TEN_PERCENT_HP_LOSS","seed_source_timestamp":256008874043139,"circlet_count":0,"master_deck":["Strike_B","Strike_B","Defend_B","Defend_B","Defend_B","Zap+1","Dualcast","Go for the Eyes","Static Discharge+1","White Noise+1","Sweeping Beam","Genetic Algorithm","Doubt","Double Energy+1","Coolheaded+1","Conserve Battery","Echo Form","Compile Driver","Scrape+1","FTL+1","Recycle"],"relics":["Cracked Core","Blood Vial","MawBank","Inserter","Oddly Smooth Stone","Bag of Marbles","Frozen Egg 2","Cables"],"potions_floor_usage":[7,11,24],"damage_taken":[{"damage":0,"enemies":"Small Slimes","floor":1,"turns":3},{"damage":9,"enemies":"2 Louse","floor":3,"turns":2},{"damage":0,"enemies":"Cultist","floor":4,"turns":3},{"damage":17,"enemies":"Gremlin Nob","floor":7,"turns":5},{"damage":17,"enemies":"Exordium Thugs","floor":10,"turns":5},{"damage":3,"enemies":"Exordium Wildlife","floor":11,"turns":4},{"damage":28,"enemies":"The Guardian","floor":16,"turns":10},{"damage":14,"enemies":"Spheric Guardian","floor":18,"turns":5},{"damage":15,"enemies":"Shell Parasite","floor":19,"turns":8},{"damage":17,"enemies":"Centurion and Healer","floor":20,"turns":8},{"damage":29,"enemies":"Book of Stabbing","floor":24,"turns":5},{"damage":23,"enemies":"Sentry and Sphere","floor":28,"turns":5},{"damage":10,"enemies":"Snake Plant","floor":29,"turns":1}],"seed_played":"2242819722170024088","potions_obtained":[{"floor":1,"key":"Block Potion"},{"floor":7,"key":"Energy Potion"},{"floor":18,"key":"Ancient Potion"},{"floor":20,"key":"SkillPotion"},{"floor":28,"key":"Explosive Potion"}],"is_trial":false,"path_per_floor":["M","?","M","M","?","R","E","R","T","M","M","?","R","?","R","B",null,"M","M","M","?","$","R","E","R","T","?","M"],"character_chosen":"DEFECT","items_purchased":["Oddly Smooth Stone","EntropicBrew","Bag of Marbles"],"campfire_rested":2,"item_purchase_floors":[22,22,22],"current_hp_per_floor":[68,68,59,59,59,59,42,42,42,27,26,48,48,41,41,15,55,43,30,15,15,15,35,8,28,28,28,7,0],"gold":622,"neow_bonus":"TRANSFORM_TWO_CARDS","is_prod":false,"is_daily":false,"chose_seed":false,"campfire_upgraded":4,"win_rate":0,"timestamp":1541097520,"path_taken":["M","?","?","M","?","R","E","R","T","M","M","?","R","?","R","BOSS","M","M","M","?","$","R","E","R","T","?","M","?"],"build_version":"2018-10-25v2","purchased_purges":1,"victory":false,"max_hp_per_floor":[68,68,68,68,68,68,68,68,68,68,68,68,68,68,68,68,68,68,68,68,68,68,68,68,68,68,68,68,68],"card_choices":[{"not_picked":["Darkness","Hologram"],"picked":"White Noise","floor":1},{"not_picked":["Coolheaded","Redo"],"picked":"Sweeping Beam","floor":3},{"not_picked":["Go for the Eyes","Rebound"],"picked":"Genetic Algorithm","floor":4},{"not_picked":["Amplify","Beam Cell"],"picked":"Double Energy","floor":7},{"not_picked":["Streamline","Beam Cell"],"picked":"Coolheaded","floor":10},{"not_picked":["Coolheaded","Barrage"],"picked":"Conserve Battery","floor":11},{"not_picked":["Hyperbeam","All For One"],"picked":"Echo Form","floor":16},{"not_picked":["Stack+1","Scrape"],"picked":"Compile Driver","floor":18},{"not_picked":["Coolheaded","Steam Power"],"picked":"Scrape+1","floor":19},{"not_picked":["Turbo","Barrage"],"picked":"FTL+1","floor":20},{"not_picked":["Steam","Multi-Cast","Barrage"],"picked":"SKIP","floor":24},{"not_picked":["Conserve Battery","Auto Shields"],"picked":"Recycle","floor":28}],"player_experience":128752,"relics_obtained":[{"floor":7,"key":"Blood Vial"},{"floor":9,"key":"MawBank"},{"floor":24,"key":"Frozen Egg 2"},{"floor":26,"key":"Cables"}],"event_choices":[{"damage_healed":0,"gold_gain":0,"player_choice":"Grow","damage_taken":0,"max_hp_gain":0,"max_hp_loss":0,"event_name":"Living Wall","floor":2,"gold_loss":0,"cards_upgraded":["White Noise"]},{"damage_healed":0,"gold_gain":175,"player_choice":"AGREE","damage_taken":0,"max_hp_gain":0,"max_hp_loss":0,"event_name":"Liars Game","floor":5,"gold_loss":0,"cards_obtained":["Doubt"]},{"damage_healed":22,"gold_gain":0,"player_choice":"Banana","damage_taken":0,"max_hp_gain":0,"max_hp_loss":0,"event_name":"Big Fish","floor":12,"gold_loss":0},{"cards_removed":["Strike_B"],"damage_healed":0,"gold_gain":0,"player_choice":"Card Removal","damage_taken":7,"max_hp_gain":0,"max_hp_loss":0,"event_name":"Golden Wing","floor":14,"gold_loss":0},{"damage_healed":0,"gold_gain":275,"player_choice":"Desecrate","damage_taken":0,"max_hp_gain":0,"max_hp_loss":0,"event_name":"Golden Shrine","floor":21,"gold_loss":0,"cards_obtained":["Regret"]},{"damage_healed":0,"gold_gain":0,"player_choice":"Ignored","damage_taken":0,"max_hp_gain":0,"max_hp_loss":0,"event_name":"Ghosts","floor":27,"gold_loss":0}],"is_beta":false,"boss_relics":[{"not_picked":["Velvet Choker","FrozenCore"],"picked":"Inserter"}],"items_purged_floors":[22],"is_endless":false,"potions_floor_spawned":[1,7,18,20,28],"killed_by":"Snake Plant","ascension_level":8}