{"gold_per_floor":[109,129,148,11,23,54,65,65,89,89,109,109,141,157,157,157],"floor_reached":16,"playtime":618,"items_purged":[],"score":217,"play_id":"34f65917-31f9-4c27-b30b-a9fcc2e75bb7","local_time":"20181201172419","is_ascension_mode":true,"campfire_choices":[{"floor":8,"key":"REST"},{"floor":10,"key":"REST"},{"data":"Noxious Fumes","floor":12,"key":"SMITH"},{"floor":15,"key":"REST"}],"neow_cost":"NONE","seed_source_timestamp":1483542826635551,"circlet_count":0,"master_deck":["AscendersBane","Defend_G","Defend_G","Defend_G","Defend_G","Defend_G","Strike_G","Strike_G","Strike_G","Strike_G","Strike_G","Survivor","Neutralize","Noxious Fumes+1","Backstab","Skewer","Noxious Fumes","Dagger Throw","Crippling Poison","Leg Sweep","Corpse Explosion","Writhe","Sucker Punch","Deflect","Well Laid Plans","Catalyst"],"relics":["Cursed Key","The Specimen","Dream Catcher","Centennial Puzzle"],"potions_floor_usage":[13,16,16],"damage_taken":[{"damage":1,"enemies":"Cultist","floor":1,"turns":5},{"damage":1,"enemies":"Small Slimes","floor":2,"turns":4},{"damage":8,"enemies":"2 Louse","floor":3,"turns":2},{"damage":12,"enemies":"Gremlin Gang","floor":5,"turns":4},{"damage":27,"enemies":"3 Sentries","floor":6,"turns":7},{"damage":3,"enemies":"3 Louse","floor":7,"turns":3},{"damage":4,"enemies":"Blue Slaver","floor":11,"turns":3},{"damage":20,"enemies":"Lagavulin","floor":13,"turns":5},{"damage":16,"enemies":"Exordium Thugs","floor":14,"turns":3},{"damage":24,"enemies":"The Guardian","floor":16,"turns":2}],"seed_played":"5716115016283785642","potions_obtained":[{"floor":6,"key":"Strength Potion"},{"floor":11,"key":"EssenceOfSteel"},{"floor":13,"key":"Energy Potion"},{"floor":14,"key":"Strength Potion"}],"is_trial":false,"path_per_floor":["M","M","M","$","M","E","M","R","T","R","M","R","E","M","R","B"],"character_chosen":"THE_SILENT","items_purchased":["Noxious Fumes","Dagger Throw"],"campfire_rested":3,"item_purchase_floors":[4,4],"current_hp_per_floor":[58,57,49,49,37,10,7,26,26,45,41,41,21,5,24,0],"gold":157,"neow_bonus":"BOSS_RELIC","is_prod":false,"is_daily":false,"chose_seed":false,"campfire_upgraded":1,"win_rate":0,"timestamp":1543703059,"path_taken":["M","M","M","$","?","E","M","R","T","R","M","R","E","M","R","BOSS"],"build_version":"2018-11-15","purchased_purges":0,"victory":false,"max_hp_per_floor":[66,66,66,66,66,66,66,66,66,66,66,66,66,66,66,66],"card_choices":[{"not_picked":["Deflect","Sucker Punch"],"picked":"Noxious Fumes","floor":1},{"not_picked":["Calculated Gamble","Caltrops"],"picked":"Backstab","floor":2},{"not_picked":["PiercingWail","Flying Knee"],"picked":"Skewer","floor":3},{"not_picked":["Concentrate","Backflip"],"picked":"Crippling Poison","floor":5},{"not_picked":["Blade Dance","Flying Knee"],"picked":"Leg Sweep","floor":6},{"not_picked":["Well Laid Plans","Catalyst"],"picked":"Corpse Explosion","floor":7},{"not_picked":["Choke","Dagger Spray"],"picked":"Sucker Punch","floor":10},{"not_picked":["Outmaneuver","Cloak And Dagger"],"picked":"Deflect","floor":11},{"not_picked":["Dagger Spray","Night Terror","Poisoned Stab"],"picked":"SKIP","floor":13},{"not_picked":["Cloak And Dagger","Slice"],"picked":"Well Laid Plans","floor":14},{"not_picked":["Crippling Poison","Quick Slash"],"picked":"Catalyst","floor":15}],"player_experience":577163,"relics_obtained":[{"floor":6,"key":"The Specimen"},{"floor":9,"key":"Dream Catcher"},{"floor":13,"key":"Centennial Puzzle"}],"event_choices":[],"is_beta":false,"boss_relics":[],"items_purged_floors":[],"is_endless":false,"potions_floor_spawned":[6,11,13,14],"killed_by":"The Guardian","ascension_level":18}