{"gold_per_floor":[112,125,125,125,143,143,177,177,177,177,212,231,242,267,267,340,340,353,370,370,389,389],"floor_reached":22,"playtime":1066,"items_purged":[],"score":437,"play_id":"dcb674fa-01ba-449a-bd7c-24e5b528a5c4","local_time":"20190216104331","is_ascension_mode":true,"campfire_choices":[{"data":"Dagger Spray","floor":6,"key":"SMITH"},{"data":"Sucker Punch","floor":8,"key":"SMITH"},{"floor":10,"key":"REST"},{"data":"Poisoned Stab","floor":15,"key":"SMITH"}],"neow_cost":"PERCENT_DAMAGE","seed_source_timestamp":4091849666625,"circlet_count":0,"master_deck":["AscendersBane","Defend_G","Defend_G","Defend_G","Defend_G","Defend_G","Strike_G+1","Strike_G","Strike_G","Strike_G+1","Strike_G","Survivor","Neutralize","Dagger Spray+1","Sucker Punch+1","Malaise","Crippling Poison","Deflect","Poisoned Stab+1","Corpse Explosion","Dodge and Roll","Caltrops","Dodge and Roll","Decay","Backstab"],"relics":["Ring of the Snake","Paper Crane","Pear","Vajra","Snake Skull","Orrery"],"potions_floor_usage":[7,14,16],"damage_taken":[{"damage":0,"enemies":"2 Louse","floor":1,"turns":3},{"damage":2,"enemies":"Jaw Worm","floor":2,"turns":5},{"damage":4,"enemies":"Cultist","floor":5,"turns":4},{"damage":42,"enemies":"Lagavulin","floor":7,"turns":6},{"damage":32,"enemies":"Gremlin Nob","floor":11,"turns":5},{"damage":8,"enemies":"Lots of Slimes","floor":12,"turns":3},{"damage":2,"enemies":"Looter","floor":13,"turns":4},{"damage":10,"enemies":"3 Sentries","floor":14,"turns":2},{"damage":6,"enemies":"Hexaghost","floor":16,"turns":9},{"damage":15,"enemies":"Spheric Guardian","floor":18,"turns":8},{"damage":18,"enemies":"Shell Parasite","floor":19,"turns":7},{"damage":20,"enemies":"Snake Plant","floor":21,"turns":6},{"damage":19,"enemies":"Centurion and Healer","floor":22,"turns":5}],"seed_played":"-6186949060275158234","potions_obtained":[{"floor":2,"key":"Swift Potion"},{"floor":11,"key":"Poison Potion"},{"floor":13,"key":"SkillPotion"},{"floor":16,"key":"SpeedPotion"},{"floor":21,"key":"Block Potion"}],"is_trial":false,"path_per_floor":["M","M","?","?","M","R","E","R","T","R","E","M","M","E","R","B",null,"M","M","?","M","M"],"character_chosen":"THE_SILENT","items_purchased":[],"campfire_rested":1,"item_purchase_floors":[],"current_hp_per_floor":[56,54,31,78,74,74,32,32,42,68,36,28,26,16,16,10,69,54,36,36,16,0],"gold":389,"neow_bonus":"TWENTY_PERCENT_HP_BONUS","is_prod":false,"is_daily":false,"chose_seed":false,"campfire_upgraded":3,"win_rate":0,"timestamp":1550331811,"path_taken":["M","M","?","?","M","R","E","R","T","R","E","M","?","E","R","BOSS","M","?","?","M","M"],"build_version":"2019-01-23","purchased_purges":0,"victory":false,"max_hp_per_floor":[78,78,78,78,78,78,78,78,88,88,88,88,88,88,88,88,88,88,88,88,88,88],"card_choices":[{"not_picked":["Blade Dance","All Out Attack"],"picked":"Dagger Spray","floor":1},{"not_picked":["Prepared","Underhanded Strike"],"picked":"Finisher","floor":2},{"not_picked":["Backflip","Slice"],"picked":"Sucker Punch","floor":5},{"not_picked":["Phantasmal Killer","Bane"],"picked":"Malaise","floor":7},{"not_picked":["Calculated Gamble","Catalyst"],"picked":"Crippling Poison","floor":11},{"not_picked":["Prepared","Underhanded Strike","Masterful Stab"],"picked":"SKIP","floor":12},{"not_picked":["Bane","Acrobatics"],"picked":"Deflect","floor":13},{"not_picked":["Dagger Spray","Prepared"],"picked":"Poisoned Stab","floor":14},{"not_picked":["Venomology","Night Terror"],"picked":"Corpse Explosion","floor":16},{"not_picked":["Underhanded Strike","Outmaneuver"],"picked":"Dodge and Roll","floor":17},{"not_picked":["Sucker Punch","Flying Knee"],"picked":"Caltrops","floor":17},{"not_picked":["Dagger Throw","Reflex"],"picked":"Dodge and Roll","floor":18},{"not_picked":["Flying Knee","Dodge and Roll","Concentrate"],"picked":"SKIP","floor":19},{"not_picked":["Dodge and Roll","Accuracy"],"picked":"Backstab","floor":21}],"player_experience":652827,"relics_obtained":[{"floor":7,"key":"Paper Crane"},{"floor":9,"key":"Pear"},{"floor":11,"key":"Vajra"},{"floor":14,"key":"Snake Skull"}],"event_choices":[{"damage_healed":0,"gold_gain":0,"player_choice":"Entered Light","damage_taken":23,"max_hp_gain":0,"max_hp_loss":0,"event_name":"Shining Light","floor":3,"gold_loss":0,"cards_upgraded":["Strike_G","Strike_G"]},{"cards_removed":["Finisher"],"damage_healed":47,"gold_gain":0,"player_choice":"Offered Uncommon","damage_taken":0,"max_hp_gain":0,"max_hp_loss":0,"event_name":"Bonfire Elementals","floor":4,"gold_loss":0},{"damage_healed":0,"gold_gain":0,"player_choice":"Cursed","damage_taken":0,"max_hp_gain":0,"max_hp_loss":0,"event_name":"Wheel of Change","floor":20,"gold_loss":0,"cards_obtained":["Decay"]}],"is_beta":false,"boss_relics":[{"not_picked":["Tiny House","Runic Pyramid"],"picked":"Orrery"}],"items_purged_floors":[],"is_endless":false,"potions_floor_spawned":[2,11,13,16,21],"killed_by":"Centurion and Healer","ascension_level":20}