{"gold_per_floor":[114,129,129,139,139,173,173,203,203,236,236,251,251,262,262,336,336,356,356,368,1,1,1],"floor_reached":23,"playtime":970,"items_purged":[],"score":397,"play_id":"68a0dc5e-ff84-4ccd-bfc6-66f3b8d44427","local_time":"20181208123728","is_ascension_mode":true,"campfire_choices":[{"floor":7,"key":"REST"},{"floor":11,"key":"REST"},{"floor":13,"key":"REST"},{"data":"Caltrops","floor":15,"key":"SMITH"}],"neow_cost":"NONE","seed_source_timestamp":2070775932659510,"circlet_count":0,"master_deck":["AscendersBane","Defend_G","Defend_G","Defend_G","Defend_G","Defend_G","Strike_G","Strike_G","Survivor","Neutralize+1","Dagger Spray+1","Well Laid Plans","Backflip","Sucker Punch","Corpse Explosion","Dash","Blur","Caltrops+1","After Image","Blur","Setup","Blur","Caltrops","Prepared","Blade Dance","Eviscerate"],"relics":["Ring of the Snake","CultistMask","Bottled Tornado","Pocketwatch","Nunchaku","Calipers","Black Star","Membership Card","Anchor"],"potions_floor_usage":[8,10,16,20],"damage_taken":[{"damage":1,"enemies":"Small Slimes","floor":1,"turns":4},{"damage":3,"enemies":"Cultist","floor":2,"turns":4},{"damage":2,"enemies":"2 Louse","floor":4,"turns":3},{"damage":22,"enemies":"3 Sentries","floor":6,"turns":10},{"damage":26,"enemies":"Lagavulin","floor":8,"turns":6},{"damage":10,"enemies":"3 Sentries","floor":10,"turns":2},{"damage":0,"enemies":"Large Slime","floor":12,"turns":4},{"damage":0,"enemies":"2 Fungi Beasts","floor":14,"turns":2},{"damage":3,"enemies":"Hexaghost","floor":16,"turns":9},{"damage":1,"enemies":"Chosen","floor":18,"turns":6},{"damage":50,"enemies":"2 Thieves","floor":20,"turns":4},{"damage":24,"enemies":"Slavers","floor":23,"turns":3}],"seed_played":"-3415406401109177413","potions_obtained":[{"floor":4,"key":"PowerPotion"},{"floor":8,"key":"FearPotion"},{"floor":12,"key":"PowerPotion"},{"floor":18,"key":"Regen Potion"}],"is_trial":false,"path_per_floor":["M","M","?","M","?","E","R","E","T","E","R","M","R","M","R","B",null,"M","?","M","$","?","E"],"character_chosen":"THE_SILENT","items_purchased":["Membership Card","Anchor","Caltrops","Prepared"],"campfire_rested":3,"item_purchase_floors":[21,21,21,21],"current_hp_per_floor":[58,55,55,53,53,31,50,24,24,14,33,33,52,52,52,49,62,61,61,23,23,23,0],"gold":1,"neow_bonus":"UPGRADE_CARD","is_prod":false,"is_daily":false,"chose_seed":false,"campfire_upgraded":1,"win_rate":0,"timestamp":1544290648,"path_taken":["M","M","?","M","?","E","R","E","T","E","R","M","R","M","R","BOSS","M","?","?","$","?","E"],"build_version":"2018-12-06","purchased_purges":0,"victory":false,"max_hp_per_floor":[66,66,66,66,66,66,66,66,66,66,66,66,66,66,66,66,66,66,66,66,66,66,66],"card_choices":[{"not_picked":["Blade Dance","Finisher"],"picked":"Dagger Spray","floor":1},{"not_picked":["Prepared","Infinite Blades"],"picked":"Well Laid Plans","floor":2},{"not_picked":["Deadly Poison","Underhanded Strike"],"picked":"Backflip","floor":4},{"not_picked":["Blade Dance","Deadly Poison"],"picked":"Sucker Punch","floor":6},{"not_picked":["Tactician","Blade Dance"],"picked":"Corpse Explosion","floor":8},{"not_picked":["Distraction","Infinite Blades"],"picked":"Dash","floor":10},{"not_picked":["All Out Attack","Endless Agony"],"picked":"Blur","floor":12},{"not_picked":["Cloak And Dagger","PiercingWail"],"picked":"Caltrops","floor":14},{"not_picked":["Die Die Die","Night Terror"],"picked":"After Image","floor":16},{"not_picked":["Slice","Deflect"],"picked":"Blur","floor":18},{"not_picked":["Sucker Punch","Corpse Explosion"],"picked":"Blur","floor":20}],"player_experience":604589,"relics_obtained":[{"floor":6,"key":"Bottled Tornado"},{"floor":8,"key":"Pocketwatch"},{"floor":9,"key":"Nunchaku"},{"floor":10,"key":"Calipers"}],"event_choices":[{"damage_healed":0,"gold_gain":0,"player_choice":"Grow","damage_taken":0,"max_hp_gain":0,"max_hp_loss":0,"event_name":"Living Wall","floor":3,"gold_loss":0,"cards_upgraded":["Dagger Spray"]},{"damage_healed":0,"gold_gain":0,"player_choice":"Trade","damage_taken":0,"relics_obtained":["CultistMask"],"max_hp_gain":0,"max_hp_loss":0,"event_name":"FaceTrader","floor":5,"gold_loss":0},{"damage_healed":0,"gold_gain":0,"cards_transformed":["Strike_G"],"player_choice":"Transformed","damage_taken":0,"max_hp_gain":0,"max_hp_loss":0,"event_name":"Transmorgrifier","floor":19,"gold_loss":0,"cards_obtained":["Setup"]},{"damage_healed":0,"gold_gain":0,"cards_transformed":["Strike_G","Strike_G"],"player_choice":"Became Test Subject","damage_taken":0,"max_hp_gain":0,"max_hp_loss":0,"event_name":"Drug Dealer","floor":22,"gold_loss":0,"cards_obtained":["Blade Dance","Eviscerate"]}],"is_beta":false,"boss_relics":[{"not_picked":["White Beast Statue","Runic Dome"],"picked":"Black Star"}],"items_purged_floors":[],"is_endless":false,"potions_floor_spawned":[4,8,12,18],"killed_by":"Slavers","ascension_level":18}