{"path_per_floor":["M","?","T","M","M","R","M","M","T","$","M","M","T","M","R","B",null,"M","M","M","M","?","$","R"],"character_chosen":"THE_SILENT","items_purchased":["Ornamental Fan","Poisoned Stab","Dagger Throw"],"gold_per_floor":[119,119,119,136,153,153,170,183,260,12,28,48,75,92,92,196,196,196,196,196,196,111,34,34],"floor_reached":25,"campfire_rested":3,"playtime":1940,"current_hp_per_floor":[31,31,31,26,15,36,18,9,9,9,1,13,13,9,30,16,70,62,47,37,10,10,10,31],"items_purged":[],"gold":34,"play_id":"d3be73e0-e255-4f88-bca5-3701a1437af5","is_prod":false,"is_daily":false,"campfire_rituals":0,"campfire_upgraded":0,"is_hardmode":false,"path_taken":["M","?","?","M","M","R","M","M","T","$","M","?","?","?","R","BOSS","M","?","M","M","?","$","R","M"],"build_version":"2017-12-21-PROD1","purchased_purges":0,"victory":false,"master_deck":["Defend_G","Defend_G","Defend_G","Defend_G","Defend_G","Strike_G","Strike_G","Strike_G","Strike_G","Strike_G","Survivor","Neutralize","Envenom","Catalyst","Distraction","PiercingWail","Deadly Poison","Poisoned Stab","Skewer","Blur","Quick Slash","Backflip","Deflect","Corpse Explosion","Escape Plan","Bane","Dodge and Roll","Crippling Poison","Poisoned Stab","Dagger Throw","Flying Knee"],"max_hp_per_floor":[70,70,70,70,70,70,70,70,70,70,70,70,70,70,70,70,70,70,70,70,70,70,70,70],"relics":["Ring of the Snake","Dream Catcher","Tiny Chest","Ornamental Fan","Blood Vial","Ectoplasm","Pen Nib"],"campfire_meditates":0,"card_choices":[{"not_picked":["A Thousand Cuts","Die Die Die"],"picked":"Envenom"},{"not_picked":["Slice","Choke"],"picked":"Catalyst"},{"not_picked":["Masterful Stab","Deflect"],"picked":"Distraction"},{"not_picked":["Deflect","Unload"],"picked":"PiercingWail"},{"not_picked":["Cloak And Dagger","Flying Knee"],"picked":"Deadly Poison"},{"not_picked":["Accuracy","Endless Agony"],"picked":"Poisoned Stab"},{"not_picked":["Blade Dance","Sucker Punch"],"picked":"Skewer"},{"not_picked":["Sucker Punch","Flying Knee"],"picked":"Blur"},{"not_picked":["Choke","Distraction"],"picked":"Quick Slash"},{"not_picked":["Sucker Punch","Flying Knee"],"picked":"Backflip"},{"not_picked":["Heel Hook","Accuracy"],"picked":"Deflect"},{"not_picked":["Tactician","Glass Knife"],"picked":"Corpse Explosion"},{"not_picked":["Dodge and Roll","Prepared"],"picked":"Escape Plan"},{"not_picked":["Flechettes","Escape Plan"],"picked":"Bane"},{"not_picked":["Poisoned Stab","Cloak And Dagger"],"picked":"Dodge and Roll"},{"not_picked":["Prepared","Acrobatics"],"picked":"Crippling Poison"},{"not_picked":["Sucker Punch","Quick Slash"],"picked":"Flying Knee"}],"player_experience":40608,"potions_floor_usage":[4,12,12],"damage_taken":[{"damage":4,"enemies":"Cultist","floor":1,"turns":5},{"damage":14,"enemies":"Looter","floor":4,"turns":4},{"damage":11,"enemies":"Blue Slaver","floor":5,"turns":5},{"damage":18,"enemies":"Gremlin Gang","floor":7,"turns":6},{"damage":9,"enemies":"Large Slime","floor":8,"turns":9},{"damage":8,"enemies":"Red Slaver","floor":11,"turns":5},{"damage":0,"enemies":"Exordium Wildlife","floor":12,"turns":4},{"damage":6,"enemies":"2 Fungi Beasts","floor":14,"turns":3},{"damage":16,"enemies":"Hexaghost","floor":16,"turns":8},{"damage":8,"enemies":"Chosen","floor":18,"turns":4},{"damage":17,"enemies":"Shell Parasite","floor":19,"turns":7},{"damage":12,"enemies":"Snake Plant","floor":20,"turns":5},{"damage":29,"enemies":"Snecko","floor":21,"turns":5},{"damage":38,"enemies":"Chosen and Byrds","floor":25,"turns":5}],"event_choices":[{"event_name":"Living Wall","player_choice":"Grow","floor":2,"damage_taken":0},{"event_name":"Addict","player_choice":"Obtained Relic","floor":22,"damage_taken":0}],"boss_relics":[{"not_picked":["Lizard Tail","Cursed Key"],"picked":"Ectoplasm"}],"potions_floor_spawned":[1,5,7,14,21],"seed_played":"-3745072568869958450","killed_by":"Chosen and Byrds","is_trial":false}