{"gold_per_floor":[119,44,119,132,132,132,163,174,228,255,270,280,280,280,280,357,357,368,368,388,407,377,377,377],"floor_reached":24,"playtime":1023,"items_purged":[],"score":412,"play_id":"c427df68-2707-4a6d-998a-74b49eed568b","local_time":"20181129115107","is_ascension_mode":true,"campfire_choices":[{"data":"Bash","floor":6,"key":"SMITH"},{"data":"Whirlwind","floor":13,"key":"SMITH"},{"floor":15,"key":"REST"},{"floor":23,"key":"REST"}],"neow_cost":"NONE","seed_source_timestamp":1290343905708978,"circlet_count":0,"master_deck":["AscendersBane","Strike_R","Defend_R","Defend_R","Defend_R","Defend_R","Bash+1","Evolve","Rampage","Whirlwind+1","Anger","Metallicize+1","True Grit","Immolate","Demon Form+1","Flex+1","Shrug It Off+1","Intimidate+1","Metallicize+1","Shrug It Off","Ghostly Armor"],"relics":["Burning Blood","Bag of Marbles","Frozen Egg 2","Strawberry","Ancient Tea Set","Kunai","Astrolabe"],"potions_floor_usage":[7,10,16,16,18,24],"damage_taken":[{"damage":7,"enemies":"Jaw Worm","floor":1,"turns":4},{"damage":3,"enemies":"2 Louse","floor":4,"turns":3},{"damage":26,"enemies":"3 Sentries","floor":7,"turns":8},{"damage":0,"enemies":"Small Slimes","floor":8,"turns":2},{"damage":30,"enemies":"Lagavulin","floor":10,"turns":5},{"damage":5,"enemies":"Red Slaver","floor":11,"turns":3},{"damage":10,"enemies":"3 Louse","floor":12,"turns":6},{"damage":7,"enemies":"Slime Boss","floor":16,"turns":7},{"damage":42,"enemies":"3 Byrds","floor":18,"turns":5},{"damage":20,"enemies":"Shell Parasite","floor":20,"turns":7},{"damage":20,"enemies":"Shelled Parasite and Fungi","floor":21,"turns":14},{"damage":35,"enemies":"Book of Stabbing","floor":24,"turns":3}],"seed_played":"-3272081894068464745","potions_obtained":[{"floor":1,"key":"Energy Potion"},{"floor":4,"key":"EssenceOfSteel"},{"floor":11,"key":"Explosive Potion"},{"floor":12,"key":"Weak Potion"},{"floor":16,"key":"Dexterity Potion"},{"floor":18,"key":"Explosive Potion"},{"floor":22,"key":"PowerPotion"},{"floor":22,"key":"Energy Potion"}],"is_trial":false,"path_per_floor":["M","?","?","M","T","R","E","M","T","E","M","M","R","?","R","B",null,"M","?","M","M","?","R","E"],"character_chosen":"IRONCLAD","items_purchased":[],"campfire_rested":2,"item_purchase_floors":[],"current_hp_per_floor":[67,67,56,59,59,59,46,52,52,28,29,25,25,25,49,48,74,38,38,24,10,10,34,0],"gold":377,"neow_bonus":"RANDOM_COMMON_RELIC","is_prod":false,"is_daily":false,"chose_seed":false,"campfire_upgraded":2,"win_rate":0,"timestamp":1543510267,"path_taken":["M","?","?","M","?","R","E","?","T","E","M","M","R","?","R","BOSS","M","?","M","M","?","R","E"],"build_version":"2018-11-15","purchased_purges":0,"victory":false,"max_hp_per_floor":[75,75,75,75,75,75,82,82,82,82,82,82,82,82,82,82,82,82,82,82,82,82,82,82],"card_choices":[{"not_picked":["Second Wind","Sword Boomerang"],"picked":"Evolve","floor":1},{"not_picked":["Wild Strike","Warcry"],"picked":"Rampage","floor":4},{"not_picked":["Rupture+1","Searing Blow"],"picked":"Whirlwind","floor":7},{"not_picked":["Warcry","Cleave"],"picked":"Anger","floor":8},{"not_picked":["Entrench","Cleave"],"picked":"Metallicize+1","floor":10},{"not_picked":["Havoc","Intimidate"],"picked":"True Grit","floor":11},{"not_picked":["Thunderclap","Power Through"],"picked":"Immolate","floor":12},{"not_picked":["Feed","Juggernaut+1"],"picked":"Demon Form+1","floor":16},{"not_picked":["Carnage","Body Slam"],"picked":"Metallicize+1","floor":18},{"not_picked":["True Grit","Wild Strike+1"],"picked":"Shrug It Off","floor":20},{"not_picked":["Clash","Armaments"],"picked":"Ghostly Armor","floor":21}],"player_experience":544506,"relics_obtained":[{"floor":5,"key":"Frozen Egg 2"},{"floor":7,"key":"Strawberry"},{"floor":9,"key":"Ancient Tea Set"},{"floor":10,"key":"Kunai"}],"event_choices":[{"cards_removed":["Strike_R"],"damage_healed":0,"gold_gain":0,"player_choice":"Card Removal","damage_taken":0,"max_hp_gain":0,"max_hp_loss":0,"event_name":"The Cleric","floor":2,"gold_loss":75},{"damage_healed":0,"gold_gain":75,"player_choice":"Gather Gold","damage_taken":11,"max_hp_gain":0,"max_hp_loss":0,"event_name":"World of Goop","floor":3,"gold_loss":0},{"damage_healed":0,"gold_gain":0,"player_choice":"Ignored","damage_taken":0,"max_hp_gain":0,"max_hp_loss":0,"event_name":"Liars Game","floor":14,"gold_loss":0},{"damage_healed":0,"gold_gain":0,"player_choice":"Ignored","damage_taken":0,"max_hp_gain":0,"max_hp_loss":0,"event_name":"Ghosts","floor":19,"gold_loss":0},{"damage_healed":0,"gold_gain":0,"player_choice":"Bought 2 Potions","damage_taken":0,"max_hp_gain":0,"max_hp_loss":0,"event_name":"The Woman in Blue","floor":22,"gold_loss":0}],"is_beta":false,"boss_relics":[{"not_picked":["Orrery","Fusion Hammer"],"picked":"Astrolabe"}],"items_purged_floors":[],"is_endless":false,"potions_floor_spawned":[1,4,11,12,16,18],"killed_by":"Book of Stabbing","ascension_level":20}