{"path_per_floor":["M","M","M","?","M","E","R","M","T","$","E","?","?","M","R"],"character_chosen":"DEFECT","items_purchased":["Capacitor","Coolheaded"],"gold_per_floor":[14,29,48,48,63,94,94,104,104,28,61,61,136,151,151,151],"floor_reached":16,"campfire_rested":2,"playtime":581,"item_purchase_floors":[10,10],"current_hp_per_floor":[74,73,73,85,77,51,76,68,68,68,36,36,25,1,26,0],"items_purged":[],"gold":151,"score":118,"play_id":"9d7278da-f252-46fc-aeed-70626205cb3c","local_time":"20180525235137","is_prod":false,"is_daily":false,"chose_seed":false,"is_ascension_mode":true,"campfire_upgraded":0,"win_rate":0.0,"timestamp":1527313897,"campfire_choices":[{"floor":7,"key":"REST"},{"floor":15,"key":"REST"}],"path_taken":["M","M","M","?","M","E","R","M","T","?","E","?","?","M","R","BOSS"],"build_version":"2018-05-24","seed_source_timestamp":1419894427616585,"purchased_purges":0,"victory":false,"master_deck":["Strike_B","Strike_B","Defend_B","Defend_B","Defend_B","Zap","Dualcast","Biased Cognition","Fusion","Loop","Skim","Compile Driver","Barrage","Capacitor","Coolheaded","Blizzard+1","Conserve Battery+1","Redo+1"],"max_hp_per_floor":[75,75,75,85,85,85,85,85,85,85,85,85,85,85,85,85],"relics":["Cracked Core","Anchor","Molten Egg 2","Toxic Egg 2"],"card_choices":[{"not_picked":["FTL","Rip and Tear"],"picked":"Fusion","floor":1},{"not_picked":["Static Discharge","Stack"],"picked":"Loop","floor":2},{"not_picked":["Leap","Auto Shields"],"picked":"Skim","floor":3},{"not_picked":["Scrape","Hologram"],"picked":"Compile Driver","floor":5},{"not_picked":["Streamline","Steam"],"picked":"Barrage","floor":6},{"not_picked":["Conserve Battery","Hello World","Go for the Eyes"],"picked":"SKIP","floor":8},{"not_picked":["Buffer","Doom and Gloom+1"],"picked":"Blizzard+1","floor":11},{"not_picked":["Stack+1","Rebound+1"],"picked":"Redo+1","floor":14}],"player_experience":345520,"potions_floor_usage":[3,8,11],"damage_taken":[{"damage":1,"enemies":"Jaw Worm","floor":1,"turns":3},{"damage":1,"enemies":"Cultist","floor":2,"turns":3},{"damage":0,"enemies":"Small Slimes","floor":3,"turns":3},{"damage":8,"enemies":"Exordium Wildlife","floor":5,"turns":2},{"damage":26,"enemies":"Lagavulin","floor":6,"turns":5},{"damage":8,"enemies":"3 Louse","floor":8,"turns":3},{"damage":32,"enemies":"Gremlin Nob","floor":11,"turns":4},{"damage":24,"enemies":"2 Fungi Beasts","floor":14,"turns":5},{"damage":26,"enemies":"The Guardian","floor":16,"turns":2}],"relics_obtained":[{"floor":6,"key":"Anchor"},{"floor":9,"key":"Molten Egg 2"},{"floor":11,"key":"Toxic Egg 2"}],"event_choices":[{"event_name":"Bonfire Elementals","player_choice":"RARE","floor":4,"damage_taken":0},{"event_name":"Transmorgrifier","player_choice":"Transform","floor":12,"damage_taken":0},{"event_name":"World of Goop","player_choice":"Gather Gold","floor":13,"damage_taken":0}],"boss_relics":[],"items_purged_floors":[],"potions_floor_spawned":[1,3,6,11],"seed_played":"3308640496951144432","killed_by":"The Guardian","ascension_level":1,"potions_obtained":[{"floor":1,"key":"Fire Potion"},{"floor":3,"key":"Explosive Potion"},{"floor":6,"key":"SteroidPotion"},{"floor":11,"key":"FocusPotion"}],"is_trial":false}