{"gold_per_floor":[111,126,137,151,168,168,179,212,237,237,253,253,33,67,67,164,164,177,195,195,208,226,226,253,13,13,24,24,24,54,67,67,171,171,186,201,201,201],"floor_reached":38,"playtime":1862,"items_purged":[],"score":688,"play_id":"0ba7eac7-dfbe-49e8-af87-74368572fe80","local_time":"20181103121928","is_ascension_mode":true,"campfire_choices":[{"data":"Zap","floor":6.0,"key":"SMITH"},{"data":"Go for the Eyes","floor":10.0,"key":"SMITH"},{"floor":12.0,"key":"REST"},{"data":"White Noise","floor":15.0,"key":"SMITH"},{"floor":23,"key":"REST"},{"floor":28,"key":"REST"},{"floor":32,"key":"REST"}],"neow_cost":"NONE","seed_source_timestamp":420185812765950,"circlet_count":0,"master_deck":["AscendersBane","Strike_B","Strike_B","Strike_B","Defend_B","Defend_B","Defend_B","Defend_B","Zap+1","Dualcast","Cold Snap","Genetic Algorithm","Streamline","Doom and Gloom","Go for the Eyes+1","Gash","Biased Cognition","Gash","White Noise+1","Electrodynamics","BootSequence","Tempest+1","Doom and Gloom","Conserve Battery","Cold Snap+1","Chill","Biased Cognition","Coolheaded","Buffer","Cold Snap+1","Chill","Multi-Cast","Chill"],"special_seed":0,"relics":["Cracked Core","Bronze Scales","Omamori","OrangePellets","Symbiotic Virus","White Beast Statue","Anchor","DollysMirror","Dream Catcher","Centennial Puzzle","Nuclear Battery"],"potions_floor_usage":[27,31,33,33,35,38],"damage_taken":[{"damage":0.0,"enemies":"Small Slimes","floor":1.0,"turns":3.0},{"damage":0.0,"enemies":"Cultist","floor":2.0,"turns":3.0},{"damage":0.0,"enemies":"Jaw Worm","floor":3.0,"turns":4.0},{"damage":16.0,"enemies":"Large Slime","floor":4.0,"turns":6.0},{"damage":5.0,"enemies":"2 Fungi Beasts","floor":5.0,"turns":4.0},{"damage":5.0,"enemies":"Red Slaver","floor":7.0,"turns":3.0},{"damage":23.0,"enemies":"Gremlin Nob","floor":8.0,"turns":5.0},{"damage":7.0,"enemies":"Exordium Wildlife","floor":11.0,"turns":4.0},{"damage":13.0,"enemies":"3 Sentries","floor":14.0,"turns":5.0},{"damage":28.0,"enemies":"Hexaghost","floor":16.0,"turns":8.0},{"damage":22.0,"enemies":"Shell Parasite","floor":18.0,"turns":4.0},{"damage":21.0,"enemies":"3 Byrds","floor":19.0,"turns":3.0},{"damage":6.0,"enemies":"3 Cultists","floor":21.0,"turns":3.0},{"damage":9.0,"enemies":"Sentry and Sphere","floor":22.0,"turns":4.0},{"damage":11,"enemies":"Book of Stabbing","floor":24,"turns":4},{"damage":8,"enemies":"Shelled Parasite and Fungi","floor":27,"turns":3},{"damage":2,"enemies":"Gremlin Leader","floor":30,"turns":6},{"damage":0,"enemies":"Snecko","floor":31,"turns":5},{"damage":50,"enemies":"Automaton","floor":33,"turns":11},{"damage":6,"enemies":"3 Darklings","floor":35,"turns":4},{"damage":0,"enemies":"3 Shapes","floor":36,"turns":6},{"damage":63,"enemies":"2 Orb Walkers","floor":38,"turns":6}],"seed_played":"1956411619160145049","potions_obtained":[{"floor":2.0,"key":"Regen Potion"},{"floor":4.0,"key":"Energy Potion"},{"floor":7.0,"key":"Weak Potion"},{"floor":8.0,"key":"Fire Potion"},{"floor":11.0,"key":"EssenceOfSteel"},{"floor":16.0,"key":"FearPotion"},{"floor":18.0,"key":"Strength Potion"},{"floor":19.0,"key":"Poison Potion"},{"floor":21.0,"key":"GamblersBrew"},{"floor":22.0,"key":"Fire Potion"},{"floor":24,"key":"SneckoOil"},{"floor":27,"key":"Strength Potion"},{"floor":31,"key":"EssenceOfSteel"},{"floor":33,"key":"Fire Potion"},{"floor":35,"key":"Strength Potion"},{"floor":36,"key":"Dexterity Potion"}],"is_trial":false,"path_per_floor":["M","M","M","M","M","R","M","E","T","R","M","R","$","E","R","B",null,"M","M","?","M","M","R","E","$","T","M","R","$","E","M","R","B",null,"M","M","?","?"],"character_chosen":"DEFECT","items_purchased":["OrangePellets","Gash","DollysMirror","Coolheaded"],"campfire_rested":4,"item_purchase_floors":[13,13,25,25],"current_hp_per_floor":[75,75,75,59,54,54,49,40,40,40,33,57,57,44,44,16,66,44,23,23,17,8,32,21,21,21,13,37,37,35,35,59,9,64,58,58,58,0],"gold":201,"neow_bonus":"TEN_PERCENT_HP_BONUS","is_prod":false,"is_daily":false,"chose_seed":false,"campfire_upgraded":3,"win_rate":0,"timestamp":1541261968,"path_taken":["M","M","M","M","M","R","M","E","T","R","M","R","$","E","R","BOSS","M","M","?","?","M","R","E","?","T","?","R","$","E","M","R","BOSS","M","M","?","?"],"build_version":"2018-11-01","purchased_purges":0,"victory":false,"max_hp_per_floor":[82,82,82,82,82,82,82,82,82,82,82,82,82,82,82,82,82,82,82,82,82,82,82,82,82,82,82,82,82,82,82,82,82,82,82,82,82,82],"card_choices":[{"not_picked":["Conserve Battery","Hologram"],"picked":"Cold Snap","floor":1.0},{"not_picked":["Recycle","Glacier"],"picked":"Genetic Algorithm","floor":2.0},{"not_picked":["Steam","Ball Lightning"],"picked":"Streamline","floor":3.0},{"not_picked":["Lockon","Coolheaded"],"picked":"Doom and Gloom","floor":4.0},{"not_picked":["Reinforced Body","Aggregate"],"picked":"Go for the Eyes","floor":5.0},{"not_picked":["Sweeping Beam","Storm"],"picked":"Gash","floor":7.0},{"not_picked":["Gash","Sunder"],"picked":"Biased Cognition","floor":8.0},{"not_picked":["Turbo","Aggregate"],"picked":"Cold Snap","floor":11.0},{"not_picked":["Force Field","Cold Snap"],"picked":"White Noise","floor":14.0},{"not_picked":["Machine Learning","Biased Cognition"],"picked":"Electrodynamics","floor":16.0},{"not_picked":["Steam","Hologram"],"picked":"BootSequence","floor":18.0},{"not_picked":["Steam Power","Undo"],"picked":"Tempest+1","floor":19.0},{"not_picked":["Heatsinks","Turbo"],"picked":"Conserve Battery","floor":21.0},{"not_picked":["Capacitor","Undo"],"picked":"Cold Snap+1","floor":22.0},{"not_picked":["Streamline","Redo"],"picked":"Chill","floor":24},{"not_picked":["Scrape","Double Energy"],"picked":"Buffer","floor":27},{"not_picked":["Blizzard","Barrage"],"picked":"Cold Snap+1","floor":28},{"not_picked":["Lockon","Turbo"],"picked":"Chill","floor":30},{"not_picked":["Ball Lightning","Turbo","Rip and Tear"],"picked":"SKIP","floor":31},{"not_picked":["Fission","Thunder Strike"],"picked":"Multi-Cast","floor":33},{"not_picked":["Aggregate","Streamline","Genetic Algorithm"],"picked":"SKIP","floor":35},{"not_picked":["Genetic Algorithm","Gash"],"picked":"Chill","floor":36}],"player_experience":172183,"relics_obtained":[{"floor":8.0,"key":"Bronze Scales"},{"floor":9.0,"key":"Omamori"},{"floor":14.0,"key":"Symbiotic Virus"},{"floor":24,"key":"Anchor"},{"floor":26,"key":"Dream Catcher"},{"floor":30,"key":"Centennial Puzzle"}],"event_choices":[{"damage_healed":0.0,"max_hp_gain":0.0,"max_hp_loss":0.0,"gold_gain":0.0,"cards_transformed":["Strike_B"],"event_name":"Transmorgrifier","player_choice":"Transformed","floor":20.0,"gold_loss":0.0,"damage_taken":0.0,"cards_obtained":["Doom and Gloom"]},{"cards_removed":["Cold Snap"],"damage_healed":0,"gold_gain":0,"player_choice":"Removed Attack","damage_taken":0,"max_hp_gain":0,"max_hp_loss":0,"event_name":"Falling","floor":37,"gold_loss":0},{"damage_healed":0,"gold_gain":0,"player_choice":"Fight","damage_taken":0,"max_hp_gain":0,"max_hp_loss":0,"event_name":"Mysterious Sphere","floor":38,"gold_loss":0}],"is_beta":false,"boss_relics":[{"not_picked":["Snecko Eye","Tiny House"],"picked":"White Beast Statue"},{"not_picked":["Runic Dome","Coffee Dripper"],"picked":"Nuclear Battery"}],"items_purged_floors":[],"is_endless":false,"potions_floor_spawned":[2,4,7,8,11,16,18,19,21,22,24,27,30,31,33,35,36],"killed_by":"2 Orb Walkers","ascension_level":12}