{"gold_per_floor":[117,217,236,247,264,290,290,290,366,366,366,395,412,423,423,500,500,516,516,154,154,54,54],"floor_reached":23,"playtime":969,"items_purged":["Strike_B","Defend_B"],"score":423,"play_id":"e1eb64ee-218a-484c-90e2-c68a31e547ca","local_time":"20181104130117","is_ascension_mode":true,"campfire_choices":[{"data":"Defragment","floor":7,"key":"SMITH"},{"data":"Go for the Eyes","floor":8,"key":"SMITH"},{"floor":10,"key":"REST"},{"data":"Dualcast","floor":11,"key":"SMITH"},{"data":"White Noise","floor":15,"key":"SMITH"}],"neow_cost":"NONE","seed_source_timestamp":91245262589308,"circlet_count":0,"master_deck":["AscendersBane","Defend_B","Defend_B","Zap+1","Dualcast+1","Cold Snap","Go for the Eyes+1","Defragment+1","Conserve Battery","Auto Shields","FTL","White Noise+1","Fission","Fusion+1","Aggregate+1","Multi-Cast+1","White Noise+1","Self Repair"],"relics":["Cracked Core","WingedGreaves","Meat on the Bone","Bag of Marbles","Astrolabe","Chemical X"],"potions_floor_usage":[12,12,16,18],"damage_taken":[{"damage":7,"enemies":"2 Louse","floor":1,"turns":2},{"damage":0,"enemies":"Cultist","floor":3,"turns":3},{"damage":5,"enemies":"Small Slimes","floor":4,"turns":3},{"damage":6,"enemies":"Looter","floor":5,"turns":3},{"damage":21,"enemies":"3 Sentries","floor":6,"turns":7},{"damage":8,"enemies":"Lagavulin","floor":12,"turns":7},{"damage":0,"enemies":"Large Slime","floor":13,"turns":4},{"damage":6,"enemies":"3 Louse","floor":14,"turns":3},{"damage":0,"enemies":"The Guardian","floor":16,"turns":11},{"damage":7,"enemies":"Chosen","floor":18,"turns":3},{"damage":61,"enemies":"Gremlin Leader","floor":23,"turns":6}],"seed_played":"1477752918001772769","potions_obtained":[{"floor":5,"key":"Energy Potion"},{"floor":6,"key":"FearPotion"},{"floor":12,"key":"EssenceOfSteel"},{"floor":16,"key":"Poison Potion"}],"is_trial":false,"path_per_floor":["M","?","M","M","M","E","R","R","T","R","R","E","M","M","R","B",null,"M","?","$","?","$","E"],"character_chosen":"DEFECT","items_purchased":["Chemical X","Self Repair"],"campfire_rested":1,"item_purchase_floors":[20,20],"current_hp_per_floor":[57,57,57,52,46,25,25,25,25,46,46,38,38,44,44,44,64,57,57,57,57,57,0],"gold":54,"neow_bonus":"UPGRADE_CARD","is_prod":false,"is_daily":false,"chose_seed":false,"campfire_upgraded":4,"win_rate":0,"timestamp":1541354477,"path_taken":["M","?","M","M","M","E","R","R","T","R","R","E","?","M","R","BOSS","M","?","$","?","$","E"],"build_version":"2018-11-01","purchased_purges":2,"victory":false,"max_hp_per_floor":[71,71,71,71,71,71,71,71,71,71,71,71,71,71,71,71,71,71,71,71,71,71,71],"card_choices":[{"not_picked":["Barrage","Loop"],"picked":"Cold Snap","floor":1},{"not_picked":["Steam Power","Hologram"],"picked":"Go for the Eyes","floor":3},{"not_picked":["Leap","Conserve Battery"],"picked":"Defragment","floor":4},{"not_picked":["Doom and Gloom","Hologram"],"picked":"Conserve Battery","floor":5},{"not_picked":["Force Field","Undo"],"picked":"Auto Shields","floor":6},{"not_picked":["Turbo","Redo"],"picked":"FTL","floor":12},{"not_picked":["Steam Power","Barrage","Force Field"],"picked":"SKIP","floor":13},{"not_picked":["Hologram","Streamline"],"picked":"White Noise","floor":14},{"not_picked":["Machine Learning","Seek"],"picked":"Fission","floor":16},{"not_picked":["Compile Driver","Rebound"],"picked":"White Noise+1","floor":18}],"player_experience":191078,"relics_obtained":[{"floor":6,"key":"WingedGreaves"},{"floor":9,"key":"Meat on the Bone"},{"floor":12,"key":"Bag of Marbles"}],"event_choices":[{"damage_healed":0,"gold_gain":100,"player_choice":"Pray","damage_taken":0,"max_hp_gain":0,"max_hp_loss":0,"event_name":"Golden Shrine","floor":2,"gold_loss":0},{"damage_healed":0,"gold_gain":0,"player_choice":"Ignored","damage_taken":0,"max_hp_gain":0,"max_hp_loss":0,"event_name":"Vampires","floor":19,"gold_loss":0},{"cards_removed":["Defend_B"],"damage_healed":0,"gold_gain":0,"player_choice":"Elegance","damage_taken":0,"max_hp_gain":0,"max_hp_loss":0,"event_name":"Back to Basics","floor":21,"gold_loss":0}],"is_beta":false,"boss_relics":[{"not_picked":["Eternal Feather","Coffee Dripper"],"picked":"Astrolabe"}],"items_purged_floors":[20,22],"is_endless":false,"potions_floor_spawned":[5,6,12,16],"killed_by":"Gremlin Leader","ascension_level":14}