{"gold_per_floor":[113,127,137,137,149,149,169,198,198,198,232,249,277,290,290,366,366,376,86,11,27,27,27,27],"floor_reached":24,"playtime":1003,"items_purged":["Strike_B"],"score":399,"play_id":"db016fe4-8074-4203-be2c-d95d1edb4189","local_time":"20181104222007","is_ascension_mode":true,"campfire_choices":[{"data":"Go for the Eyes","floor":6.0,"key":"SMITH"},{"floor":10.0,"key":"REST"},{"floor":15.0,"key":"REST"},{"floor":23,"key":"REST"}],"neow_cost":"NONE","seed_source_timestamp":124685364027482,"circlet_count":0,"master_deck":["AscendersBane","Strike_B","Defend_B","Defend_B","Defend_B","Defend_B","Zap+1","Dualcast","Go for the Eyes+1","Auto Shields","Static Discharge","Loop","Hologram","Static Discharge","Rebound","Coolheaded","All For One","Double Energy","Force Field","RitualDagger"],"special_seed":0,"relics":["Cracked Core","Dodecahedron","Bottled Tornado","Pear","Meat on the Bone","Nuclear Battery","OrangePellets"],"potions_floor_usage":[18],"damage_taken":[{"damage":7.0,"enemies":"Jaw Worm","floor":1.0,"turns":3.0},{"damage":0.0,"enemies":"Small Slimes","floor":2.0,"turns":3.0},{"damage":0.0,"enemies":"2 Louse","floor":3.0,"turns":2.0},{"damage":4.0,"enemies":"Large Slime","floor":5.0,"turns":8.0},{"damage":0.0,"enemies":"2 Fungi Beasts","floor":7.0,"turns":4.0},{"damage":36.0,"enemies":"Gremlin Nob","floor":8.0,"turns":5.0},{"damage":1.0,"enemies":"Lagavulin","floor":11.0,"turns":7.0},{"damage":1.0,"enemies":"Looter","floor":12.0,"turns":3.0},{"damage":39.0,"enemies":"Lagavulin Event","floor":13.0,"turns":5.0},{"damage":6.0,"enemies":"Blue Slaver","floor":14.0,"turns":4.0},{"damage":31.0,"enemies":"The Guardian","floor":16.0,"turns":11.0},{"damage":15,"enemies":"Spheric Guardian","floor":18,"turns":4},{"damage":42,"enemies":"2 Thieves","floor":21,"turns":4},{"damage":53,"enemies":"Book of Stabbing","floor":24,"turns":4}],"seed_played":"-5760530081920511311","potions_obtained":[{"floor":1.0,"key":"Dexterity Potion"},{"floor":7.0,"key":"Explosive Potion"},{"floor":12.0,"key":"Fruit Juice"},{"floor":13.0,"key":"Weak Potion"},{"floor":16.0,"key":"PowerPotion"},{"floor":18,"key":"Fruit Juice"}],"is_trial":false,"path_per_floor":["M","M","M","?","M","R","M","E","T","R","E","M","?","M","R","B",null,"M","$","?","M","?","R","E"],"character_chosen":"DEFECT","items_purchased":["OrangePellets"],"campfire_rested":3,"item_purchase_floors":[19],"current_hp_per_floor":[57,57,57,57,53,53,53,17,17,38,47,51,12,18,43,24,71,61,61,61,31,25,52,0],"gold":27,"neow_bonus":"REMOVE_CARD","is_prod":false,"is_daily":false,"chose_seed":false,"campfire_upgraded":1,"win_rate":0,"timestamp":1541388007,"path_taken":["M","M","M","?","M","R","M","E","T","R","E","M","?","M","R","BOSS","M","$","?","M","?","R","E"],"build_version":"2018-11-01","purchased_purges":1,"victory":false,"max_hp_per_floor":[71,71,71,71,71,71,71,71,71,71,81,86,86,86,86,86,86,91,91,91,91,91,91,91],"card_choices":[{"not_picked":["Lockon","Force Field"],"picked":"Go for the Eyes","floor":1.0},{"not_picked":["Rebound","Beam Cell"],"picked":"Auto Shields","floor":2.0},{"not_picked":["Cold Snap","Steam"],"picked":"Static Discharge","floor":3.0},{"not_picked":["Ball Lightning","Capacitor","Gash"],"picked":"SKIP","floor":5.0},{"not_picked":["Skim","Streamline"],"picked":"Loop","floor":7.0},{"not_picked":["Auto Shields","Ball Lightning"],"picked":"Hologram","floor":8.0},{"not_picked":["Leap","Rip and Tear","Rainbow"],"picked":"SKIP","floor":11.0},{"not_picked":["Compile Driver","Scrape"],"picked":"Static Discharge","floor":12.0},{"not_picked":["Redo","Hyperbeam"],"picked":"Rebound","floor":13.0},{"not_picked":["Go for the Eyes","Hologram"],"picked":"Coolheaded","floor":14.0},{"not_picked":["Hyperbeam","Core Surge"],"picked":"All For One","floor":16.0},{"not_picked":["Leap","Beam Cell"],"picked":"Double Energy","floor":18},{"not_picked":["Auto Shields","Rebound"],"picked":"Force Field","floor":21}],"player_experience":201437,"relics_obtained":[{"floor":8.0,"key":"Dodecahedron"},{"floor":9.0,"key":"Bottled Tornado"},{"floor":11.0,"key":"Pear"},{"floor":13.0,"key":"Meat on the Bone"}],"event_choices":[{"damage_healed":0.0,"max_hp_gain":0.0,"max_hp_loss":0.0,"gold_gain":0.0,"event_name":"Living Wall","player_choice":"Grow","floor":4.0,"gold_loss":0.0,"damage_taken":0.0,"cards_upgraded":["Zap"]},{"damage_healed":0.0,"max_hp_gain":0.0,"max_hp_loss":0.0,"gold_gain":30.0,"event_name":"Dead Adventurer","player_choice":"Searched \u00272\u0027 times","floor":13.0,"gold_loss":0.0,"damage_taken":0.0},{"cards_removed":["Strike_B"],"damage_healed":0,"gold_gain":0,"player_choice":"Gave Gold","damage_taken":0,"max_hp_gain":0,"max_hp_loss":0,"event_name":"Beggar","floor":20,"gold_loss":75},{"damage_healed":0,"gold_gain":0,"player_choice":"Joined the Cult","damage_taken":6,"max_hp_gain":0,"max_hp_loss":0,"event_name":"Nest","floor":22,"gold_loss":0,"cards_obtained":["RitualDagger"]}],"is_beta":false,"boss_relics":[{"not_picked":["Busted Crown","Fusion Hammer"],"picked":"Nuclear Battery"}],"items_purged_floors":[19],"is_endless":false,"potions_floor_spawned":[1,7,8,12,13,16,18],"killed_by":"Book of Stabbing","ascension_level":16}