{"gold_per_floor":[18,43,53,68,243,243,278,293,293,293,310,339,339,339,339,440,440,454,32,43,43,43],"floor_reached":22,"playtime":800,"items_purged":["Doubt"],"score":310,"play_id":"182359f0-6c9f-4527-9a27-c6ef822e9c5c","local_time":"20181103113525","is_ascension_mode":true,"campfire_choices":[{"data":"Zap","floor":6,"key":"SMITH"},{"floor":10,"key":"REST"},{"floor":13,"key":"REST"},{"floor":15,"key":"REST"}],"neow_cost":"NO_GOLD","seed_source_timestamp":418805549991475,"circlet_count":0,"master_deck":["AscendersBane","Strike_B","Strike_B","Defend_B","Defend_B","Defend_B","Defend_B","Zap+1","Dualcast","Steam","Loop","Go for the Eyes+1","Sweeping Beam","Doom and Gloom","Static Discharge","Gash","Sunder","Ball Lightning","Thunder Strike","Darkness","Ball Lightning"],"relics":["Cracked Core","Boot","Vajra","Sundial","Matryoshka","Sling","Bronze Scales","Nloth\u0027s Gift"],"potions_floor_usage":[12,16,22],"damage_taken":[{"damage":0,"enemies":"Cultist","floor":1,"turns":4},{"damage":1,"enemies":"Small Slimes","floor":3,"turns":3},{"damage":0,"enemies":"Jaw Worm","floor":4,"turns":4},{"damage":25,"enemies":"Lagavulin","floor":7,"turns":6},{"damage":9,"enemies":"Lots of Slimes","floor":8,"turns":3},{"damage":18,"enemies":"Large Slime","floor":11,"turns":3},{"damage":34,"enemies":"Gremlin Nob","floor":12,"turns":4},{"damage":47,"enemies":"Hexaghost","floor":16,"turns":8},{"damage":36,"enemies":"2 Thieves","floor":18,"turns":4},{"damage":28,"enemies":"Spheric Guardian","floor":20,"turns":4},{"damage":41,"enemies":"Centurion and Healer","floor":22,"turns":5}],"seed_played":"-4778554917998477594","potions_obtained":[{"floor":3,"key":"Strength Potion"},{"floor":8,"key":"Weak Potion"},{"floor":12,"key":"Fruit Juice"},{"floor":16,"key":"SpeedPotion"},{"floor":18,"key":"Explosive Potion"}],"is_trial":false,"path_per_floor":["M","T","M","M","?","R","E","M","T","R","M","E","R","?","R","B",null,"M","$","M","?","M"],"character_chosen":"DEFECT","items_purchased":["Sling","Bronze Scales"],"campfire_rested":3,"item_purchase_floors":[19,19],"current_hp_per_floor":[68,68,67,67,67,67,42,33,33,55,37,8,32,32,56,9,62,26,26,40,40,0],"gold":43,"neow_bonus":"TRANSFORM_TWO_CARDS","is_prod":false,"is_daily":false,"chose_seed":false,"campfire_upgraded":1,"win_rate":0,"timestamp":1541259325,"path_taken":["M","?","?","M","?","R","E","M","T","R","M","E","R","?","R","BOSS","M","$","?","?","?"],"build_version":"2018-11-01","purchased_purges":1,"victory":false,"max_hp_per_floor":[75,75,75,75,75,75,75,75,75,75,75,80,80,80,80,80,80,80,80,80,80,80],"card_choices":[{"not_picked":["Compile Driver","Auto Shields"],"picked":"Go for the Eyes","floor":1},{"not_picked":["Redo","Beam Cell"],"picked":"Sweeping Beam","floor":3},{"not_picked":["Glacier","Streamline"],"picked":"Doom and Gloom","floor":4},{"not_picked":["All For One","Rebound"],"picked":"Static Discharge","floor":7},{"not_picked":["Go for the Eyes","Compile Driver"],"picked":"Gash","floor":8},{"not_picked":["Leap","Auto Shields"],"picked":"Sunder","floor":11},{"not_picked":["Hello World","Consume"],"picked":"Ball Lightning","floor":12},{"not_picked":["Multi-Cast","Fission"],"picked":"Thunder Strike","floor":16},{"not_picked":["Cold Snap","Rebound+1"],"picked":"Darkness","floor":18},{"not_picked":["Sweeping Beam+1","Turbo"],"picked":"Ball Lightning","floor":20}],"player_experience":170825,"relics_obtained":[{"floor":2,"key":"Boot"},{"floor":7,"key":"Vajra"},{"floor":9,"key":"Sundial"},{"floor":12,"key":"Matryoshka"}],"event_choices":[{"damage_healed":0,"gold_gain":175,"player_choice":"AGREE","damage_taken":0,"max_hp_gain":0,"max_hp_loss":0,"event_name":"Liars Game","floor":5,"gold_loss":0,"cards_obtained":["Doubt"]},{"damage_healed":0,"gold_gain":0,"player_choice":"Forge","damage_taken":0,"max_hp_gain":0,"max_hp_loss":0,"event_name":"Accursed Blacksmith","floor":14,"gold_loss":0,"cards_upgraded":["Go for the Eyes"]},{"damage_healed":0,"gold_gain":0,"player_choice":"Traded Relic","damage_taken":0,"relics_obtained":["Nloth\u0027s Gift"],"max_hp_gain":0,"max_hp_loss":0,"event_name":"N\u0027loth","floor":21,"relics_lost":["Lizard Tail"],"gold_loss":0}],"is_beta":false,"boss_relics":[{"not_picked":["Velvet Choker","Cursed Key"],"picked":"Lizard Tail"}],"items_purged_floors":[19],"is_endless":false,"potions_floor_spawned":[3,8,12,16,18],"killed_by":"Centurion and Healer","ascension_level":12}