{"gold_per_floor":[110,110,122,122,122,122,156,175,256,281,338,338,370,383,383,481,481,497,5,22,22,40,73,73,83,83,110,110],"floor_reached":28,"playtime":3039,"items_purged":["Pain"],"score":290,"play_id":"b79771df-8bb5-4ff9-81e5-41f68959e4c3","local_time":"20190307111358","is_ascension_mode":true,"campfire_choices":[{"data":"Anger","floor":6.0,"key":"SMITH"},{"floor":12,"key":"REST"},{"floor":15,"key":"REST"},{"floor":24,"key":"REST"}],"neow_cost":"NONE","seed_source_timestamp":0,"circlet_count":0,"master_deck":["Strike_R","Strike_R","Strike_R","Strike_R","Strike_R","Defend_R","Defend_R","Defend_R","Defend_R","Bash","Headbutt","Anger+1","Regret","Infernal Blade","Clash","Iron Wave","Shrug It Off","Feed","Iron Wave","Demon Form+1","Headbutt+1","Ghostly Armor","Pommel Strike","Headbutt","Body Slam+1"],"special_seed":0,"relics":["Lizard Tail","WarpedTongs","Mummified Hand","Du-Vu Doll","Question Card","Tiny Chest","Potion Belt","Frozen Egg 2","Smiling Mask","Black Star","Torii","Anchor","PreservedInsect","Matryoshka","Happy Flower","Self Forming Clay","Lantern","Regal Pillow"],"potions_floor_usage":[16,16,27,27,27],"damage_taken":[{"damage":13.0,"enemies":"Jaw Worm","floor":1.0,"turns":6.0},{"damage":4.0,"enemies":"Cultist","floor":3.0,"turns":3.0},{"damage":39.0,"enemies":"3 Sentries","floor":7.0,"turns":7.0},{"damage":4.0,"enemies":"2 Louse","floor":8.0,"turns":2.0},{"damage":20.0,"enemies":"Gremlin Nob","floor":10.0,"turns":4.0},{"damage":20.0,"enemies":"Gremlin Nob","floor":11.0,"turns":3.0},{"damage":10,"enemies":"3 Sentries","floor":13,"turns":6},{"damage":5,"enemies":"Exordium Wildlife","floor":14,"turns":2},{"damage":28,"enemies":"Slime Boss","floor":16,"turns":8},{"damage":8,"enemies":"Spheric Guardian","floor":18,"turns":3},{"damage":3,"enemies":"Chosen","floor":20,"turns":4},{"damage":17,"enemies":"Centurion and Healer","floor":22,"turns":7},{"damage":37,"enemies":"Slavers","floor":23,"turns":6},{"damage":32,"enemies":"Snecko","floor":25,"turns":6},{"damage":11,"enemies":"Book of Stabbing","floor":27,"turns":3},{"damage":22,"enemies":"Sentry and Sphere","floor":28,"turns":5}],"seed_played":"647279301549506458","potions_obtained":[{"floor":1.0,"key":"LiquidBronze"},{"floor":11,"key":"AttackPotion"},{"floor":14,"key":"Regen Potion"},{"floor":16,"key":"FearPotion"},{"floor":20,"key":"Poison Potion"},{"floor":22,"key":"Strength Potion"},{"floor":23,"key":"Poison Potion"}],"is_trial":false,"path_per_floor":["M","?","M","?","T","R","E","M","T","E","?","R","E","M","R","B",null,"M","$","M","?","M","E","R","M","T","E","M"],"character_chosen":"IRONCLAD","items_purchased":["Torii","Anchor"],"campfire_rested":3,"item_purchase_floors":[19,19],"current_hp_per_floor":[67,67,63,63,63,63,24,20,20,40,20,44,34,29,53,25,80,72,72,72,72,55,21,46,14,14,12,0],"gold":110,"neow_bonus":"BOSS_RELIC","is_prod":false,"is_daily":false,"chose_seed":false,"campfire_upgraded":1,"win_rate":0,"timestamp":1551953638,"path_taken":["M","?","?","?","?","R","E","?","T","E","?","R","E","M","R","BOSS","M","$","M","?","M","E","R","M","T","E","M"],"build_version":"2019-01-23","purchased_purges":1,"victory":false,"max_hp_per_floor":[80,80,80,80,80,80,80,80,80,80,80,80,80,80,80,80,80,80,80,83,83,83,86,86,86,86,86,89],"card_choices":[{"not_picked":["Evolve","Thunderclap"],"picked":"Headbutt","floor":1.0},{"not_picked":["Pummel","Shockwave"],"picked":"Anger","floor":3.0},{"not_picked":["Wild Strike","Combust"],"picked":"Infernal Blade","floor":7.0},{"not_picked":["Flame Barrier","Disarm","Flex"],"picked":"Clash","floor":8.0},{"not_picked":["Sever Soul","Perfected Strike","Wild Strike"],"picked":"Iron Wave","floor":10.0},{"not_picked":["Rupture","Flex","Ghostly Armor"],"picked":"Shrug It Off","floor":11},{"not_picked":["Seeing Red","Carnage","Sentinel"],"picked":"Feed","floor":13},{"not_picked":["Warcry","Heavy Blade","Sentinel"],"picked":"Iron Wave","floor":14},{"not_picked":["Dark Embrace+1","Bludgeon","Double Tap"],"picked":"Demon Form+1","floor":16},{"not_picked":["Havoc","Whirlwind","Flex+1"],"picked":"Headbutt+1","floor":18},{"not_picked":["Havoc","Reckless Charge","Warcry+1"],"picked":"Ghostly Armor","floor":20},{"not_picked":["Thunderclap+1","Armaments","Anger"],"picked":"Pommel Strike","floor":22},{"not_picked":["Clash","Carnage","Dropkick"],"picked":"Headbutt","floor":23},{"not_picked":["Armaments","Twin Strike","Sentinel+1","True Grit"],"picked":"SKIP","floor":25},{"not_picked":["Burning Pact","Second Wind","Intimidate+1"],"picked":"Body Slam+1","floor":27}],"player_experience":39989,"relics_obtained":[{"floor":5.0,"key":"Du-Vu Doll"},{"floor":7.0,"key":"Question Card"},{"floor":9.0,"key":"Tiny Chest"},{"floor":10.0,"key":"Potion Belt"},{"floor":11,"key":"Frozen Egg 2"},{"floor":13,"key":"Smiling Mask"},{"floor":23,"key":"PreservedInsect"},{"floor":23,"key":"Matryoshka"},{"floor":26,"key":"Happy Flower"},{"floor":26,"key":"Self Forming Clay"},{"floor":27,"key":"Lantern"},{"floor":27,"key":"Regal Pillow"}],"event_choices":[{"damage_healed":0.0,"max_hp_gain":0.0,"max_hp_loss":0.0,"gold_gain":0.0,"event_name":"Accursed Blacksmith","player_choice":"Rummage","floor":2.0,"gold_loss":0.0,"damage_taken":0.0,"relics_obtained":["WarpedTongs"],"cards_obtained":["Pain"]},{"damage_healed":0.0,"max_hp_gain":0.0,"max_hp_loss":0.0,"gold_gain":0.0,"event_name":"Big Fish","player_choice":"Box","floor":4.0,"gold_loss":0.0,"damage_taken":0.0,"relics_obtained":["Mummified Hand"],"cards_obtained":["Regret"]},{"damage_healed":0.0,"max_hp_gain":0.0,"max_hp_loss":0.0,"gold_gain":0.0,"event_name":"Dead Adventurer","player_choice":"Searched \u00272\u0027 times","floor":11.0,"gold_loss":0.0,"damage_taken":0.0},{"damage_healed":0,"gold_gain":0,"player_choice":"Ignored","damage_taken":0,"max_hp_gain":0,"max_hp_loss":0,"event_name":"Beggar","floor":21,"gold_loss":0}],"is_beta":false,"boss_relics":[{"not_picked":["Cursed Key","Orrery"],"picked":"Black Star"}],"items_purged_floors":[19],"is_endless":false,"potions_floor_spawned":[1,11,14,16,20,22,23],"killed_by":"Sentry and Sphere","ascension_level":1}