{"path_per_floor":["M","?","M","M","M","E","M","M","T","?","R","$","M","?","R","B",null,"M","M","?","M","?","E","R","M","T","?","?"],"character_chosen":"THE_SILENT","items_purchased":["Footwork"],"gold_per_floor":[113,63,82,92,102,136,152,162,185,155,155,3,15,15,15,114,144,158,173,173,187,187,212,212,232,232,232,232],"floor_reached":29,"campfire_rested":3,"playtime":1983,"current_hp_per_floor":[70,70,64,61,51,18,12,12,12,12,33,33,33,33,54,33,75,71,58,58,63,63,1,38,10,10,10,10],"items_purged":["Defend_G"],"gold":232,"play_id":"0cb500b9-a098-4370-9572-b3568c8a094e","is_prod":false,"is_daily":false,"campfire_rituals":0,"campfire_upgraded":0,"is_hardmode":false,"path_taken":["M","?","M","?","M","E","M","M","T","?","R","$","?","?","R","BOSS","M","M","?","M","?","E","R","?","T","?","?","M"],"build_version":"2017-12-21-PROD1","purchased_purges":1,"victory":false,"master_deck":["Defend_G","Defend_G","Defend_G","Defend_G","Strike_G","Strike_G","Strike_G","Strike_G","Survivor","Neutralize","Sucker Punch","Noxious Fumes","Well Laid Plans","Noxious Fumes","Distraction","Poisoned Stab","Prepared","Escape Plan","Footwork","Footwork","Die Die Die","Flying Knee","Dodge and Roll","Adrenaline","Escape Plan","Writhe","Dagger Throw","Backflip","Bane"],"max_hp_per_floor":[70,70,70,70,70,70,70,70,70,70,70,70,70,70,70,70,75,75,75,75,75,75,75,75,75,75,75,75],"relics":["Ring of the Snake","Toxic Egg","Prayer Wheel","Tiny House","Regal Pillow","Torii","Frozen Egg","Girya"],"campfire_meditates":0,"card_choices":[{"not_picked":["PiercingWail","Slice"],"picked":"Sucker Punch"},{"not_picked":["Sucker Punch","PiercingWail"],"picked":"Noxious Fumes"},{"not_picked":["Dash","Deadly Poison"],"picked":"Well Laid Plans"},{"not_picked":["Flying Knee","PiercingWail"],"picked":"Noxious Fumes"},{"not_picked":["Flechettes","Underhanded Strike"],"picked":"Distraction"},{"not_picked":["Eviscerate","Acrobatics"],"picked":"Poisoned Stab"},{"not_picked":["Skewer","Well Laid Plans"],"picked":"Prepared"},{"not_picked":["Sucker Punch","Infinite Blades"],"picked":"Escape Plan"},{"not_picked":["Cloak And Dagger","Deflect"],"picked":"Footwork"},{"not_picked":["Phantasmal Killer","Unload"],"picked":"Die Die Die"},{"not_picked":["Underhanded Strike","Dash"],"picked":"Flying Knee"},{"not_picked":["Cloak And Dagger","Dagger Spray"],"picked":"Dodge and Roll"},{"not_picked":["Dagger Throw","Predator"],"picked":"Adrenaline"},{"not_picked":["PiercingWail","Predator"],"picked":"Escape Plan"},{"not_picked":["Accuracy","Malaise"],"picked":"Dagger Throw"},{"not_picked":["Deflect","Dagger Throw"],"picked":"Backflip"},{"not_picked":["Distraction","Acrobatics"],"picked":"Bane"}],"player_experience":78788,"potions_floor_usage":[29],"damage_taken":[{"damage":0.0,"enemies":"Cultist","floor":1.0,"turns":4.0},{"damage":6.0,"enemies":"Looter","floor":3.0,"turns":4.0},{"damage":3.0,"enemies":"Blue Slaver","floor":4.0,"turns":5.0},{"damage":10.0,"enemies":"3 Louse","floor":5.0,"turns":3.0},{"damage":33.0,"enemies":"Gremlin Nob","floor":6.0,"turns":5.0},{"damage":12.0,"enemies":"Red Slaver","floor":7.0,"turns":3.0},{"damage":0.0,"enemies":"Exordium Wildlife","floor":8.0,"turns":3.0},{"damage":0.0,"enemies":"2 Fungi Beasts","floor":13.0,"turns":4.0},{"damage":21.0,"enemies":"Slime Boss","floor":16.0,"turns":10.0},{"damage":4.0,"enemies":"Chosen","floor":18.0,"turns":6.0},{"damage":13.0,"enemies":"2 Thieves","floor":19.0,"turns":4.0},{"damage":4.0,"enemies":"3 Cultists","floor":21.0,"turns":5.0},{"damage":62.0,"enemies":"Slavers","floor":23.0,"turns":6.0},{"damage":28.0,"enemies":"Snake Plant","floor":25.0,"turns":4.0},{"damage":17,"enemies":"Snecko","floor":29,"turns":3}],"event_choices":[{"event_name":"The Cleric","player_choice":"Card Removal","floor":2.0,"damage_taken":0.0},{"event_name":"The Woman in Blue","player_choice":"Bought 2 Potions","floor":10.0,"damage_taken":0.0},{"event_name":"Living Wall","player_choice":"Grow","floor":14.0,"damage_taken":0.0},{"event_name":"Accursed Blacksmith","player_choice":"Rummage","floor":20.0,"damage_taken":0.0},{"event_name":"The Mausoleum","player_choice":"Yes","floor":22.0,"damage_taken":0.0},{"event_name":"Vampires","player_choice":"Ignored","floor":27.0,"damage_taken":0.0},{"event_name":"Wheel of Change","player_choice":"Card Removal","floor":28.0,"damage_taken":0.0}],"boss_relics":[],"potions_floor_spawned":[1,6,16,19,25],"seed_played":"-6630335546030092692","killed_by":"Snecko","is_trial":false}