{"gold_per_floor":[112,128,139,156,121,121,151,170,170,170,202,202,202],"floor_reached":13,"playtime":495,"items_purged":[],"score":190,"play_id":"c372c5d2-438a-4102-8ada-fedff86065f5","local_time":"20190220104920","is_ascension_mode":true,"campfire_choices":[{"data":"Ball Lightning","floor":6,"key":"SMITH"},{"floor":10,"key":"REST"}],"neow_cost":"NONE","seed_source_timestamp":274860046174042,"circlet_count":0,"master_deck":["AscendersBane","Strike_B","Strike_B","Strike_B","Strike_B+1","Defend_B","Defend_B","Defend_B","Defend_B","Zap","Dualcast","White Noise","Reinforced Body","Compile Driver","Ball Lightning+1","Sweeping Beam+1","Darkness"],"relics":["Cracked Core","Whetstone","Omamori","DataDisk","GremlinMask"],"potions_floor_usage":[4,4,7,7],"damage_taken":[{"damage":16,"enemies":"Small Slimes","floor":1,"turns":3},{"damage":4,"enemies":"Jaw Worm","floor":2,"turns":4},{"damage":1,"enemies":"Cultist","floor":3,"turns":4},{"damage":29,"enemies":"Gremlin Gang","floor":4,"turns":5},{"damage":20,"enemies":"Lagavulin","floor":7,"turns":7},{"damage":5,"enemies":"Exordium Thugs","floor":8,"turns":3},{"damage":36,"enemies":"Gremlin Nob","floor":11,"turns":4},{"damage":7,"enemies":"2 Fungi Beasts","floor":13,"turns":1}],"seed_played":"-4859317361927179940","potions_obtained":[{"floor":1,"key":"Energy Potion"},{"floor":2,"key":"EntropicBrew"},{"floor":11,"key":"SteroidPotion"}],"is_trial":false,"path_per_floor":["M","M","M","M","?","R","E","M","T","R","E","?","M"],"character_chosen":"DEFECT","items_purchased":[],"campfire_rested":1,"item_purchase_floors":[],"current_hp_per_floor":[55,51,50,21,40,40,20,15,15,38,2,2,0],"gold":202,"neow_bonus":"TEN_PERCENT_HP_BONUS","is_prod":false,"is_daily":false,"chose_seed":false,"campfire_upgraded":1,"win_rate":0,"timestamp":1550677760,"path_taken":["M","M","M","M","?","R","E","M","T","R","E","?","M"],"build_version":"2019-01-23","purchased_purges":0,"victory":false,"max_hp_per_floor":[78,78,78,78,78,78,78,78,78,78,78,78,78],"card_choices":[{"not_picked":["Scrape","Barrage"],"picked":"White Noise","floor":1},{"not_picked":["Conserve Battery","Turbo"],"picked":"Reinforced Body","floor":2},{"not_picked":["Leap","Gash"],"picked":"Compile Driver","floor":3},{"not_picked":["All For One","Conserve Battery"],"picked":"Ball Lightning","floor":4},{"not_picked":["Storm","Leap"],"picked":"Sweeping Beam","floor":7},{"not_picked":["Streamline","Rebound","Skim"],"picked":"SKIP","floor":8},{"not_picked":["Redo","Hello World"],"picked":"Darkness","floor":11}],"player_experience":677046,"relics_obtained":[{"floor":7,"key":"Whetstone"},{"floor":9,"key":"Omamori"},{"floor":11,"key":"DataDisk"}],"event_choices":[{"damage_healed":19,"gold_gain":0,"player_choice":"Healed","damage_taken":0,"max_hp_gain":0,"max_hp_loss":0,"event_name":"The Cleric","floor":5,"gold_loss":35},{"damage_healed":0,"gold_gain":0,"player_choice":"Trade","damage_taken":0,"relics_obtained":["GremlinMask"],"max_hp_gain":0,"max_hp_loss":0,"event_name":"FaceTrader","floor":12,"gold_loss":0}],"is_beta":false,"boss_relics":[],"items_purged_floors":[],"is_endless":false,"potions_floor_spawned":[1,2,11],"killed_by":"2 Fungi Beasts","ascension_level":20}