{"gold_per_floor":[112,112,74,86,11,11,26,42,42,77,77,89,89,102,102,199,199,185,185,197,58,74,74,403,403,403,417,417,139,139,149,149,149],"floor_reached":33,"playtime":5837,"items_purged":["Strike_R","Writhe","Decay"],"score":292,"play_id":"187f74e7-257d-40c3-bdd1-7147b62a8ec3","local_time":"20180701221821","is_ascension_mode":false,"campfire_choices":[{"data":"Power Through","floor":6.0,"key":"SMITH"},{"floor":11.0,"key":"REST"},{"data":"Body Slam","floor":15.0,"key":"SMITH"},{"data":"Rampage","floor":23,"key":"SMITH"},{"floor":25,"key":"REST"},{"data":"Rampage","floor":28,"key":"SMITH"},{"floor":32,"key":"REST"}],"neow_cost":"","seed_source_timestamp":0,"circlet_count":0,"master_deck":["Strike_R","Strike_R","Strike_R","Strike_R","Defend_R","Defend_R","Defend_R","Defend_R","Bash","Shrug It Off","Dropkick","Power Through+1","Body Slam+1","Shrug It Off","Second Wind","Burning Pact","Berserk","Decay","Rampage+1","Rampage+1","Body Slam","Rage","Impervious","Warcry"],"special_seed":17713,"relics":["Runic Cube","Pen Nib","Toolbox","Bronze Scales","Dream Catcher","Calling Bell","Strawberry","Pear","Thread and Needle","Old Coin","Unceasing Top","Lantern","Blood Vial"],"potions_floor_usage":[24,24,33,33],"damage_taken":[{"damage":6.0,"enemies":"2 Louse","floor":1.0,"turns":3.0},{"damage":5.0,"enemies":"Small Slimes","floor":4.0,"turns":5.0},{"damage":0.0,"enemies":"Jaw Worm","floor":7.0,"turns":4.0},{"damage":9.0,"enemies":"Exordium Wildlife","floor":8.0,"turns":6.0},{"damage":15.0,"enemies":"Gremlin Nob","floor":10.0,"turns":5.0},{"damage":0.0,"enemies":"Gremlin Gang","floor":12.0,"turns":5.0},{"damage":0.0,"enemies":"Looter","floor":14.0,"turns":2.0},{"damage":41.0,"enemies":"Hexaghost","floor":16.0,"turns":11.0},{"damage":9.0,"enemies":"2 Thieves","floor":18.0,"turns":4.0},{"damage":3,"enemies":"Chosen","floor":20,"turns":6},{"damage":35,"enemies":"Centurion and Healer","floor":22,"turns":8},{"damage":18,"enemies":"Slavers","floor":24,"turns":7},{"damage":20,"enemies":"Snake Plant","floor":27,"turns":4},{"damage":7,"enemies":"3 Cultists","floor":31,"turns":5},{"damage":87,"enemies":"Champ","floor":33,"turns":14}],"seed_played":"-6663063780602350471","potions_obtained":[{"floor":4.0,"key":"Regen Potion"},{"floor":7.0,"key":"Regen Potion"},{"floor":8.0,"key":"EssenceOfSteel"},{"floor":12.0,"key":"Dexterity Potion"},{"floor":16.0,"key":"Fire Potion"},{"floor":18.0,"key":"Energy Potion"},{"floor":20,"key":"PowerPotion"},{"floor":27,"key":"Dexterity Potion"}],"is_trial":false,"path_per_floor":["M","?","$","M","$","R","M","M","T","E","R","M","?","M","R","B",null,"M","?","M","$","M","R","E","R","T","M","R","$","?","M","R"],"character_chosen":"IRONCLAD","items_purchased":["Dropkick","Rampage","Lantern"],"campfire_rested":3,"item_purchase_floors":[],"current_hp_per_floor":[74,49,49,44,44,44,44,50,50,35,59,63,63,63,63,37,97,88,88,85,85,50,50,36,65,65,45,45,45,45,40,69,0],"gold":149,"neow_bonus":"","is_prod":false,"is_daily":false,"chose_seed":false,"campfire_upgraded":4,"win_rate":0.0,"timestamp":1530497901,"path_taken":["M","?","$","M","$","R","M","M","T","E","R","M","?","M","R","BOSS","M","?","M","?","M","R","E","R","T","M","R","$","?","M","R","BOSS"],"build_version":"2018-06-28","purchased_purges":3,"victory":false,"max_hp_per_floor":[80,80,80,80,80,80,80,80,80,80,80,80,80,80,80,80,97,97,97,97,97,97,97,97,97,97,97,97,97,97,97,97,97],"card_choices":[{"not_picked":["Clothesline","Flex"],"picked":"Shrug It Off","floor":1.0},{"not_picked":["Iron Wave","Perfected Strike"],"picked":"Power Through","floor":4.0},{"not_picked":["Warcry","Perfected Strike"],"picked":"Body Slam","floor":7.0},{"not_picked":["Thunderclap","Flex"],"picked":"Shrug It Off","floor":8.0},{"not_picked":["Feel No Pain","Shrug It Off"],"picked":"Second Wind","floor":10.0},{"not_picked":["Armaments","Cleave"],"picked":"Burning Pact","floor":12.0},{"not_picked":["Combust","Thunderclap","Intimidate"],"picked":"SKIP","floor":14.0},{"not_picked":["Offering","Reaper"],"picked":"Berserk","floor":16.0},{"not_picked":["Cleave","Flex+1","Shrug It Off"],"picked":"SKIP","floor":18.0},{"not_picked":["Cleave","Flex+1","Shrug It Off"],"picked":"SKIP","floor":18.0},{"not_picked":["Cleave","Flex+1","Shrug It Off"],"picked":"SKIP","floor":18.0},{"not_picked":["Sword Boomerang","Hemokinesis"],"picked":"Rampage","floor":20},{"not_picked":["Iron Wave","Twin Strike","Fire Breathing"],"picked":"SKIP","floor":22},{"not_picked":["Fire Breathing","Armaments"],"picked":"Body Slam","floor":24},{"not_picked":["Clothesline","Cleave"],"picked":"Rage","floor":25},{"not_picked":["Body Slam","Rupture+1"],"picked":"Impervious","floor":27},{"not_picked":["Headbutt","True Grit"],"picked":"Warcry","floor":31}],"player_experience":3361,"relics_obtained":[{"floor":9.0,"key":"Toolbox"},{"floor":10.0,"key":"Bronze Scales"},{"floor":17.0,"key":"Strawberry"},{"floor":17.0,"key":"Pear"},{"floor":17.0,"key":"Thread and Needle"},{"floor":24,"key":"Old Coin"},{"floor":26,"key":"Unceasing Top"}],"event_choices":[{"event_name":"Scrap Ooze","player_choice":"success","floor":2.0,"damage_taken":25.0},{"event_name":"Dead Adventurer","player_choice":"Searched \u00272\u0027 times","floor":13.0,"damage_taken":0.0},{"event_name":"The Woman in Blue","player_choice":"Bought 0 Potions","floor":19,"damage_taken":0},{"event_name":"The Mausoleum","player_choice":"Yes","floor":30,"damage_taken":0}],"boss_relics":[{"not_picked":["Eternal Feather","Tiny House"],"picked":"Calling Bell"}],"items_purged_floors":[],"is_endless":false,"potions_floor_spawned":[4,7,8,12,16,18,20,27],"killed_by":"Champ","ascension_level":0}