{"gold_per_floor":[109,109,34,34,47,47,57,57,80,106,118,151,165,215,215,289,289,306,320,351,361,77,77,2,16,16,45,95,95,113,141,141,214,214,225,225,25,25,25,25,25,25,50,62,92,92,107,125,125,125],"floor_reached":51,"playtime":2342,"items_purged":["Strike_R","Strike_R"],"score":1461,"play_id":"69f93757-38b5-4784-8014-0f798caa9f0d","local_time":"20181128232140","is_ascension_mode":true,"campfire_choices":[{"data":"Bash","floor":6,"key":"SMITH"},{"data":"Iron Wave","floor":8,"key":"SMITH"},{"data":"Rampage","floor":15,"key":"SMITH"},{"floor":23,"key":"REST"},{"floor":29,"key":"REST"},{"floor":32,"key":"REST"},{"data":"Corruption","floor":40,"key":"SMITH"},{"data":"Shockwave","floor":41,"key":"SMITH"},{"floor":46,"key":"REST"},{"floor":49,"key":"REST"}],"neow_cost":"NONE","seed_source_timestamp":1244048195490939,"circlet_count":0,"master_deck":["AscendersBane","Defend_R","Defend_R","Defend_R","Bash+1","Feed+1","Sword Boomerang","Iron Wave+1","Rampage+1","Iron Wave","Shrug It Off","Shockwave+1","Evolve","Offering","Corruption+1","Inflame+1","Sentinel","Offering","Sentinel","Ghostly Armor","Sentinel","Exhume","Master of Strategy","Feel No Pain","Shrug It Off","Madness","Madness","Feel No Pain","Whirlwind"],"relics":["Burning Blood","CultistMask","Lantern","Mercury Hourglass","Blood Vial","Runic Pyramid","Red Mask","Regal Pillow","WingedGreaves","Red Skull","Charon\u0027s Ashes","Busted Crown","Bag of Marbles","Self Forming Clay"],"potions_floor_usage":[10,12,16,19,20,33,47,50,50],"damage_taken":[{"damage":8,"enemies":"Jaw Worm","floor":1,"turns":5},{"damage":5,"enemies":"Small Slimes","floor":5,"turns":4},{"damage":3,"enemies":"2 Louse","floor":7,"turns":2},{"damage":25,"enemies":"Gremlin Nob","floor":10,"turns":4},{"damage":22,"enemies":"Lots of Slimes","floor":11,"turns":3},{"damage":13,"enemies":"Lagavulin","floor":12,"turns":5},{"damage":8,"enemies":"Large Slime","floor":13,"turns":3},{"damage":31,"enemies":"Hexaghost","floor":16,"turns":9},{"damage":22,"enemies":"2 Thieves","floor":18,"turns":3},{"damage":6,"enemies":"Chosen","floor":19,"turns":6},{"damage":18,"enemies":"Masked Bandits","floor":20,"turns":4},{"damage":28,"enemies":"Snake Plant","floor":21,"turns":5},{"damage":26,"enemies":"3 Cultists","floor":25,"turns":6},{"damage":52,"enemies":"Gremlin Leader","floor":27,"turns":5},{"damage":26,"enemies":"Shelled Parasite and Fungi","floor":30,"turns":4},{"damage":21,"enemies":"Slavers","floor":31,"turns":4},{"damage":67,"enemies":"Collector","floor":33,"turns":9},{"damage":18,"enemies":"Orb Walker","floor":35,"turns":3},{"damage":19,"enemies":"3 Darklings","floor":44,"turns":3},{"damage":18,"enemies":"Giant Head","floor":45,"turns":5},{"damage":12,"enemies":"Spire Growth","floor":47,"turns":4},{"damage":12,"enemies":"Jaw Worm Horde","floor":48,"turns":4},{"damage":87,"enemies":"Time Eater","floor":50,"turns":10}],"seed_played":"2006832410601591412","potions_obtained":[{"floor":1,"key":"GamblersBrew"},{"floor":10,"key":"Block Potion"},{"floor":12,"key":"GamblersBrew"},{"floor":16,"key":"Ancient Potion"},{"floor":18,"key":"Explosive Potion"},{"floor":27,"key":"FearPotion"},{"floor":31,"key":"Dexterity Potion"},{"floor":44,"key":"GamblersBrew"},{"floor":48,"key":"FearPotion"}],"is_trial":false,"path_per_floor":["M","?","?","?","M","R","M","R","T","E","M","E","M","?","R","B",null,"M","M","?","M","$","R","?","M","T","E","?","R","M","E","R","B",null,"M","?","$","?","?","R","R","?","T","M","E","R","M","M","R","B",null],"character_chosen":"IRONCLAD","items_purchased":["Regal Pillow","Sentinel","Feel No Pain","Shrug It Off"],"campfire_rested":5,"item_purchase_floors":[22,22,37,37],"current_hp_per_floor":[66,66,66,66,71,71,78,78,78,59,47,40,44,44,44,21,74,64,70,64,48,48,95,95,81,81,37,37,85,71,58,107,48,98,92,82,82,61,61,61,61,61,61,50,40,90,86,86,123,42],"gold":125,"neow_bonus":"TRANSFORM_CARD","is_prod":false,"is_daily":false,"chose_seed":false,"campfire_upgraded":5,"win_rate":0,"timestamp":1543465300,"path_taken":["M","?","?","?","M","R","M","R","T","E","?","E","M","?","R","BOSS","M","?","?","M","$","R","?","M","T","E","?","R","M","E","R","BOSS","M","?","$","?","?","R","R","?","T","M","E","R","M","M","R","BOSS"],"build_version":"2018-11-15","purchased_purges":2,"victory":true,"max_hp_per_floor":[75,75,75,75,79,79,83,83,83,83,87,87,91,91,91,91,91,95,99,103,107,107,107,107,111,111,111,111,111,115,115,115,115,115,119,119,119,119,119,119,119,119,119,119,119,119,119,123,123,123],"card_choices":[{"not_picked":["Armaments","Body Slam"],"picked":"Sword Boomerang","floor":1},{"not_picked":["Body Slam","Havoc"],"picked":"Iron Wave","floor":5},{"not_picked":["Perfected Strike","Havoc"],"picked":"Rampage","floor":7},{"not_picked":["Havoc","Sword Boomerang"],"picked":"Iron Wave","floor":10},{"not_picked":["Juggernaut","Clash"],"picked":"Shrug It Off","floor":11},{"not_picked":["Blood for Blood","Power Through"],"picked":"Shockwave","floor":12},{"not_picked":["Pommel Strike","Cleave"],"picked":"Evolve","floor":13},{"not_picked":["Juggernaut","Limit Break"],"picked":"Offering","floor":16},{"not_picked":["Cleave","Armaments","Searing Blow+1"],"picked":"SKIP","floor":18},{"not_picked":["Sword Boomerang","Cleave"],"picked":"Corruption","floor":19},{"not_picked":["Havoc+1","Seeing Red"],"picked":"Inflame","floor":20},{"not_picked":["Pommel Strike","Wild Strike","Dual Wield"],"picked":"SKIP","floor":21},{"not_picked":["Shrug It Off","Second Wind"],"picked":"Offering","floor":25},{"not_picked":["Havoc","Clash+1"],"picked":"Sentinel","floor":27},{"not_picked":["Sword Boomerang","Wild Strike"],"picked":"Ghostly Armor","floor":30},{"not_picked":["Searing Blow","Iron Wave"],"picked":"Sentinel","floor":31},{"not_picked":["Limit Break","Offering"],"picked":"Exhume","floor":33},{"not_picked":["Evolve+1"],"picked":"SKIP","floor":35},{"not_picked":[],"picked":"Master of Strategy","floor":36},{"not_picked":["Anger"],"picked":"SKIP","floor":44},{"not_picked":[],"picked":"Feel No Pain","floor":45},{"not_picked":["Warcry"],"picked":"SKIP","floor":47},{"not_picked":[],"picked":"Whirlwind","floor":48}],"player_experience":536838,"relics_obtained":[{"floor":9,"key":"Lantern"},{"floor":10,"key":"Mercury Hourglass"},{"floor":12,"key":"Blood Vial"},{"floor":20,"key":"Red Mask"},{"floor":26,"key":"WingedGreaves"},{"floor":27,"key":"Red Skull"},{"floor":31,"key":"Charon\u0027s Ashes"},{"floor":43,"key":"Bag of Marbles"},{"floor":45,"key":"Self Forming Clay"}],"event_choices":[{"damage_healed":0,"gold_gain":0,"player_choice":"Grow","damage_taken":0,"max_hp_gain":0,"max_hp_loss":0,"event_name":"Living Wall","floor":2,"gold_loss":0,"cards_upgraded":["Feed"]},{"cards_removed":["Strike_R"],"damage_healed":0,"gold_gain":0,"player_choice":"Card Removal","damage_taken":0,"max_hp_gain":0,"max_hp_loss":0,"event_name":"The Cleric","floor":3,"gold_loss":75},{"damage_healed":0,"gold_gain":0,"player_choice":"Trade","damage_taken":0,"relics_obtained":["CultistMask"],"max_hp_gain":0,"max_hp_loss":0,"event_name":"FaceTrader","floor":4,"gold_loss":0},{"damage_healed":0,"gold_gain":50,"player_choice":"Pray","damage_taken":0,"max_hp_gain":0,"max_hp_loss":0,"event_name":"Golden Shrine","floor":14,"gold_loss":0},{"damage_healed":0,"gold_gain":0,"player_choice":"Fought Bandits","damage_taken":0,"max_hp_gain":0,"max_hp_loss":0,"event_name":"Masked Bandits","floor":20,"gold_loss":0},{"cards_removed":["Strike_R"],"damage_healed":0,"gold_gain":0,"player_choice":"Gave Gold","damage_taken":0,"max_hp_gain":0,"max_hp_loss":0,"event_name":"Beggar","floor":24,"gold_loss":75},{"damage_healed":0,"gold_gain":50,"player_choice":"Stole From Cult","damage_taken":0,"max_hp_gain":0,"max_hp_loss":0,"event_name":"Nest","floor":28,"gold_loss":0},{"damage_healed":0,"gold_gain":0,"player_choice":"Memory 3","damage_taken":10,"max_hp_gain":0,"max_hp_loss":0,"event_name":"SensoryStone","floor":36,"gold_loss":0},{"damage_healed":0,"gold_gain":0,"player_choice":"Embrace Madness","damage_taken":21,"max_hp_gain":0,"max_hp_loss":0,"event_name":"Winding Halls","floor":38,"gold_loss":0,"cards_obtained":["Madness","Madness"]},{"cards_removed":["Defend_R"],"damage_healed":0,"gold_gain":0,"player_choice":"Removed Skill","damage_taken":0,"max_hp_gain":0,"max_hp_loss":0,"event_name":"Falling","floor":39,"gold_loss":0},{"damage_healed":0,"gold_gain":0,"player_choice":"Forge","damage_taken":0,"max_hp_gain":0,"max_hp_loss":0,"event_name":"Accursed Blacksmith","floor":42,"gold_loss":0,"cards_upgraded":["Inflame"]}],"is_beta":false,"boss_relics":[{"not_picked":["Lizard Tail","Snecko Eye"],"picked":"Runic Pyramid"},{"not_picked":["Pandora\u0027s Box","Tiny House"],"picked":"Busted Crown"}],"items_purged_floors":[22,37],"is_endless":false,"potions_floor_spawned":[1,10,12,16,18,27,31,44,48],"ascension_level":19}