{"gold_per_floor":[13,26,42,55,67,67,80,97,147,147,147,162,162],"floor_reached":13,"playtime":1363,"items_purged":[],"score":81,"play_id":"88b6a8de-7b7f-4871-bdbd-a0ae7220810e","local_time":"20190104131349","is_ascension_mode":false,"campfire_choices":[{"floor":6,"key":"REST"}],"neow_cost":"NO_GOLD","seed_source_timestamp":1227661380010700,"circlet_count":0,"master_deck":["Strike_R","Strike_R","Strike_R","Strike_R","Strike_R","Defend_R","Defend_R","Defend_R","Defend_R","Bash","Double Tap","Sever Soul","Dual Wield","Armaments","Body Slam+1","Warcry","Cleave","Combust","Injury","Shrug It Off"],"relics":["Burning Blood","Juzu Bracelet","Golden Idol"],"potions_floor_usage":[7],"damage_taken":[{"damage":1,"enemies":"Cultist","floor":1,"turns":3},{"damage":5,"enemies":"Small Slimes","floor":2,"turns":2},{"damage":5,"enemies":"2 Louse","floor":3,"turns":3},{"damage":16,"enemies":"Lots of Slimes","floor":4,"turns":5},{"damage":15,"enemies":"Red Slaver","floor":5,"turns":4},{"damage":31,"enemies":"Exordium Thugs","floor":7,"turns":6},{"damage":10,"enemies":"Looter","floor":8,"turns":4},{"damage":12,"enemies":"3 Louse","floor":12,"turns":2},{"damage":64,"enemies":"Gremlin Nob","floor":13,"turns":5}],"seed_played":"21689482722229078","potions_obtained":[{"floor":1,"key":"Dexterity Potion"},{"floor":4,"key":"Ancient Potion"},{"floor":12,"key":"LiquidBronze"}],"is_trial":false,"path_per_floor":["M","M","M","M","M","R","M","M","T","?","?","M","E"],"character_chosen":"IRONCLAD","items_purchased":[],"campfire_rested":1,"item_purchase_floors":[],"current_hp_per_floor":[80,80,80,70,61,80,55,51,51,51,51,45,0],"gold":162,"neow_bonus":"THREE_RARE_CARDS","is_prod":false,"is_daily":false,"chose_seed":false,"campfire_upgraded":0,"win_rate":0.0,"timestamp":1546568029,"path_taken":["M","M","M","M","M","R","M","M","T","?","?","M","E"],"build_version":"2018-12-20","purchased_purges":0,"victory":false,"max_hp_per_floor":[80,80,80,80,80,80,80,80,80,80,80,80,80],"card_choices":[{"not_picked":["Brutality","Barricade"],"picked":"Double Tap","floor":0},{"not_picked":["Headbutt","Iron Wave"],"picked":"Sever Soul","floor":1},{"not_picked":["Clothesline","Iron Wave"],"picked":"Dual Wield","floor":2},{"not_picked":["Twin Strike","Thunderclap"],"picked":"Armaments","floor":3},{"not_picked":["Offering","Armaments"],"picked":"Body Slam","floor":4},{"not_picked":["Shrug It Off","Sword Boomerang"],"picked":"Warcry","floor":5},{"not_picked":["Fire Breathing","Thunderclap"],"picked":"Cleave","floor":7},{"not_picked":["Armaments","Hemokinesis"],"picked":"Combust","floor":8},{"not_picked":["Armaments","Clash"],"picked":"Shrug It Off","floor":12}],"player_experience":2101,"relics_obtained":[{"floor":9,"key":"Juzu Bracelet"}],"event_choices":[{"damage_healed":0,"gold_gain":0,"player_choice":"Upgraded","damage_taken":0,"max_hp_gain":0,"max_hp_loss":0,"event_name":"Upgrade Shrine","floor":10,"gold_loss":0,"cards_upgraded":["Body Slam"]},{"damage_healed":0,"gold_gain":0,"player_choice":"Take Wound","damage_taken":0,"relics_obtained":["Golden Idol"],"max_hp_gain":0,"max_hp_loss":0,"event_name":"Golden Idol","floor":11,"gold_loss":0,"cards_obtained":["Injury"]}],"is_beta":false,"boss_relics":[],"items_purged_floors":[],"is_endless":false,"potions_floor_spawned":[1,4,12],"killed_by":"Gremlin Nob","ascension_level":0}