{"gold_per_floor":[216,232,182,59,59,90,104,104,127,97,115,130,130,146,146,246,246,263,277,291,391,306,335,335,153,153,179,192,210,210,210,210,307,307,322,94,104,118,135,135,167,179,191,213,225,237,52,70,70,70,70,70,24,55,55],"floor_reached":56,"playtime":4410,"items_purged":["Defend_G","Strike_G","Defend_G"],"score":1219,"play_id":"2473accc-dc91-4148-8ffd-4a06b2fae083","local_time":"20190301120002","is_ascension_mode":false,"campfire_choices":[{"data":"Venomology","floor":8.0,"key":"SMITH"},{"data":"Burst","floor":13.0,"key":"SMITH"},{"data":"Noxious Fumes","floor":15.0,"key":"SMITH"},{"data":"Adrenaline","floor":24.0,"key":"SMITH"},{"data":"Noxious Fumes","floor":30.0,"key":"SMITH"},{"data":"Well Laid Plans","floor":32.0,"key":"SMITH"},{"data":"Apotheosis","floor":40,"key":"SMITH"},{"data":"1","floor":42,"key":"LIFT"},{"data":"2","floor":46,"key":"LIFT"},{"floor":49,"key":"RECALL"},{"data":"Footwork","floor":52,"key":"SMITH"}],"neow_cost":"NONE","seed_source_timestamp":217059183504839,"circlet_count":0,"master_deck":["Defend_G","Survivor","Neutralize","Accuracy","Noxious Fumes+1","Dodge and Roll","Venomology+1","Backstab","Burst+1","Cloak And Dagger","Caltrops","Malaise","Endless Agony+1","Riddle With Holes+1","Tactician+1","PiercingWail","Cloak And Dagger","Dagger Spray","Caltrops","Adrenaline+1","Well Laid Plans+1","Terror","Noxious Fumes+1","Apotheosis+1","Infinite Blades","Leg Sweep","Backflip","Dodge and Roll","Decay","Footwork+1","Noxious Fumes+1","Backflip","Accuracy+1"],"special_seed":0,"relics":["Ring of the Snake","Centennial Puzzle","Bag of Preparation","Astrolabe","Girya","Mummified Hand","Snake Skull","Bird Faced Urn","Letter Opener","FossilizedHelix","Cursed Key","MawBank","Ginger"],"potions_floor_usage":[39,39,41,48,50,50,54,55,55,55],"damage_taken":[{"damage":4.0,"enemies":"Cultist","floor":1.0,"turns":5.0},{"damage":0.0,"enemies":"Jaw Worm","floor":2.0,"turns":4.0},{"damage":13.0,"enemies":"3 Sentries","floor":6.0,"turns":7.0},{"damage":1.0,"enemies":"Small Slimes","floor":7.0,"turns":5.0},{"damage":1.0,"enemies":"Looter","floor":10.0,"turns":4.0},{"damage":0.0,"enemies":"Lots of Slimes","floor":11.0,"turns":9.0},{"damage":0.0,"enemies":"2 Fungi Beasts","floor":12.0,"turns":3.0},{"damage":9.0,"enemies":"Exordium Thugs","floor":14.0,"turns":4.0},{"damage":0.0,"enemies":"The Guardian","floor":16.0,"turns":10.0},{"damage":5.0,"enemies":"Shell Parasite","floor":18.0,"turns":6.0},{"damage":4.0,"enemies":"Chosen","floor":19.0,"turns":7.0},{"damage":0.0,"enemies":"Shelled Parasite and Fungi","floor":20.0,"turns":6.0},{"damage":15.0,"enemies":"Colosseum Slavers","floor":21.0,"turns":5.0},{"damage":13.0,"enemies":"Colosseum Nobs","floor":21.0,"turns":6.0},{"damage":19.0,"enemies":"Slavers","floor":23.0,"turns":4.0},{"damage":7.0,"enemies":"Book of Stabbing","floor":27.0,"turns":4.0},{"damage":0.0,"enemies":"Cultist and Chosen","floor":28.0,"turns":4.0},{"damage":0.0,"enemies":"Sentry and Sphere","floor":29.0,"turns":4.0},{"damage":19.0,"enemies":"Collector","floor":33.0,"turns":8.0},{"damage":0.0,"enemies":"3 Shapes","floor":35.0,"turns":4.0},{"damage":4.0,"enemies":"3 Darklings","floor":37.0,"turns":3.0},{"damage":6.0,"enemies":"Sphere and 2 Shapes","floor":38.0,"turns":4.0},{"damage":0,"enemies":"Spire Growth","floor":39,"turns":2},{"damage":0,"enemies":"Reptomancer","floor":41,"turns":5},{"damage":0,"enemies":"4 Shapes","floor":44,"turns":4},{"damage":0,"enemies":"Sphere and 2 Shapes","floor":48,"turns":5},{"damage":28,"enemies":"Awakened One","floor":50,"turns":11},{"damage":37,"enemies":"Shield and Spear","floor":54,"turns":6},{"damage":68,"enemies":"The Heart","floor":55,"turns":8}],"seed_played":"-6725273977692651260","potions_obtained":[{"floor":1.0,"key":"LiquidBronze"},{"floor":2.0,"key":"Explosive Potion"},{"floor":7.0,"key":"Regen Potion"},{"floor":14.0,"key":"SkillPotion"},{"floor":19.0,"key":"GhostInAJar"},{"floor":21.0,"key":"Regen Potion"},{"floor":27.0,"key":"FairyPotion"},{"floor":33.0,"key":"SkillPotion"},{"floor":37.0,"key":"Block Potion"},{"floor":39,"key":"Fire Potion"}],"is_trial":false,"path_per_floor":["M","M","?","$","?","E","M","R","T","M","M","M","R","M","R","B",null,"M","M","M","?","?","E","R","$","T","E","M","M","R","?","R","B",null,"M","$","M","M","M","R","E","R","T","M","?","R","$","M","R","B",null,"R","$","E","B",null],"character_chosen":"THE_SILENT","items_purchased":["Dodge and Roll","Well Laid Plans","Apotheosis","Infinite Blades","Footwork","Backflip"],"campfire_rested":0,"item_purchase_floors":[4,25,36,36,47,53],"current_hp_per_floor":[66,66,66,66,66,53,52,52,52,65,65,65,65,56,56,56,70,65,61,61,33,33,43,43,43,43,44,54,64,64,64,64,51,70,70,70,68,66,70,70,70,70,70,70,70,70,70,70,70,50,70,70,70,57,9],"gold":55,"neow_bonus":"HUNDRED_GOLD","is_prod":false,"is_daily":false,"chose_seed":false,"campfire_upgraded":8,"win_rate":0,"timestamp":1551438002,"path_taken":["M","?","?","$","?","E","M","R","T","M","M","M","R","M","R","BOSS","M","M","M","?","?","E","R","$","T","E","M","M","R","?","R","BOSS","M","$","?","M","M","R","E","R","T","M","?","R","$","M","R","BOSS","R","$","E","BOSS"],"build_version":"2019-01-23","purchased_purges":3,"victory":true,"max_hp_per_floor":[70,70,70,70,70,70,70,70,70,70,70,70,70,70,70,70,70,70,70,70,70,70,70,70,70,70,70,70,70,70,70,70,70,70,70,70,70,70,70,70,70,70,70,70,70,70,70,70,70,70,70,70,70,70,70],"card_choices":[{"not_picked":["Acrobatics","Heel Hook"],"picked":"Accuracy","floor":1.0},{"not_picked":["Poisoned Stab","Backflip"],"picked":"Noxious Fumes","floor":2.0},{"not_picked":["Quick Slash","Dagger Spray"],"picked":"Venomology","floor":6.0},{"not_picked":["Cloak And Dagger","Bane"],"picked":"Backstab","floor":7.0},{"not_picked":["Crippling Poison","Dagger Throw"],"picked":"Burst","floor":10.0},{"not_picked":["Dagger Throw","Expertise"],"picked":"Cloak And Dagger","floor":11.0},{"not_picked":["Expertise","Flying Knee"],"picked":"Caltrops","floor":12.0},{"not_picked":["Riddle With Holes","Distraction","Backflip"],"picked":"SKIP","floor":14.0},{"not_picked":["Grand Finale","Die Die Die"],"picked":"Malaise","floor":16.0},{"not_picked":["Sucker Punch","Escape Plan"],"picked":"PiercingWail","floor":18.0},{"not_picked":["All Out Attack+1","Deadly Poison"],"picked":"Cloak And Dagger","floor":19.0},{"not_picked":["Quick Slash","Deflect"],"picked":"Dagger Spray","floor":20.0},{"not_picked":["Poisoned Stab","Outmaneuver"],"picked":"Caltrops","floor":21.0},{"not_picked":["Poisoned Stab","Eviscerate"],"picked":"Adrenaline","floor":23.0},{"not_picked":["Acrobatics","Poisoned Stab+1","Underhanded Strike"],"picked":"SKIP","floor":27.0},{"not_picked":["Slice","Poisoned Stab+1"],"picked":"Terror","floor":28.0},{"not_picked":["Calculated Gamble","Choke"],"picked":"Noxious Fumes","floor":29.0},{"not_picked":["Dagger Spray","Acrobatics","Flechettes+1"],"picked":"SKIP","floor":35.0},{"not_picked":["Cloak And Dagger","Crippling Poison"],"picked":"Leg Sweep","floor":37.0},{"not_picked":["Flying Knee+1","Underhanded Strike+1"],"picked":"Backflip","floor":38.0},{"not_picked":["Sucker Punch+1","Cloak And Dagger","Dagger Throw+1"],"picked":"SKIP","floor":39},{"not_picked":["Tools of the Trade","Acrobatics"],"picked":"Dodge and Roll","floor":41},{"not_picked":["Dodge and Roll","Slice","Outmaneuver"],"picked":"SKIP","floor":44},{"not_picked":["Flechettes+1","Riddle With Holes+1"],"picked":"Noxious Fumes+1","floor":48},{"not_picked":["Deadly Poison+1","Bane+1"],"picked":"Accuracy+1","floor":54}],"player_experience":278299,"relics_obtained":[{"floor":6.0,"key":"Centennial Puzzle"},{"floor":9.0,"key":"Bag of Preparation"},{"floor":21.0,"key":"Girya"},{"floor":21.0,"key":"Mummified Hand"},{"floor":23.0,"key":"Bird Faced Urn"},{"floor":26.0,"key":"Letter Opener"},{"floor":27.0,"key":"FossilizedHelix"},{"floor":41,"key":"MawBank"},{"floor":54,"key":"Ginger"}],"event_choices":[{"cards_removed":["Strike_G"],"damage_healed":0.0,"max_hp_gain":0.0,"max_hp_loss":0.0,"gold_gain":0.0,"event_name":"The Cleric","player_choice":"Card Removal","floor":3.0,"gold_loss":50.0,"damage_taken":0.0},{"cards_removed":["Strike_G"],"damage_healed":0.0,"max_hp_gain":0.0,"max_hp_loss":0.0,"gold_gain":0.0,"event_name":"Purifier","player_choice":"Purged","floor":5.0,"gold_loss":0.0,"damage_taken":0.0},{"damage_healed":0.0,"max_hp_gain":0.0,"max_hp_loss":0.0,"gold_gain":0.0,"event_name":"Colosseum","player_choice":"Fight","floor":21.0,"gold_loss":0.0,"damage_taken":0.0},{"damage_healed":0.0,"max_hp_gain":0.0,"max_hp_loss":0.0,"gold_gain":0.0,"event_name":"Colosseum","player_choice":"Fought Nobs","floor":21.0,"gold_loss":0.0,"damage_taken":0.0},{"damage_healed":0.0,"max_hp_gain":0.0,"max_hp_loss":0.0,"gold_gain":0.0,"event_name":"Addict","player_choice":"Obtained Relic","floor":22.0,"gold_loss":85.0,"damage_taken":0.0,"relics_obtained":["Snake Skull"]},{"cards_removed":["Defend_G"],"damage_healed":0.0,"max_hp_gain":0.0,"max_hp_loss":0.0,"gold_gain":0.0,"event_name":"Purifier","player_choice":"Purged","floor":31.0,"gold_loss":0.0,"damage_taken":0.0},{"damage_healed":0,"gold_gain":0,"player_choice":"Ignored","damage_taken":0,"max_hp_gain":0,"max_hp_loss":0,"event_name":"Tomb of Lord Red Mask","floor":45,"gold_loss":0}],"is_beta":false,"boss_relics":[{"not_picked":["Empty Cage","White Beast Statue"],"picked":"Astrolabe"},{"not_picked":["Tiny House","Lizard Tail"],"picked":"Cursed Key"}],"items_purged_floors":[4,25,47],"is_endless":false,"potions_floor_spawned":[1,2,7,12,14,19,21,27,33,37,39,41],"ascension_level":0}