{"gold_per_floor":[116,133,8,8,8,52,75,75,75,22,46,46,80,98,98,223,223,244,257,277,377,377],"floor_reached":22,"playtime":1588,"items_purged":["Decay"],"score":241,"play_id":"230136cf-de00-4253-b3bf-350d52a8a392","local_time":"20190302080408","is_ascension_mode":true,"campfire_choices":[{"data":"Reaper","floor":8.0,"key":"SMITH"},{"data":"Uppercut","floor":12.0,"key":"SMITH"},{"data":"Shrug It Off","floor":15.0,"key":"SMITH"}],"neow_cost":"CURSE","seed_source_timestamp":0,"circlet_count":0,"master_deck":["Strike_R","Strike_R","Strike_R","Strike_R","Strike_R","Defend_R","Defend_R","Defend_R","Defend_R","Bash","Pommel Strike","Disarm","Uppercut+1","Reaper+1","Shrug It Off+1","Dropkick","Havoc","Feed","Clothesline","Shrug It Off","Shrug It Off+1"],"special_seed":0,"relics":["Black Blood","Golden Idol","Anchor","Mercury Hourglass","Ornamental Fan"],"potions_floor_usage":[],"damage_taken":[{"damage":3.0,"enemies":"Cultist","floor":1.0,"turns":3.0},{"damage":2.0,"enemies":"2 Louse","floor":2.0,"turns":3.0},{"damage":33.0,"enemies":"Gremlin Nob","floor":6.0,"turns":5.0},{"damage":0.0,"enemies":"Jaw Worm","floor":7.0,"turns":3.0},{"damage":10.0,"enemies":"Large Slime","floor":11.0,"turns":5.0},{"damage":22.0,"enemies":"Lagavulin","floor":13.0,"turns":6.0},{"damage":0.0,"enemies":"Gremlin Gang","floor":14.0,"turns":3.0},{"damage":38.0,"enemies":"Slime Boss","floor":16.0,"turns":12.0},{"damage":31.0,"enemies":"Shell Parasite","floor":18.0,"turns":9.0},{"damage":18.0,"enemies":"3 Byrds","floor":19.0,"turns":5.0},{"damage":73.0,"enemies":"3 Cultists","floor":20.0,"turns":7.0},{"damage":48,"enemies":"Cultist and Chosen","floor":22,"turns":6}],"seed_played":"8886070442927965817","potions_obtained":[{"floor":11.0,"key":"Energy Potion"},{"floor":13.0,"key":"EssenceOfSteel"},{"floor":14.0,"key":"SkillPotion"},{"floor":16.0,"key":"Poison Potion"},{"floor":18.0,"key":"PowerPotion"}],"is_trial":false,"path_per_floor":["M","M","$","$","?","E","M","R","T","$","M","R","E","M","R","B",null,"M","M","M","?","M"],"character_chosen":"IRONCLAD","items_purchased":["SteroidPotion","Shrug It Off"],"campfire_rested":0,"item_purchase_floors":[3,10],"current_hp_per_floor":[96,96,96,96,89,62,68,68,68,68,64,64,55,81,81,61,89,71,69,24,24,0],"gold":377,"neow_bonus":"TWENTY_PERCENT_HP_BONUS","is_prod":false,"is_daily":false,"chose_seed":false,"campfire_upgraded":3,"win_rate":0,"timestamp":1551474248,"path_taken":["M","M","?","$","?","E","M","R","T","$","M","R","E","M","R","BOSS","M","M","M","?","M"],"build_version":"2019-01-23","purchased_purges":1,"victory":false,"max_hp_per_floor":[96,96,96,96,89,89,89,89,89,89,89,89,89,89,89,89,89,92,92,95,95,95],"card_choices":[{"not_picked":["Warcry","Clothesline"],"picked":"Pommel Strike","floor":1.0},{"not_picked":["Havoc","Warcry"],"picked":"Disarm","floor":2.0},{"not_picked":["Thunderclap","Wild Strike"],"picked":"Uppercut","floor":6.0},{"not_picked":["Twin Strike","Havoc"],"picked":"Reaper","floor":7.0},{"not_picked":["Intimidate","Pommel Strike"],"picked":"Dropkick","floor":11.0},{"not_picked":["Seeing Red","Iron Wave"],"picked":"Havoc","floor":13.0},{"not_picked":["Clash","Sword Boomerang","Havoc"],"picked":"SKIP","floor":14.0},{"not_picked":["Immolate","Bludgeon"],"picked":"Feed","floor":16.0},{"not_picked":["Sentinel","Perfected Strike"],"picked":"Clothesline","floor":18.0},{"not_picked":["Heavy Blade","Evolve"],"picked":"Shrug It Off","floor":19.0},{"not_picked":["Ghostly Armor","Armaments"],"picked":"Shrug It Off+1","floor":20.0}],"player_experience":214937,"relics_obtained":[{"floor":6.0,"key":"Anchor"},{"floor":9.0,"key":"Mercury Hourglass"},{"floor":13.0,"key":"Ornamental Fan"}],"event_choices":[{"damage_healed":0.0,"max_hp_gain":0.0,"max_hp_loss":7.0,"gold_gain":0.0,"event_name":"Golden Idol","player_choice":"Lose Max HP","floor":5.0,"gold_loss":0.0,"damage_taken":0.0,"relics_obtained":["Golden Idol"]},{"damage_healed":0.0,"max_hp_gain":0.0,"max_hp_loss":0.0,"gold_gain":100.0,"event_name":"Golden Shrine","player_choice":"Pray","floor":21.0,"gold_loss":0.0,"damage_taken":0.0}],"is_beta":false,"boss_relics":[{"not_picked":["Eternal Feather","Astrolabe"],"picked":"Black Blood"}],"items_purged_floors":[3],"is_endless":false,"potions_floor_spawned":[11,13,14,16,18],"killed_by":"Cultist and Chosen","ascension_level":2}