{"gold_per_floor":[116,116,266,231,281,281,295,295,342,362,374,26,58,58,58,58],"floor_reached":16,"playtime":588,"items_purged":[],"score":186,"play_id":"3115a311-6ed7-4adb-a8f2-7bde84d3133e","local_time":"20181128083329","is_ascension_mode":true,"campfire_choices":[{"data":"Bash","floor":6,"key":"SMITH"},{"data":"Blood for Blood","floor":8,"key":"SMITH"},{"data":"Headbutt","floor":15,"key":"SMITH"}],"neow_cost":"NONE","seed_source_timestamp":1192520783891939,"circlet_count":0,"master_deck":["AscendersBane","Strike_R","Strike_R","Strike_R","Strike_R","Strike_R","Defend_R","Defend_R","Defend_R","Defend_R","Bash+1","Limit Break","Headbutt+1","Doubt","Blood for Blood+1","Whirlwind+1","Shrug It Off","Corruption+1","Seeing Red"],"relics":["Burning Blood","Frozen Egg 2","Blood Vial","Orichalcum","Singing Bowl","Omamori"],"potions_floor_usage":[13,13],"damage_taken":[{"damage":6,"enemies":"2 Louse","floor":1,"turns":3},{"damage":6,"enemies":"Jaw Worm","floor":7,"turns":5},{"damage":5,"enemies":"Small Slimes","floor":10,"turns":4},{"damage":10,"enemies":"Looter","floor":11,"turns":3},{"damage":20,"enemies":"3 Sentries","floor":13,"turns":4},{"damage":65,"enemies":"The Guardian","floor":16,"turns":9}],"seed_played":"6561038327633295636","potions_obtained":[{"floor":1,"key":"EssenceOfSteel"},{"floor":10,"key":"PowerPotion"}],"is_trial":false,"path_per_floor":["M","?","?","?","T","R","M","R","T","M","M","$","E","?","R","B"],"character_chosen":"IRONCLAD","items_purchased":["Corruption+1","Singing Bowl"],"campfire_rested":0,"item_purchase_floors":[12,12],"current_hp_per_floor":[68,50,50,68,68,68,70,70,70,73,71,71,59,59,59,0],"gold":58,"neow_bonus":"ONE_RANDOM_RARE_CARD","is_prod":false,"is_daily":false,"chose_seed":false,"campfire_upgraded":3,"win_rate":0,"timestamp":1543412009,"path_taken":["M","?","?","?","?","R","M","R","T","?","M","$","E","?","R","BOSS"],"build_version":"2018-11-15","purchased_purges":0,"victory":false,"max_hp_per_floor":[75,75,75,75,75,75,75,75,75,75,75,75,75,75,75,75],"card_choices":[{"not_picked":["Battle Trance","Flame Barrier"],"picked":"Headbutt","floor":1},{"not_picked":["Searing Blow","Disarm"],"picked":"Blood for Blood","floor":7},{"not_picked":["Anger","Rage"],"picked":"Whirlwind","floor":10},{"not_picked":["Iron Wave","Sword Boomerang"],"picked":"Shrug It Off","floor":11},{"not_picked":["Anger","Body Slam"],"picked":"Seeing Red","floor":13}],"player_experience":526275,"relics_obtained":[{"floor":5,"key":"Blood Vial"},{"floor":9,"key":"Orichalcum"},{"floor":13,"key":"Omamori"}],"event_choices":[{"damage_healed":0,"gold_gain":0,"player_choice":"Success","damage_taken":18,"relics_obtained":["Frozen Egg 2"],"max_hp_gain":0,"max_hp_loss":0,"event_name":"Scrap Ooze","floor":2,"gold_loss":0},{"damage_healed":0,"gold_gain":150,"player_choice":"AGREE","damage_taken":0,"max_hp_gain":0,"max_hp_loss":0,"event_name":"Liars Game","floor":3,"gold_loss":0,"cards_obtained":["Doubt"]},{"damage_healed":18,"gold_gain":0,"player_choice":"Healed","damage_taken":0,"max_hp_gain":0,"max_hp_loss":0,"event_name":"The Cleric","floor":4,"gold_loss":35},{"damage_healed":0,"gold_gain":0,"player_choice":"Grow","damage_taken":0,"max_hp_gain":0,"max_hp_loss":0,"event_name":"Living Wall","floor":14,"gold_loss":0,"cards_upgraded":["Whirlwind"]}],"is_beta":false,"boss_relics":[],"items_purged_floors":[],"is_endless":false,"potions_floor_spawned":[1,10],"killed_by":"The Guardian","ascension_level":18}