{"gold_per_floor":[118,135,145,70,70,70,45,45,45,64,64,78,111,127,127,228,228,239,259,271,221,94,94,9,9,9,34,51,51,67,78,78,176,176,192,202,56,67,0,0,17,17,17,31,47,63,76,110,110,110,110,110,30,30],"floor_reached":54,"playtime":2618,"items_purged":["Defend_G","Strike_G"],"score":720,"play_id":"498f5e74-df93-4e65-9046-392dadb2af1f","local_time":"20190307223705","is_ascension_mode":false,"campfire_choices":[{"floor":6,"key":"RECALL"},{"data":"Noxious Fumes","floor":8,"key":"SMITH"},{"floor":15,"key":"REST"},{"floor":23,"key":"REST"},{"data":"After Image","floor":25,"key":"SMITH"},{"floor":32,"key":"REST"},{"floor":40,"key":"REST"},{"floor":42,"key":"REST"},{"floor":49,"key":"REST"},{"data":"Noxious Fumes","floor":52,"key":"SMITH"}],"neow_cost":"NONE","seed_source_timestamp":313914095190149,"circlet_count":0,"master_deck":["Defend_G","Defend_G","Defend_G","Defend_G","Strike_G","Strike_G","Strike_G","Strike_G","Survivor","Neutralize","Dagger Throw","Footwork+1","Noxious Fumes+1","Dagger Spray","Bouncing Flask","Quick Slash","Backstab","Noxious Fumes+1","After Image+1","Escape Plan+1","Deflect","Deflect","Dodge and Roll+1","Die Die Die","Dagger Throw+1","Acrobatics","Noxious Fumes+1","Noxious Fumes+1","PiercingWail+1","Well Laid Plans"],"relics":["Ring of the Snake","Bronze Scales","Black Star","Bag of Marbles","Anchor","Centennial Puzzle","Oddly Smooth Stone","Nloth\u0027s Gift","Sozu","PreservedInsect","Red Mask","Mummified Hand","The Specimen","Darkstone Periapt"],"potions_floor_usage":[19,30,33,33],"damage_taken":[{"damage":1,"enemies":"Cultist","floor":1,"turns":4},{"damage":0,"enemies":"2 Louse","floor":2,"turns":2},{"damage":2,"enemies":"Small Slimes","floor":3,"turns":6},{"damage":4,"enemies":"3 Louse","floor":10,"turns":3},{"damage":12,"enemies":"Exordium Thugs","floor":12,"turns":4},{"damage":15,"enemies":"Lagavulin","floor":13,"turns":5},{"damage":0,"enemies":"Looter","floor":14,"turns":2},{"damage":4,"enemies":"The Guardian","floor":16,"turns":9},{"damage":10,"enemies":"Chosen","floor":18,"turns":5},{"damage":8,"enemies":"Spheric Guardian","floor":19,"turns":3},{"damage":9,"enemies":"Centurion and Healer","floor":20,"turns":6},{"damage":25,"enemies":"Slavers","floor":27,"turns":5},{"damage":1,"enemies":"Snake Plant","floor":28,"turns":4},{"damage":11,"enemies":"3 Cultists","floor":30,"turns":5},{"damage":2,"enemies":"Centurion and Healer","floor":31,"turns":8},{"damage":16,"enemies":"Collector","floor":33,"turns":10},{"damage":4,"enemies":"3 Darklings","floor":35,"turns":5},{"damage":0,"enemies":"3 Shapes","floor":36,"turns":4},{"damage":40,"enemies":"Transient","floor":38,"turns":5},{"damage":2,"enemies":"3 Darklings","floor":41,"turns":4},{"damage":10,"enemies":"Jaw Worm Horde","floor":44,"turns":3},{"damage":2,"enemies":"4 Shapes","floor":45,"turns":4},{"damage":23,"enemies":"Transient","floor":46,"turns":5},{"damage":0,"enemies":"Sphere and 2 Shapes","floor":47,"turns":4},{"damage":0,"enemies":"Nemesis","floor":48,"turns":7},{"damage":28,"enemies":"Donu and Deca","floor":50,"turns":9},{"damage":71,"enemies":"Shield and Spear","floor":54,"turns":5}],"seed_played":"-6305143713476287671","potions_obtained":[{"floor":1,"key":"Strength Potion"},{"floor":13,"key":"Dexterity Potion"},{"floor":16,"key":"AttackPotion"},{"floor":28,"key":"EssenceOfSteel"}],"is_trial":false,"path_per_floor":["M","M","M","$","?","R","$","R","T","M","?","M","E","M","R","B",null,"M","M","M","?","$","R","?","R","T","E","M","?","M","M","R","B",null,"M","M","$","M","?","R","M","R","T","M","M","M","M","E","R","B",null,"R","$","E"],"character_chosen":"THE_SILENT","items_purchased":["Dagger Spray","Deflect","PreservedInsect","Well Laid Plans"],"campfire_rested":6,"item_purchase_floors":[7,22,37,53],"current_hp_per_floor":[69,69,67,67,67,67,67,67,67,63,60,48,33,33,54,50,70,60,52,43,43,43,64,64,64,64,39,38,38,27,25,46,30,70,66,66,66,26,26,47,45,66,66,56,54,31,31,31,52,24,70,70,70,0],"gold":30,"neow_bonus":"THREE_CARDS","is_prod":false,"is_daily":false,"chose_seed":false,"campfire_upgraded":3,"win_rate":0,"timestamp":1551965825,"path_taken":["M","M","?","$","?","R","?","R","T","M","?","M","E","M","R","BOSS","M","M","M","?","?","R","?","R","T","E","M","?","M","?","R","BOSS","M","M","$","M","?","R","M","R","T","M","M","M","M","E","R","BOSS","R","$","E"],"build_version":"2019-01-23","purchased_purges":2,"victory":false,"max_hp_per_floor":[70,70,70,70,70,70,70,70,70,70,70,70,70,70,70,70,70,70,70,70,70,70,70,70,70,70,70,70,70,70,70,70,70,70,70,70,70,70,70,70,70,70,70,70,70,70,70,70,70,70,70,70,70,70],"card_choices":[{"not_picked":["Flechettes","Underhanded Strike"],"picked":"Dagger Throw","floor":0},{"not_picked":["Eviscerate","Prepared"],"picked":"Footwork","floor":1},{"not_picked":["Eviscerate","Prepared","PiercingWail"],"picked":"SKIP","floor":2},{"not_picked":["Sucker Punch","Bane"],"picked":"Noxious Fumes","floor":3},{"not_picked":["Concentrate","Deadly Poison"],"picked":"Bouncing Flask","floor":10},{"not_picked":["Prepared","Outmaneuver"],"picked":"Quick Slash","floor":12},{"not_picked":["Prepared","Cloak And Dagger"],"picked":"Backstab","floor":13},{"not_picked":["Cloak And Dagger","Quick Slash"],"picked":"Noxious Fumes","floor":14},{"not_picked":["Corpse Explosion","Burst"],"picked":"After Image","floor":16},{"not_picked":["Cloak And Dagger","Underhanded Strike","Sucker Punch"],"picked":"SKIP","floor":18},{"not_picked":["A Thousand Cuts","Outmaneuver+1","PiercingWail"],"picked":"SKIP","floor":19},{"not_picked":["Blur","Calculated Gamble+1"],"picked":"Escape Plan+1","floor":20},{"not_picked":["Flying Knee","Poisoned Stab","Endless Agony"],"picked":"SKIP","floor":27},{"not_picked":["Poisoned Stab","Reflex"],"picked":"Deflect","floor":28},{"not_picked":["Prepared","PiercingWail"],"picked":"Dodge and Roll+1","floor":30},{"not_picked":["Bane","Outmaneuver+1","Crippling Poison"],"picked":"SKIP","floor":31},{"not_picked":["Grand Finale","Malaise"],"picked":"Die Die Die","floor":33},{"not_picked":["PiercingWail","Dash+1","Deadly Poison+1"],"picked":"SKIP","floor":35},{"not_picked":["Bullet Time","Deadly Poison+1","Dodge and Roll"],"picked":"SKIP","floor":36},{"not_picked":["Endless Agony+1","PiercingWail+1"],"picked":"Dagger Throw+1","floor":38},{"not_picked":["Slice","Unload"],"picked":"Acrobatics","floor":41},{"not_picked":["Dagger Spray+1","Sucker Punch"],"picked":"Noxious Fumes+1","floor":44},{"not_picked":["Blade Dance+1","Heel Hook"],"picked":"Noxious Fumes+1","floor":45},{"not_picked":["Crippling Poison+1","Expertise","Blade Dance"],"picked":"SKIP","floor":46},{"not_picked":["Finisher+1","Deadly Poison","Backflip"],"picked":"SKIP","floor":47},{"not_picked":["Poisoned Stab","Sucker Punch"],"picked":"PiercingWail+1","floor":48}],"player_experience":694593,"relics_obtained":[{"floor":13,"key":"Pen Nib"},{"floor":26,"key":"Anchor"},{"floor":27,"key":"Centennial Puzzle"},{"floor":27,"key":"Oddly Smooth Stone"},{"floor":43,"key":"Mummified Hand"},{"floor":48,"key":"The Specimen"},{"floor":48,"key":"Darkstone Periapt"}],"event_choices":[{"damage_healed":0,"gold_gain":0,"player_choice":"Forge","damage_taken":0,"max_hp_gain":0,"max_hp_loss":0,"event_name":"Accursed Blacksmith","floor":5,"gold_loss":0,"cards_upgraded":["Footwork"]},{"damage_healed":0,"gold_gain":0,"player_choice":"Success","damage_taken":3,"relics_obtained":["Bronze Scales"],"max_hp_gain":0,"max_hp_loss":0,"event_name":"Scrap Ooze","floor":11,"gold_loss":0},{"damage_healed":0,"gold_gain":0,"player_choice":"Bet on Owner","damage_taken":0,"max_hp_gain":0,"max_hp_loss":0,"event_name":"The Joust","floor":21,"gold_loss":50},{"damage_healed":0,"gold_gain":0,"player_choice":"Obtained Relic","damage_taken":0,"relics_obtained":["Bag of Marbles"],"max_hp_gain":0,"max_hp_loss":0,"event_name":"Addict","floor":24,"gold_loss":85},{"damage_healed":0,"gold_gain":0,"player_choice":"Traded Relic","damage_taken":0,"relics_obtained":["Nloth\u0027s Gift"],"max_hp_gain":0,"max_hp_loss":0,"event_name":"N\u0027loth","floor":29,"relics_lost":["Pen Nib"],"gold_loss":0},{"damage_healed":0,"gold_gain":0,"player_choice":"Paid","damage_taken":0,"relics_obtained":["Red Mask"],"max_hp_gain":0,"max_hp_loss":0,"event_name":"Tomb of Lord Red Mask","floor":39,"gold_loss":67}],"is_beta":false,"boss_relics":[{"not_picked":["Ring of the Serpent","Calling Bell"],"picked":"Black Star"},{"not_picked":["HoveringKite","White Beast Statue"],"picked":"Sozu"}],"items_purged_floors":[4,22],"is_endless":false,"potions_floor_spawned":[1,13,16,18,28,35,41],"killed_by":"Shield and Spear","ascension_level":0}