{"path_per_floor":["M","$","M","?","M","E","R","M","T","T","$","E","R","?","R","B",null,"M","?","$","M","?","E","T","M","T","R","$","R","?","?","R","B",null,"M","$","?","?","M"],"character_chosen":"IRONCLAD","items_purchased":["Feel No Pain","Heavy Blade","Limit Break","Thunderclap","Evolve","Shrug It Off","Blood for Blood","Warcry","Clash","Twin Strike"],"gold_per_floor":[118,11,24,81,99,131,131,148,194,217,11,44,44,119,119,217,217,236,236,29,44,44,79,79,94,117,117,68,68,68,68,68,171,171,185,59,59,0,18],"floor_reached":40,"campfire_rested":5,"playtime":2382,"current_hp_per_floor":[80,80,75,75,71,41,41,36,36,36,36,27,51,40,64,7,80,75,59,59,50,50,23,23,18,18,42,42,66,66,66,80,40,80,53,53,43,43,29],"items_purged":["True Grit"],"gold":18,"play_id":"b40963cf-8e35-451f-8f06-ad8e2f2bbf82","is_prod":false,"is_daily":false,"campfire_rituals":0,"campfire_upgraded":1,"is_hardmode":false,"path_taken":["M","$","M","?","M","E","R","M","T","?","$","E","R","?","R","BOSS","M","?","$","M","?","E","?","M","T","R","$","R","?","?","R","BOSS","M","$","?","?","M","E"],"build_version":"2017-12-21-PROD1","purchased_purges":1,"victory":false,"master_deck":["Strike_R","Strike_R","Strike_R","Strike_R","Defend_R","Defend_R","Defend_R","Defend_R","Bash","Dark Embrace","Headbutt","Feel No Pain","Heavy Blade","Twin Strike","Havoc","Havoc","Limit Break","Thunderclap","Infernal Blade","Demon Form","Warcry","Evolve","Shrug It Off","Blood for Blood","Warcry","Infernal Blade","Cleave","Clothesline","Clash","Impervious","True Grit","Twin Strike","Madness","Madness","Cleave"],"max_hp_per_floor":[80,80,80,80,80,80,80,80,80,80,80,80,80,80,80,80,80,80,80,80,80,80,80,80,80,80,80,80,80,80,80,80,80,80,80,80,80,80,80],"relics":["Burning Blood","Mercury Hourglass","Frozen Egg","Omamori","Juzu Bracelet","Velvet Choker","Necronomicon","Bag of Preparation","Bag of Marbles","Whetstone","Molten Egg","Mark of Pain","Red Mask"],"campfire_meditates":0,"card_choices":[{"not_picked":["Clothesline","Uppercut"],"picked":"Headbutt"},{"not_picked":["Dropkick","Combust"],"picked":"Twin Strike"},{"not_picked":["Perfected Strike","Anger"],"picked":"True Grit"},{"not_picked":["Flame Barrier","Dual Wield"],"picked":"Havoc"},{"not_picked":["True Grit","Blood for Blood"],"picked":"Havoc"},{"not_picked":["Fire Breathing","Brutality"],"picked":"Infernal Blade"},{"not_picked":["Barricade","Limit Break"],"picked":"Demon Form"},{"not_picked":["Bloodletting","Rampage"],"picked":"Warcry"},{"not_picked":["Thunderclap","Searing Blow"],"picked":"Infernal Blade"},{"not_picked":["Shrug It Off","Berserk"],"picked":"Cleave"},{"not_picked":["Rage","Anger"],"picked":"Clothesline"},{"not_picked":["Brutality","Immolate"],"picked":"Impervious"},{"not_picked":["Searing Blow","Pommel Strike"],"picked":"True Grit"},{"not_picked":["Twin Strike","Headbutt"],"picked":"Cleave"}],"player_experience":48627,"potions_floor_usage":[21,23,33],"damage_taken":[{"damage":1,"enemies":"Cultist","floor":1,"turns":3},{"damage":11,"enemies":"Jaw Worm","floor":3,"turns":3},{"damage":10,"enemies":"Looter","floor":5,"turns":2},{"damage":36,"enemies":"Lagavulin","floor":6,"turns":6},{"damage":11,"enemies":"Exordium Wildlife","floor":8,"turns":3},{"damage":15,"enemies":"3 Sentries","floor":12,"turns":5},{"damage":63,"enemies":"Slime Boss","floor":16,"turns":10},{"damage":11,"enemies":"Spheric Guardian","floor":18,"turns":4},{"damage":18,"enemies":"3 Byrds","floor":21,"turns":4},{"damage":33,"enemies":"Gremlin Leader","floor":23,"turns":6},{"damage":11,"enemies":"Centurion and Healer","floor":25,"turns":5},{"damage":46,"enemies":"Automaton","floor":33,"turns":7},{"damage":33,"enemies":"3 Shapes","floor":35,"turns":3},{"damage":20,"enemies":"3 Darklings","floor":39,"turns":5},{"damage":33,"enemies":"2 Orb Walkers","floor":40,"turns":3}],"event_choices":[{"event_name":"Golden Wing","player_choice":"Gained Gold","floor":4,"damage_taken":0},{"event_name":"World of Goop","player_choice":"Gather Gold","floor":14,"damage_taken":0},{"event_name":"Cursed Tome","player_choice":"Obtained Book","floor":19,"damage_taken":0},{"event_name":"The Mausoleum","player_choice":"Yes","floor":22,"damage_taken":0},{"event_name":"Back to Basics","player_choice":"Elegance","floor":30,"damage_taken":0},{"event_name":"Drug Dealer","player_choice":"Ignored","floor":31,"damage_taken":0},{"event_name":"Winding Halls","player_choice":"Embrace Madness","floor":37,"damage_taken":0},{"event_name":"Tomb of Lord Red Mask","player_choice":"Paid","floor":38,"damage_taken":0}],"boss_relics":[{"not_picked":["Runic Cube","Sozu"],"picked":"Velvet Choker"},{"not_picked":["Eternal Feather","Orrery"],"picked":"Mark of Pain"}],"potions_floor_spawned":[3,6,8,12,18,25],"seed_played":"-6887705555516563279","killed_by":"2 Orb Walkers","is_trial":false}