{"gold_per_floor":[117,131,81,81,81,107,107,124,124,144,144,163,163,180,180,279,279,292,292,292,309,309],"floor_reached":22,"playtime":704,"items_purged":[],"score":211,"play_id":"81f38b0e-b00a-4a3b-8d65-ed05da4243f9","local_time":"20180829043320","is_ascension_mode":false,"campfire_choices":[{"floor":13,"key":"REST"},{"floor":15,"key":"REST"}],"neow_cost":"NONE","seed_source_timestamp":533555071393245,"circlet_count":0,"master_deck":["Strike_B","Strike_B","Strike_B","Defend_B","Defend_B+1","Defend_B","Zap","Dualcast","Sweeping Beam+1","Loop","Defragment","Rip and Tear","Storm","Reprogram","Self Repair","Creative AI","Recycle","Writhe","Barrage"],"relics":["Cracked Core","NeowsBlessing","Gremlin Horn","Incense Burner","Velvet Choker","FaceOfCleric","Vajra"],"potions_floor_usage":[16,22,22],"damage_taken":[{"damage":0,"enemies":"Small Slimes","floor":1,"turns":1},{"damage":0,"enemies":"Jaw Worm","floor":2,"turns":1},{"damage":0,"enemies":"Gremlin Nob","floor":6,"turns":1},{"damage":0,"enemies":"Cultist","floor":8,"turns":3},{"damage":25,"enemies":"Exordium Wildlife","floor":10,"turns":4},{"damage":1,"enemies":"Large Slime","floor":12,"turns":3},{"damage":4,"enemies":"2 Fungi Beasts","floor":14,"turns":2},{"damage":11,"enemies":"Slime Boss","floor":16,"turns":6},{"damage":10,"enemies":"Spheric Guardian","floor":18,"turns":4},{"damage":61,"enemies":"3 Byrds","floor":21,"turns":4},{"damage":22,"enemies":"Cultist and Chosen","floor":22,"turns":4}],"seed_played":"3926933624419122582","potions_obtained":[{"floor":2,"key":"FocusPotion"},{"floor":12,"key":"Ancient Potion"},{"floor":14,"key":"Strength Potion"}],"is_trial":false,"path_per_floor":["M","M","?","?","?","E","$","M","T","M","$","M","R","M","R","B",null,"M","?","?","M"],"character_chosen":"DEFECT","items_purchased":[],"campfire_rested":2,"item_purchase_floors":[],"current_hp_per_floor":[75,75,75,68,53,53,53,53,53,28,28,27,49,45,67,63,75,72,72,72,19,0],"gold":309,"neow_bonus":"THREE_ENEMY_KILL","is_prod":false,"is_daily":false,"chose_seed":false,"campfire_upgraded":0,"win_rate":0.0,"timestamp":1535538800,"path_taken":["M","M","?","?","?","E","$","?","T","M","?","?","R","?","R","BOSS","M","?","?","M","M"],"build_version":"2018-08-28","purchased_purges":0,"victory":false,"max_hp_per_floor":[75,75,75,75,75,75,75,75,75,75,75,75,75,75,75,75,75,75,75,75,76,76],"card_choices":[{"not_picked":["Hologram","Stack"],"picked":"Sweeping Beam","floor":1},{"not_picked":["Chaos","Hologram"],"picked":"Loop","floor":2},{"not_picked":["Ball Lightning","Machine Learning"],"picked":"Defragment","floor":6},{"not_picked":["Stack","Turbo"],"picked":"Rip and Tear","floor":8},{"not_picked":["Melter","Tempest"],"picked":"Storm","floor":10},{"not_picked":["Compile Driver","Glacier"],"picked":"Reprogram","floor":12},{"not_picked":["BootSequence","Doom and Gloom"],"picked":"Self Repair","floor":14},{"not_picked":["All For One","Machine Learning"],"picked":"Creative AI","floor":16},{"not_picked":["Darkness","Melter+1"],"picked":"Recycle","floor":18},{"not_picked":["Cold Snap","Conserve Battery+1"],"picked":"Barrage","floor":21}],"player_experience":373202,"relics_obtained":[{"floor":6,"key":"Gremlin Horn"},{"floor":9,"key":"Incense Burner"}],"event_choices":[{"event_name":"The Cleric","player_choice":"Card Removal","floor":3,"damage_taken":0},{"event_name":"Golden Wing","player_choice":"Card Removal","floor":4,"damage_taken":0},{"event_name":"Shining Light","player_choice":"Entered Light","floor":5,"damage_taken":0},{"event_name":"FaceTrader","player_choice":"Trade","floor":19,"damage_taken":0},{"event_name":"The Mausoleum","player_choice":"Yes","floor":20,"damage_taken":0}],"is_beta":true,"boss_relics":[{"not_picked":["Calling Bell","Fusion Hammer"],"picked":"Velvet Choker"}],"items_purged_floors":[],"is_endless":false,"potions_floor_spawned":[2,12,14],"killed_by":"Cultist and Chosen","ascension_level":0}