{"gold_per_floor":[109,124,124,169,183,183,215,215,241,253,253,263,273,273,273,273],"floor_reached":16,"playtime":927,"items_purged":[],"score":153,"play_id":"5537ea26-7119-43a2-8261-a5e733a7b6aa","local_time":"20190305142139","is_ascension_mode":true,"campfire_choices":[{"data":"Bash","floor":6,"key":"SMITH"},{"data":"Defend_R","floor":8,"key":"SMITH"},{"data":"Defend_R","floor":11,"key":"SMITH"},{"floor":15,"key":"REST"}],"neow_cost":"NONE","seed_source_timestamp":98841330078064,"circlet_count":0,"master_deck":["AscendersBane","Strike_R","Strike_R","Strike_R","Strike_R","Strike_R","Defend_R+1","Defend_R+1","Defend_R+1","Defend_R+1","Bash+1","Shrug It Off+1","Battle Trance+1","Shrug It Off"],"relics":["Burning Blood","Anchor","Boot","War Paint","Orichalcum","Bag of Preparation"],"potions_floor_usage":[7,7,13],"damage_taken":[{"damage":2,"enemies":"Jaw Worm","floor":1,"turns":5},{"damage":0,"enemies":"Small Slimes","floor":2,"turns":3},{"damage":0,"enemies":"Cultist","floor":5,"turns":3},{"damage":10,"enemies":"Gremlin Nob","floor":7,"turns":3},{"damage":7,"enemies":"Large Slime","floor":10,"turns":6},{"damage":17,"enemies":"Gremlin Gang","floor":12,"turns":7},{"damage":0,"enemies":"2 Fungi Beasts","floor":13,"turns":3},{"damage":77,"enemies":"Hexaghost","floor":16,"turns":14}],"seed_played":"4034808737244806076","potions_obtained":[{"floor":1,"key":"Fire Potion"},{"floor":2,"key":"PowerPotion"},{"floor":12,"key":"Explosive Potion"}],"is_trial":false,"path_per_floor":["M","M","?","T","M","R","E","R","T","M","R","M","M","?","R","B"],"character_chosen":"IRONCLAD","items_purchased":[],"campfire_rested":1,"item_purchase_floors":[],"current_hp_per_floor":[76,80,64,64,70,70,66,66,66,65,65,54,60,53,77,0],"gold":273,"neow_bonus":"RANDOM_COMMON_RELIC","is_prod":false,"is_daily":false,"chose_seed":false,"campfire_upgraded":3,"win_rate":0,"timestamp":1551817299,"path_taken":["M","M","?","?","M","R","E","R","T","M","R","M","M","?","R","BOSS"],"build_version":"2019-01-23","purchased_purges":0,"victory":false,"max_hp_per_floor":[80,80,80,80,80,80,80,80,80,80,80,80,80,80,80,80],"card_choices":[{"not_picked":["Infernal Blade","Dual Wield"],"picked":"Shrug It Off","floor":1},{"not_picked":["Shockwave","Body Slam"],"picked":"Battle Trance","floor":2},{"not_picked":["Heavy Blade","Armaments","Sword Boomerang"],"picked":"SKIP","floor":5},{"not_picked":["Second Wind","Perfected Strike","Anger"],"picked":"SKIP","floor":7},{"not_picked":["Clash","Armaments","Iron Wave"],"picked":"SKIP","floor":10},{"not_picked":["Brutality","Perfected Strike","Havoc"],"picked":"SKIP","floor":12},{"not_picked":["Ghostly Armor","Seeing Red"],"picked":"Shrug It Off","floor":13}],"player_experience":182952,"relics_obtained":[{"floor":4,"key":"Boot"},{"floor":7,"key":"War Paint"},{"floor":9,"key":"Orichalcum"}],"event_choices":[{"damage_healed":0,"gold_gain":0,"player_choice":"Entered Light","damage_taken":16,"max_hp_gain":0,"max_hp_loss":0,"event_name":"Shining Light","floor":3,"gold_loss":0,"cards_upgraded":["Defend_R","Battle Trance"]},{"damage_healed":0,"gold_gain":0,"player_choice":"Success","damage_taken":7,"relics_obtained":["Bag of Preparation"],"max_hp_gain":0,"max_hp_loss":0,"event_name":"Scrap Ooze","floor":14,"gold_loss":0}],"is_beta":false,"boss_relics":[],"items_purged_floors":[],"is_endless":false,"potions_floor_spawned":[1,2,12],"killed_by":"Hexaghost","ascension_level":10}