{"gold_per_floor":[117,43,43,60,78,112,43,43,43,43,55,55,55,69,69,174,174,193,7,17,17,49,75,87,134,171,183,195,232,344,387,399,507,519,550,562,374,391,391],"floor_reached":39,"playtime":1891,"items_purged":["Strike_B+1"],"score":750,"play_id":"24861c29-89f1-421f-b448-fe8d040c38c9","local_time":"20181103131251","is_ascension_mode":true,"campfire_choices":[{"data":"Zap","floor":8,"key":"SMITH"},{"data":"Defragment","floor":10,"key":"SMITH"},{"data":"Self Repair","floor":12,"key":"SMITH"},{"data":"Hologram","floor":15,"key":"SMITH"},{"floor":24,"key":"REST"},{"data":"Zap","floor":27,"key":"SMITH"},{"floor":32,"key":"REST"}],"neow_cost":"NONE","seed_source_timestamp":1016032453969,"circlet_count":0,"master_deck":["AscendersBane","Strike_B+1","Strike_B+1","Strike_B+1","Defend_B+1","Defend_B+1","Defend_B+1","Defend_B+1","Zap+1","Dualcast","Conserve Battery","Self Repair+1","Cold Snap","Glacier","Defragment+1","Gash+1","Zap+1","Hologram+1","Rebound+1","All For One+1","Self Repair","Blizzard+1","Chill","Cold Snap+1"],"relics":["Cracked Core","Dodecahedron","Juzu Bracelet","Molten Egg 2","Busted Crown","Vajra","Red Mask","MawBank","Unceasing Top","Pen Nib","MutagenicStrength","Pear","Bottled Lightning","Orrery","Meat on the Bone"],"potions_floor_usage":[16,20,23,25,37,38],"damage_taken":[{"damage":2,"enemies":"Jaw Worm","floor":1,"turns":4},{"damage":1,"enemies":"Small Slimes","floor":4,"turns":5},{"damage":0,"enemies":"Cultist","floor":5,"turns":4},{"damage":27,"enemies":"Lagavulin","floor":6,"turns":10},{"damage":1,"enemies":"2 Fungi Beasts","floor":11,"turns":5},{"damage":3,"enemies":"Blue Slaver","floor":14,"turns":4},{"damage":55,"enemies":"Hexaghost","floor":16,"turns":10},{"damage":10,"enemies":"Chosen","floor":18,"turns":6},{"damage":7,"enemies":"Shell Parasite","floor":20,"turns":5},{"damage":54,"enemies":"Masked Bandits","floor":22,"turns":8},{"damage":9,"enemies":"Book of Stabbing","floor":23,"turns":6},{"damage":30,"enemies":"Gremlin Leader","floor":25,"turns":7},{"damage":2,"enemies":"Book of Stabbing","floor":29,"turns":5},{"damage":22,"enemies":"Slavers","floor":31,"turns":7},{"damage":68,"enemies":"Collector","floor":33,"turns":10},{"damage":4,"enemies":"Orb Walker","floor":35,"turns":4},{"damage":9,"enemies":"3 Darklings","floor":38,"turns":2},{"damage":104,"enemies":"2 Orb Walkers","floor":39,"turns":6}],"seed_played":"6067531937557387105","potions_obtained":[{"floor":14,"key":"AttackPotion"},{"floor":16,"key":"SteroidPotion"},{"floor":18,"key":"SkillPotion"},{"floor":23,"key":"FocusPotion"},{"floor":33,"key":"Regen Potion"},{"floor":35,"key":"SkillPotion"}],"is_trial":false,"path_per_floor":["M","$","?","M","M","E","$","R","T","R","M","R","?","M","R","B",null,"M","$","M","?","?","E","R","E","T","R","?","E","?","E","R","B",null,"M","?","$","M","?"],"character_chosen":"DEFECT","items_purchased":["Self Repair","Defragment","Self Repair","Vajra","Cold Snap+1","Fruit Juice"],"campfire_rested":2,"item_purchase_floors":[2,7,19,19,37,37],"current_hp_per_floor":[73,73,66,72,79,59,59,59,59,59,65,65,65,72,72,27,68,68,68,78,78,41,49,73,53,53,53,53,78,78,73,92,41,79,85,85,90,81,0],"gold":391,"neow_bonus":"TEN_PERCENT_HP_BONUS","is_prod":false,"is_daily":false,"chose_seed":false,"campfire_upgraded":5,"win_rate":0,"timestamp":1541265171,"path_taken":["M","$","?","M","M","E","$","R","T","R","M","R","?","M","R","BOSS","M","?","M","?","?","E","R","E","T","R","?","E","?","E","R","BOSS","M","?","$","M","?"],"build_version":"2018-11-01","purchased_purges":1,"victory":false,"max_hp_per_floor":[82,82,82,82,82,82,82,82,82,82,82,82,82,82,82,82,82,82,82,82,82,82,82,82,82,82,82,82,92,92,92,92,92,92,92,92,97,97,97],"card_choices":[{"not_picked":["Storm","Hologram"],"picked":"Conserve Battery","floor":1},{"not_picked":["Reinforced Body","Lockon"],"picked":"Cold Snap","floor":4},{"not_picked":["Cold Snap","Loop"],"picked":"Glacier","floor":5},{"not_picked":["Heatsinks","Thunder Strike","Redo"],"picked":"SKIP","floor":6},{"not_picked":["Redo","Self Repair"],"picked":"Gash+1","floor":11},{"not_picked":["Leap","Meteor Strike+1"],"picked":"Rebound+1","floor":14},{"not_picked":["Core Surge+1","Echo Form"],"picked":"All For One+1","floor":16},{"not_picked":["Tempest"],"picked":"SKIP","floor":18},{"not_picked":["Fusion"],"picked":"SKIP","floor":20},{"not_picked":[],"picked":"Blizzard+1","floor":22},{"not_picked":["Aggregate"],"picked":"SKIP","floor":23},{"not_picked":["Storm"],"picked":"SKIP","floor":25},{"not_picked":["Undo"],"picked":"SKIP","floor":29},{"not_picked":["Reprogram"],"picked":"SKIP","floor":31},{"not_picked":[],"picked":"Chill","floor":34},{"not_picked":["Doom and Gloom+1"],"picked":"SKIP","floor":35},{"not_picked":["Sweeping Beam+1"],"picked":"SKIP","floor":38}],"player_experience":174271,"relics_obtained":[{"floor":6,"key":"Juzu Bracelet"},{"floor":9,"key":"Molten Egg 2"},{"floor":22,"key":"Red Mask"},{"floor":23,"key":"MawBank"},{"floor":25,"key":"Unceasing Top"},{"floor":26,"key":"Pen Nib"},{"floor":29,"key":"Pear"},{"floor":31,"key":"Bottled Lightning"}],"event_choices":[{"damage_healed":0,"gold_gain":0,"player_choice":"Success","damage_taken":7,"relics_obtained":["Dodecahedron"],"max_hp_gain":0,"max_hp_loss":0,"event_name":"Scrap Ooze","floor":3,"gold_loss":0},{"damage_healed":0,"gold_gain":0,"player_choice":"2 cards matched","damage_taken":0,"max_hp_gain":0,"max_hp_loss":0,"event_name":"Match and Keep!","floor":13,"gold_loss":0,"cards_obtained":["Zap","Hologram"]},{"damage_healed":0,"gold_gain":0,"player_choice":"Simplicity","damage_taken":0,"max_hp_gain":0,"max_hp_loss":0,"event_name":"Back to Basics","floor":21,"gold_loss":0,"cards_upgraded":["Strike_B","Strike_B","Strike_B","Strike_B","Defend_B","Defend_B","Defend_B","Defend_B"]},{"damage_healed":0,"gold_gain":0,"player_choice":"Fought Bandits","damage_taken":0,"max_hp_gain":0,"max_hp_loss":0,"event_name":"Masked Bandits","floor":22,"gold_loss":0},{"damage_healed":0,"gold_gain":0,"player_choice":"Inject Mutagens","damage_taken":0,"relics_obtained":["MutagenicStrength"],"max_hp_gain":0,"max_hp_loss":0,"event_name":"Drug Dealer","floor":28,"gold_loss":0},{"damage_healed":0,"gold_gain":100,"player_choice":"Pray","damage_taken":0,"max_hp_gain":0,"max_hp_loss":0,"event_name":"Golden Shrine","floor":30,"gold_loss":0},{"damage_healed":0,"gold_gain":0,"player_choice":"Gave Potion","damage_taken":0,"relics_obtained":["Meat on the Bone"],"max_hp_gain":0,"max_hp_loss":0,"event_name":"WeMeetAgain","floor":36,"gold_loss":0},{"damage_healed":0,"gold_gain":0,"player_choice":"Fight","damage_taken":0,"max_hp_gain":0,"max_hp_loss":0,"event_name":"Mysterious Sphere","floor":39,"gold_loss":0}],"is_beta":false,"boss_relics":[{"not_picked":["Snecko Eye","Lizard Tail"],"picked":"Busted Crown"},{"not_picked":["Velvet Choker","Runic Pyramid"],"picked":"Orrery"}],"items_purged_floors":[37],"is_endless":false,"potions_floor_spawned":[14,16,18,23,33,35],"killed_by":"2 Orb Walkers","ascension_level":12}