{"gold_per_floor":[117,67,77,2,15,49,49,66,66,84,84,102,113,139,139,241,241,261,276,176,176,189,203,4,36,60,95,95,123,123,133,133,234,234,249,249,264,316,125,160,160,85,85,102,102,135,135,7,7,7],"floor_reached":51,"playtime":8209,"items_purged":["Strike_B","Zap","Defend_B","Defend_B"],"score":1068,"play_id":"f3239775-920b-426c-95be-a0fdf0b4d9ad","local_time":"20181227212711","is_ascension_mode":true,"campfire_choices":[{"floor":7.0,"key":"REST"},{"data":"Steam","floor":11,"key":"SMITH"},{"data":"Seek","floor":15,"key":"SMITH"},{"data":"Skim","floor":28,"key":"SMITH"},{"data":"Ghostly","floor":30,"key":"SMITH"},{"data":"Ghostly","floor":32,"key":"SMITH"},{"data":"Ghostly","floor":41,"key":"SMITH"},{"data":"Reboot","floor":45,"key":"SMITH"},{"data":"Rebound","floor":49,"key":"SMITH"}],"neow_cost":"NONE","seed_source_timestamp":0,"circlet_count":0,"master_deck":["Strike_B","Defend_B","Defend_B","Dualcast","Hologram","Steam Power+1","Rebound+1","Hyperbeam+1","Gash+1","Steam+1","Seek+1","Hyperbeam+1","Gash+1","Ghostly+1","Ghostly+1","Ghostly+1","Ghostly","Ghostly+1","Gash+1","Skim+1","Reboot+1","White Noise+1","Gash+1","Gash+1","Hyperbeam+1"],"special_seed":0,"relics":["Cracked Core","Molten Egg 2","Kunai","Orichalcum","Nuclear Battery","Membership Card","Boot","Dream Catcher","Juzu Bracelet","Ginger","White Beast Statue","Gambling Chip","Frozen Eye","Bird Faced Urn","FossilizedHelix","War Paint","DollysMirror"],"potions_floor_usage":[33,33,40,46,50],"damage_taken":[{"damage":2.0,"enemies":"Jaw Worm","floor":1.0,"turns":3.0},{"damage":3.0,"enemies":"Small Slimes","floor":3.0,"turns":4.0},{"damage":0.0,"enemies":"2 Louse","floor":5.0,"turns":2.0},{"damage":39.0,"enemies":"Lagavulin","floor":6.0,"turns":7.0},{"damage":0.0,"enemies":"Looter","floor":8.0,"turns":2.0},{"damage":7.0,"enemies":"Exordium Wildlife","floor":10.0,"turns":2.0},{"damage":0,"enemies":"3 Louse","floor":12,"turns":3},{"damage":0,"enemies":"2 Fungi Beasts","floor":13,"turns":2},{"damage":0,"enemies":"3 Sentries","floor":14,"turns":3},{"damage":37,"enemies":"The Guardian","floor":16,"turns":11},{"damage":0,"enemies":"Spheric Guardian","floor":18,"turns":2},{"damage":12,"enemies":"2 Thieves","floor":19,"turns":2},{"damage":7,"enemies":"Cultist and Chosen","floor":22,"turns":2},{"damage":0,"enemies":"Shelled Parasite and Fungi","floor":23,"turns":3},{"damage":0,"enemies":"Book of Stabbing","floor":25,"turns":4},{"damage":0,"enemies":"Gremlin Leader","floor":27,"turns":5},{"damage":0,"enemies":"Slavers","floor":29,"turns":4},{"damage":0,"enemies":"Snake Plant","floor":31,"turns":3},{"damage":2,"enemies":"Automaton","floor":33,"turns":8},{"damage":0,"enemies":"3 Shapes","floor":35,"turns":1},{"damage":0,"enemies":"Orb Walker","floor":37,"turns":2},{"damage":0,"enemies":"2 Orb Walkers","floor":38,"turns":4},{"damage":0,"enemies":"Nemesis","floor":40,"turns":6},{"damage":0,"enemies":"3 Darklings","floor":44,"turns":2},{"damage":0,"enemies":"Giant Head","floor":46,"turns":6},{"damage":0,"enemies":"Donu and Deca","floor":50,"turns":6}],"seed_played":"-8868239744946822033","potions_obtained":[{"floor":5.0,"key":"SkillPotion"},{"floor":6.0,"key":"Swift Potion"},{"floor":12,"key":"Dexterity Potion"},{"floor":27,"key":"GamblersBrew"},{"floor":35,"key":"FearPotion"},{"floor":37,"key":"Ancient Potion"},{"floor":40,"key":"Swift Potion"},{"floor":46,"key":"Explosive Potion"}],"is_trial":false,"path_per_floor":["M","?","M","$","M","E","R","M","T","M","R","M","M","E","R","B",null,"M","M","$","?","M","M","$","E","T","E","R","E","R","M","R","B",null,"M","?","M","?","$","E","R","$","T","M","R","E","?","$","R","B",null],"character_chosen":"DEFECT","items_purchased":["Membership Card","Gash+1","Frozen Eye","DollysMirror","Weak Potion"],"campfire_rested":1,"item_purchase_floors":[24,39,39,48,48],"current_hp_per_floor":[80,80,77,77,77,38,62,62,62,55,55,55,55,55,55,18,82,82,70,70,41,34,34,34,34,34,34,34,34,34,34,34,32,41,41,41,41,41,41,41,41,41,41,41,41,41,41,41,41,41],"gold":7,"neow_bonus":"TEN_PERCENT_HP_BONUS","is_prod":false,"is_daily":false,"chose_seed":false,"campfire_upgraded":8,"win_rate":0,"timestamp":1545964031,"path_taken":["M","?","M","$","M","E","R","M","T","M","R","M","M","E","R","BOSS","M","M","$","?","M","M","$","E","T","E","R","E","R","M","R","BOSS","M","?","M","?","$","E","R","?","T","M","R","E","?","$","R","BOSS"],"build_version":"2018-12-20","purchased_purges":4,"victory":true,"max_hp_per_floor":[82,82,82,82,82,82,82,82,82,82,82,82,82,82,82,82,82,82,82,82,41,41,41,41,41,41,41,41,41,41,41,41,41,41,41,41,41,41,41,41,41,41,41,41,41,41,41,41,41,41],"card_choices":[{"not_picked":["Streamline","Sweeping Beam"],"picked":"Hologram","floor":1.0},{"not_picked":["Coolheaded","Aggregate"],"picked":"Steam Power","floor":3.0},{"not_picked":["Consume","Blizzard"],"picked":"Rebound","floor":5.0},{"not_picked":["Stack","Reinforced Body"],"picked":"Hyperbeam","floor":6.0},{"not_picked":["Tempest","Turbo"],"picked":"Gash+1","floor":8.0},{"not_picked":["Streamline+1","Aggregate"],"picked":"Steam","floor":10.0},{"not_picked":["Hologram","Rip and Tear+1","Cold Snap+1"],"picked":"SKIP","floor":12},{"not_picked":["Conserve Battery","Loop","Capacitor"],"picked":"SKIP","floor":13},{"not_picked":["FTL+1","Defragment"],"picked":"Seek","floor":14},{"not_picked":["Reboot","Machine Learning"],"picked":"Hyperbeam+1","floor":16},{"not_picked":["Go for the Eyes+1","Coolheaded","Defragment+1"],"picked":"SKIP","floor":18},{"not_picked":["Cold Snap+1","Stack+1"],"picked":"Gash+1","floor":19},{"not_picked":["Stack","Chill+1","Thunder Strike+1"],"picked":"SKIP","floor":22},{"not_picked":["Reprogram","Reinforced Body+1"],"picked":"Gash+1","floor":23},{"not_picked":["Doom and Gloom+1","Fusion"],"picked":"Skim","floor":25},{"not_picked":["Defragment","Cold Snap+1","Beam Cell+1"],"picked":"SKIP","floor":27},{"not_picked":["Defragment","Cold Snap+1","Beam Cell+1"],"picked":"SKIP","floor":27},{"not_picked":["Barrage+1","Rip and Tear+1","Fusion"],"picked":"SKIP","floor":29},{"not_picked":["Doom and Gloom+1","Redo","Cold Snap+1"],"picked":"SKIP","floor":31},{"not_picked":["Thunder Strike+1","Buffer"],"picked":"Reboot","floor":33},{"not_picked":["Glacier","Ball Lightning+1","Redo"],"picked":"SKIP","floor":35},{"not_picked":["Ball Lightning+1","Reboot","Stack+1"],"picked":"SKIP","floor":37},{"not_picked":["Tempest+1","Streamline+1"],"picked":"White Noise+1","floor":38},{"not_picked":["Darkness+1","Double Energy+1","Auto Shields+1"],"picked":"SKIP","floor":40},{"not_picked":["Turbo","Coolheaded"],"picked":"Gash+1","floor":44},{"not_picked":["Leap+1","Coolheaded+1","Chaos+1"],"picked":"SKIP","floor":46}],"player_experience":114927,"relics_obtained":[{"floor":6.0,"key":"Molten Egg 2"},{"floor":9.0,"key":"Kunai"},{"floor":14,"key":"Orichalcum"},{"floor":25,"key":"Boot"},{"floor":26,"key":"Dream Catcher"},{"floor":27,"key":"Juzu Bracelet"},{"floor":29,"key":"Ginger"},{"floor":38,"key":"Gambling Chip"},{"floor":40,"key":"Bird Faced Urn"},{"floor":43,"key":"FossilizedHelix"},{"floor":46,"key":"War Paint"}],"event_choices":[{"cards_removed":["Strike_B"],"damage_healed":0.0,"max_hp_gain":0.0,"max_hp_loss":0.0,"gold_gain":0.0,"event_name":"The Cleric","player_choice":"Card Removal","floor":2.0,"gold_loss":50.0,"damage_taken":0.0},{"damage_healed":0,"gold_gain":0,"player_choice":"Became a Ghost","damage_taken":0,"max_hp_gain":0,"max_hp_loss":41,"event_name":"Ghosts","floor":21,"gold_loss":0,"cards_obtained":["Ghostly","Ghostly","Ghostly","Ghostly","Ghostly"]},{"damage_healed":0,"gold_gain":0,"player_choice":"Ignored","damage_taken":0,"max_hp_gain":0,"max_hp_loss":0,"event_name":"Tomb of Lord Red Mask","floor":36,"gold_loss":0},{"damage_healed":0,"gold_gain":0,"player_choice":"Fight","damage_taken":0,"max_hp_gain":0,"max_hp_loss":0,"event_name":"Mysterious Sphere","floor":38,"gold_loss":0},{"cards_removed":["Strike_B"],"damage_healed":0,"gold_gain":0,"player_choice":"Removed Attack","damage_taken":0,"max_hp_gain":0,"max_hp_loss":0,"event_name":"Falling","floor":47,"gold_loss":0}],"is_beta":false,"boss_relics":[{"not_picked":["Sozu","Coffee Dripper"],"picked":"Nuclear Battery"},{"not_picked":["Fusion Hammer","Busted Crown"],"picked":"White Beast Statue"}],"items_purged_floors":[4,20,39,42],"is_endless":false,"potions_floor_spawned":[5,6,12,14,16,18,23,27,29,35,37,38,40,44,46],"ascension_level":2}