{"gold_per_floor":[110,185,185,71,86,86,99,99,99,49,49,67,95,20,20,125,125,143,8,21,21],"floor_reached":21,"playtime":1346,"items_purged":["Strike_R","Strike_R"],"score":175,"play_id":"57f4ba3d-bed2-4752-97f6-11cd36e725de","local_time":"20190210051038","is_ascension_mode":true,"campfire_choices":[{"data":"Armaments","floor":6.0,"key":"SMITH"},{"data":"Demon Form","floor":8.0,"key":"SMITH"},{"data":"Bash","floor":11.0,"key":"SMITH"},{"floor":15.0,"key":"REST"}],"neow_cost":"CURSE","seed_source_timestamp":0,"circlet_count":0,"master_deck":["Strike_R","Strike_R","Strike_R","Defend_R","Defend_R","Defend_R","Bash+1","Parasite","Demon Form+1","Rage","Evolve","Armaments+1","Body Slam","Carnage","Uppercut","Reaper","True Grit","Entrench"],"special_seed":0,"relics":["Burning Blood","Bird Faced Urn","Odd Mushroom","Runic Pyramid"],"potions_floor_usage":[],"damage_taken":[{"damage":7.0,"enemies":"Small Slimes","floor":1.0,"turns":6.0},{"damage":8.0,"enemies":"2 Louse","floor":5.0,"turns":4.0},{"damage":1.0,"enemies":"Cultist","floor":7.0,"turns":5.0},{"damage":9.0,"enemies":"Blue Slaver","floor":12.0,"turns":4.0},{"damage":24.0,"enemies":"The Mushroom Lair","floor":13.0,"turns":5.0},{"damage":36.0,"enemies":"Slime Boss","floor":16.0,"turns":9.0},{"damage":10.0,"enemies":"Chosen","floor":18.0,"turns":6.0},{"damage":44,"enemies":"2 Thieves","floor":20,"turns":5},{"damage":48,"enemies":"Shelled Parasite and Fungi","floor":21,"turns":9}],"seed_played":"594542813141703183","potions_obtained":[{"floor":1.0,"key":"AttackPotion"},{"floor":7.0,"key":"LiquidBronze"},{"floor":13.0,"key":"Energy Potion"}],"is_trial":false,"path_per_floor":["M","?","?","$","M","R","M","R","T","?","R","M","?","$","R","B",null,"M","$","M","M"],"character_chosen":"IRONCLAD","items_purchased":["Evolve","Uppercut","Entrench"],"campfire_rested":1,"item_purchase_floors":[4,14,19],"current_hp_per_floor":[79,68,68,68,66,66,71,71,71,71,71,68,50,50,74,48,80,80,80,46,0],"gold":21,"neow_bonus":"THREE_RARE_CARDS","is_prod":false,"is_daily":false,"chose_seed":false,"campfire_upgraded":3,"win_rate":0,"timestamp":1549735838,"path_taken":["M","?","?","$","M","R","M","R","T","?","R","M","?","$","R","BOSS","M","$","M","M"],"build_version":"2019-01-23","purchased_purges":2,"victory":false,"max_hp_per_floor":[80,80,80,80,80,80,80,80,80,80,80,80,80,80,80,80,80,80,80,80,80],"card_choices":[{"not_picked":["Dark Embrace","Immolate"],"picked":"Demon Form","floor":0.0},{"not_picked":["Wild Strike","Iron Wave"],"picked":"Rage","floor":1.0},{"not_picked":["Dual Wield","Bloodletting"],"picked":"Armaments","floor":5.0},{"not_picked":["Thunderclap","Twin Strike","Flex"],"picked":"SKIP","floor":7.0},{"not_picked":["Wild Strike","Twin Strike"],"picked":"Body Slam","floor":12.0},{"not_picked":["Heavy Blade","Thunderclap"],"picked":"Carnage","floor":13.0},{"not_picked":["Double Tap","Impervious"],"picked":"Reaper","floor":16.0},{"not_picked":["Iron Wave","Rage+1"],"picked":"True Grit","floor":18.0},{"not_picked":["Carnage","Cleave","Heavy Blade"],"picked":"SKIP","floor":20}],"player_experience":101155,"relics_obtained":[{"floor":9.0,"key":"Bird Faced Urn"},{"floor":13.0,"key":"Odd Mushroom"}],"event_choices":[{"damage_healed":0.0,"max_hp_gain":0.0,"max_hp_loss":0.0,"gold_gain":75.0,"event_name":"World of Goop","player_choice":"Gather Gold","floor":2.0,"gold_loss":0.0,"damage_taken":11.0},{"damage_healed":0.0,"max_hp_gain":0.0,"max_hp_loss":0.0,"gold_gain":0.0,"event_name":"Shining Light","player_choice":"Ignored","floor":3.0,"gold_loss":0.0,"damage_taken":0.0},{"cards_removed":["Defend_R"],"damage_healed":0.0,"max_hp_gain":0.0,"max_hp_loss":0.0,"gold_gain":0.0,"event_name":"The Cleric","player_choice":"Card Removal","floor":10.0,"gold_loss":50.0,"damage_taken":0.0},{"damage_healed":0.0,"max_hp_gain":0.0,"max_hp_loss":0.0,"gold_gain":0.0,"event_name":"Mushrooms","player_choice":"Fought Mushrooms","floor":13.0,"gold_loss":0.0,"damage_taken":0.0}],"is_beta":false,"boss_relics":[{"not_picked":["White Beast Statue","Coffee Dripper"],"picked":"Runic Pyramid"}],"items_purged_floors":[4,19],"is_endless":false,"potions_floor_spawned":[1,7,13],"killed_by":"Shelled Parasite and Fungi","ascension_level":1}