{"gold_per_floor":[113,133,21,38,38,38,69,69,69,69,100,100,116,127,127,227,227,243,243,269,280,300,326,326,274,274,274,284,284,284,341,341,436,436,448,448,448,463,144,144,196,196,196,227,246,259,98,114,114,114],"floor_reached":51,"playtime":5342,"items_purged":["Defend_R","Writhe","Strike_R"],"score":773,"play_id":"d884f007-4dfc-448d-9c2d-cc325e1874f4","local_time":"20180809143242","is_ascension_mode":false,"campfire_choices":[{"data":"Clothesline","floor":6.0,"key":"SMITH"},{"data":"Bash","floor":8.0,"key":"SMITH"},{"data":"Double Tap","floor":12.0,"key":"SMITH"},{"data":"Demon Form","floor":15.0,"key":"SMITH"},{"floor":24,"key":"REST"},{"floor":27,"key":"REST"},{"data":"Pummel","floor":30,"key":"SMITH"},{"floor":32,"key":"REST"},{"data":"Flame Barrier","floor":40,"key":"SMITH"},{"data":"Demon Form","floor":42,"key":"SMITH"},{"floor":49,"key":"REST"}],"neow_cost":"NONE","seed_source_timestamp":0,"circlet_count":0,"master_deck":["Strike_R","Strike_R","Strike_R+1","Strike_R+1","Defend_R","Defend_R","Bash+1","Metallicize","Headbutt","Metallicize","Clothesline+1","Metallicize","Metallicize","Double Tap+1","Dropkick","Demon Form+1","Limit Break","Twin Strike+1","Headbutt+1","Ghostly Armor+1","Cleave+1","Infernal Blade","Pummel+1","Demon Form+1","Limit Break","Heavy Blade+1","Limit Break","Flame Barrier+1","Master of Strategy","Battle Trance","Heavy Blade","Shrug It Off","Rage","Pommel Strike+1","Shrug It Off+1"],"special_seed":0,"relics":["Sozu","Self Forming Clay","Whetstone","Happy Flower","Black Star","Red Mask","Calipers","Prayer Wheel","Shuriken","Letter Opener","Dodecahedron","Tiny Chest","Red Skull","Eternal Feather","Kunai","Oddly Smooth Stone","Mummified Hand","Girya","Ice Cream"],"potions_floor_usage":[],"damage_taken":[{"damage":0.0,"enemies":"2 Louse","floor":1.0,"turns":3.0},{"damage":0.0,"enemies":"Small Slimes","floor":2.0,"turns":3.0},{"damage":0.0,"enemies":"Cultist","floor":4.0,"turns":3.0},{"damage":9.0,"enemies":"Lagavulin","floor":7.0,"turns":7.0},{"damage":1.0,"enemies":"Gremlin Nob","floor":11.0,"turns":4.0},{"damage":6.0,"enemies":"Exordium Thugs","floor":13.0,"turns":3.0},{"damage":2.0,"enemies":"Looter","floor":14.0,"turns":2.0},{"damage":12.0,"enemies":"The Guardian","floor":16.0,"turns":6.0},{"damage":0.0,"enemies":"Shell Parasite","floor":18.0,"turns":4.0},{"damage":28.0,"floor":20.0,"turns":6.0},{"damage":0.0,"enemies":"Chosen","floor":21.0,"turns":4.0},{"damage":3.0,"enemies":"Centurion and Healer","floor":22.0,"turns":5.0},{"damage":18.0,"enemies":"Book of Stabbing","floor":23.0,"turns":4.0},{"damage":0,"enemies":"Cultist and Chosen","floor":28,"turns":5},{"damage":35,"enemies":"Gremlin Leader","floor":31,"turns":4},{"damage":21,"enemies":"Champ","floor":33,"turns":8},{"damage":8,"enemies":"3 Shapes","floor":35,"turns":13},{"damage":7,"enemies":"Orb Walker","floor":38,"turns":3},{"damage":0,"enemies":"2 Orb Walkers","floor":44,"turns":4},{"damage":9,"enemies":"Flame Bruiser 2 Orb","floor":45,"turns":5},{"damage":21,"enemies":"3 Darklings","floor":46,"turns":6},{"damage":5,"enemies":"4 Shapes","floor":48,"turns":7},{"damage":52,"enemies":"Donu and Deca","floor":50,"turns":8}],"seed_played":"3184534264011517059","potions_obtained":[],"is_trial":false,"path_per_floor":["M","M","$","M","?","R","E","R","T","$","E","R","M","M","R","B",null,"M","?","?","M","M","E","R","?","T","R","M","?","R","E","R","B",null,"M","?","?","M","$","R","T","R","T","E","M","M","$","M","R","B"],"character_chosen":"IRONCLAD","items_purchased":["Metallicize","Flame Barrier","Master of Strategy","Rage"],"campfire_rested":4,"item_purchase_floors":[3,39,39,47],"current_hp_per_floor":[80,80,80,80,80,80,71,71,71,71,70,70,64,62,62,50,80,80,80,52,52,49,31,55,55,55,79,79,79,79,44,68,47,80,72,72,72,65,65,80,80,80,80,80,71,50,50,45,80,28],"gold":114,"neow_bonus":"BOSS_RELIC","is_prod":false,"is_daily":false,"chose_seed":false,"campfire_upgraded":7,"win_rate":0.0,"timestamp":1533839562,"path_taken":["M","M","$","M","?","R","E","R","T","?","E","R","M","M","R","BOSS","M","?","?","M","M","E","R","?","T","R","M","?","R","E","R","BOSS","M","?","?","M","?","R","?","R","T","E","?","M","$","?","R","BOSS"],"build_version":"2018-08-02","purchased_purges":3,"victory":true,"max_hp_per_floor":[80,80,80,80,80,80,80,80,80,80,80,80,80,80,80,80,80,80,80,80,80,80,80,80,80,80,80,80,80,80,80,80,80,80,80,80,80,80,80,80,80,80,80,80,80,80,80,80,80,80],"card_choices":[{"not_picked":["Clothesline","Twin Strike"],"picked":"Metallicize","floor":1.0},{"not_picked":["Heavy Blade","Cleave"],"picked":"Headbutt","floor":2.0},{"not_picked":["Intimidate","Disarm"],"picked":"Clothesline","floor":4.0},{"not_picked":["Bloodletting","Sever Soul"],"picked":"Metallicize","floor":7.0},{"not_picked":["Anger","Shrug It Off"],"picked":"Double Tap","floor":11.0},{"not_picked":["Clash","Shrug It Off"],"picked":"Dropkick","floor":13.0},{"not_picked":["Entrench","Seeing Red"],"picked":"Demon Form","floor":14.0},{"not_picked":["Juggernaut","Fiend Fire"],"picked":"Limit Break","floor":16.0},{"not_picked":["Infernal Blade+1","Feel No Pain"],"picked":"Twin Strike+1","floor":18.0},{"not_picked":["Reckless Charge+1","Iron Wave"],"picked":"Headbutt+1","floor":20.0},{"not_picked":["Entrench+1","Flex+1"],"picked":"Ghostly Armor+1","floor":21.0},{"not_picked":["Bloodletting","Headbutt"],"picked":"Cleave+1","floor":22.0},{"not_picked":["Entrench","Sever Soul+1"],"picked":"Infernal Blade","floor":23.0},{"not_picked":["Iron Wave","Second Wind"],"picked":"Pummel","floor":28},{"not_picked":["True Grit+1","Clothesline"],"picked":"Demon Form","floor":28},{"not_picked":["Seeing Red","Combust","Pommel Strike"],"picked":"SKIP","floor":31},{"not_picked":["Fiend Fire","Berserk"],"picked":"Limit Break","floor":33},{"not_picked":["Sword Boomerang","Corruption+1"],"picked":"Heavy Blade+1","floor":35},{"not_picked":["Cleave","Twin Strike+1","Anger+1"],"picked":"SKIP","floor":35},{"not_picked":["Sword Boomerang","Clothesline+1"],"picked":"Limit Break","floor":38},{"not_picked":["Twin Strike+1","Whirlwind+1","Clash+1"],"picked":"SKIP","floor":38},{"not_picked":["Anger","Rampage"],"picked":"Battle Trance","floor":44},{"not_picked":["Twin Strike","Body Slam+1"],"picked":"Heavy Blade","floor":45},{"not_picked":["Intimidate","Clash","Thunderclap+1"],"picked":"SKIP","floor":45},{"not_picked":["Body Slam+1","Sword Boomerang"],"picked":"Shrug It Off","floor":46},{"not_picked":["Uppercut+1","Rampage","Shockwave+1"],"picked":"SKIP","floor":46},{"not_picked":["Armaments","Second Wind+1"],"picked":"Pommel Strike+1","floor":48},{"not_picked":["Battle Trance","Armaments"],"picked":"Shrug It Off+1","floor":48}],"player_experience":49425,"relics_obtained":[{"floor":7.0,"key":"Self Forming Clay"},{"floor":9.0,"key":"Whetstone"},{"floor":11.0,"key":"Happy Flower"},{"floor":20.0,"key":"Red Mask"},{"floor":23.0,"key":"Calipers"},{"floor":23.0,"key":"Prayer Wheel"},{"floor":26,"key":"Letter Opener"},{"floor":31,"key":"Tiny Chest"},{"floor":31,"key":"Red Skull"},{"floor":41,"key":"Oddly Smooth Stone"},{"floor":43,"key":"Mummified Hand"},{"floor":44,"key":"Girya"},{"floor":44,"key":"Ice Cream"}],"event_choices":[{"event_name":"Living Wall","player_choice":"Change","floor":5.0,"damage_taken":0.0},{"event_name":"Drug Dealer","player_choice":"Ignored","floor":19.0,"damage_taken":0.0},{"event_name":"Masked Bandits","player_choice":"Fought over 243 gold","floor":20.0,"damage_taken":0.0},{"event_name":"WeMeetAgain","player_choice":"Gold","floor":25,"damage_taken":0},{"event_name":"The Mausoleum","player_choice":"Yes","floor":29,"damage_taken":0},{"event_name":"Wheel of Change","player_choice":"Relic","floor":36,"damage_taken":0},{"event_name":"SecretPortal","player_choice":"Rejected Portal.","floor":37,"damage_taken":0}],"is_beta":false,"boss_relics":[{"not_picked":["Tiny House","Ectoplasm"],"picked":"Black Star"},{"not_picked":["Runic Dome","Coffee Dripper"],"picked":"Eternal Feather"}],"items_purged_floors":[3,39,47],"is_endless":false,"potions_floor_spawned":[1,2,18,22,44,48],"ascension_level":0}