{"gold_per_floor":[118,118,193,152,152,186,24,24,24,24,59,84,84,4,4,97,97,97,17,17,17,17,17,17,17,17,17,17,17,17,17,17,17,17,17,17,17,17],"floor_reached":38,"playtime":2141,"items_purged":["Injury"],"score":1001,"play_id":"e0bc0dd7-594c-43ac-8921-ccb5e2e2a82e","local_time":"20181201141127","is_ascension_mode":true,"campfire_choices":[{"data":"Neutralize","floor":8,"key":"SMITH"},{"data":"Noxious Fumes","floor":13,"key":"SMITH"},{"data":"Dash","floor":15,"key":"SMITH"},{"data":"Caltrops","floor":23,"key":"SMITH"},{"data":"Cloak And Dagger","floor":30,"key":"SMITH"},{"floor":32,"key":"REST"}],"neow_cost":"NONE","seed_source_timestamp":1470444322393906,"circlet_count":0,"master_deck":["AscendersBane","Survivor","Neutralize+1","Prepared","Leg Sweep","Cloak And Dagger+1","Dash+1","Noxious Fumes+1","Flying Knee","Well Laid Plans","Malaise","Deadly Poison+1","Deflect","Caltrops+1","Footwork","Backstab","Burst","Dodge and Roll","PiercingWail","PiercingWail","Acrobatics","Poisoned Stab","Quick Slash","Quick Slash","Heel Hook","Quick Slash","Deflect","Reflex","Prepared"],"relics":["Ring of the Snake","NeowsBlessing","Golden Idol","FossilizedHelix","Mummified Hand","Strawberry","Ectoplasm","Bronze Scales","Ornamental Fan","Pandora\u0027s Box","Turnip"],"potions_floor_usage":[25,33,33,38],"damage_taken":[{"damage":0,"enemies":"Jaw Worm","floor":1,"turns":1},{"damage":0,"enemies":"Gremlin Nob","floor":6,"turns":1},{"damage":0,"enemies":"Lagavulin","floor":11,"turns":1},{"damage":0,"enemies":"2 Louse","floor":12,"turns":3},{"damage":0,"enemies":"Slime Boss","floor":16,"turns":12},{"damage":0,"enemies":"Spheric Guardian","floor":18,"turns":7},{"damage":0,"enemies":"2 Thieves","floor":19,"turns":4},{"damage":8,"enemies":"Shelled Parasite and Fungi","floor":21,"turns":8},{"damage":27,"enemies":"3 Cultists","floor":24,"turns":6},{"damage":0,"enemies":"Gremlin Leader","floor":25,"turns":8},{"damage":0,"enemies":"Centurion and Healer","floor":27,"turns":8},{"damage":0,"enemies":"Snake Plant","floor":29,"turns":4},{"damage":7,"enemies":"Shelled Parasite and Fungi","floor":31,"turns":5},{"damage":26,"enemies":"Champ","floor":33,"turns":14},{"damage":0,"enemies":"3 Shapes","floor":35,"turns":5},{"damage":12,"enemies":"3 Darklings","floor":36,"turns":6},{"damage":58,"enemies":"2 Orb Walkers","floor":38,"turns":4}],"seed_played":"28951511173359141","potions_obtained":[{"floor":12,"key":"GhostInAJar"},{"floor":16,"key":"SpeedPotion"},{"floor":27,"key":"Explosive Potion"},{"floor":29,"key":"Block Potion"},{"floor":33,"key":"AttackPotion"}],"is_trial":false,"path_per_floor":["M","?","?","$","?","E","$","R","T","$","E","M","R","$","R","B",null,"M","M","?","M","?","R","M","E","T","M","?","M","R","M","R","B",null,"M","M","T","?"],"character_chosen":"THE_SILENT","items_purchased":["Leg Sweep","Dash","Well Laid Plans"],"campfire_rested":1,"item_purchase_floors":[4,7,14],"current_hp_per_floor":[59,59,48,48,48,48,48,48,48,48,55,55,55,55,55,55,69,69,69,69,61,61,61,34,34,34,34,49,49,49,42,63,37,64,64,52,52,0],"gold":17,"neow_bonus":"THREE_ENEMY_KILL","is_prod":false,"is_daily":false,"chose_seed":false,"campfire_upgraded":5,"win_rate":0,"timestamp":1543691487,"path_taken":["M","?","?","$","?","E","$","R","T","?","E","M","R","$","R","BOSS","M","M","?","M","?","R","M","E","T","M","?","M","R","?","R","BOSS","M","M","?","?"],"build_version":"2018-11-15","purchased_purges":1,"victory":false,"max_hp_per_floor":[66,66,66,66,66,66,66,66,66,66,73,73,73,73,73,73,73,73,73,73,73,73,73,73,73,73,73,73,73,73,73,73,73,73,73,73,73,73],"card_choices":[{"not_picked":["Bane","Heel Hook"],"picked":"Prepared","floor":1},{"not_picked":["Accuracy","Endless Agony"],"picked":"Cloak And Dagger","floor":6},{"not_picked":["Blade Dance","Cloak And Dagger"],"picked":"Noxious Fumes","floor":11},{"not_picked":["PiercingWail","Quick Slash"],"picked":"Flying Knee","floor":12},{"not_picked":["Doppelganger","Wraith Form v2"],"picked":"Malaise","floor":16},{"not_picked":["Dodge and Roll","Outmaneuver"],"picked":"Deadly Poison+1","floor":18},{"not_picked":["Quick Slash","Leg Sweep"],"picked":"Deflect","floor":19},{"not_picked":["Sucker Punch","Dash"],"picked":"Caltrops","floor":21},{"not_picked":["Outmaneuver","Flying Knee","All Out Attack"],"picked":"SKIP","floor":24},{"not_picked":["Dagger Throw","Underhanded Strike","Blade Dance"],"picked":"SKIP","floor":25},{"not_picked":["Dagger Spray","Cloak And Dagger"],"picked":"Footwork","floor":27},{"not_picked":["Deflect","Blade Dance+1"],"picked":"Backstab","floor":29},{"not_picked":["Heel Hook","Eviscerate+1","Deadly Poison"],"picked":"SKIP","floor":31},{"not_picked":["Phantasmal Killer","Adrenaline"],"picked":"Burst","floor":33},{"not_picked":["Masterful Stab+1","Flying Knee"],"picked":"Reflex","floor":35},{"not_picked":["Accuracy","Blade Dance+1"],"picked":"Prepared","floor":36}],"player_experience":574020,"relics_obtained":[{"floor":6,"key":"FossilizedHelix"},{"floor":9,"key":"Mummified Hand"},{"floor":11,"key":"Strawberry"},{"floor":25,"key":"Bronze Scales"},{"floor":26,"key":"Ornamental Fan"},{"floor":37,"key":"Turnip"}],"event_choices":[{"damage_healed":0,"gold_gain":0,"player_choice":"Leave","damage_taken":0,"max_hp_gain":0,"max_hp_loss":0,"event_name":"The Cleric","floor":2,"gold_loss":0},{"damage_healed":0,"gold_gain":75,"player_choice":"Gather Gold","damage_taken":11,"max_hp_gain":0,"max_hp_loss":0,"event_name":"World of Goop","floor":3,"gold_loss":0},{"damage_healed":0,"gold_gain":0,"player_choice":"Take Wound","damage_taken":0,"relics_obtained":["Golden Idol"],"max_hp_gain":0,"max_hp_loss":0,"event_name":"Golden Idol","floor":5,"gold_loss":0,"cards_obtained":["Injury"]},{"damage_healed":0,"gold_gain":0,"player_choice":"Ignored","damage_taken":0,"max_hp_gain":0,"max_hp_loss":0,"event_name":"Ghosts","floor":20,"gold_loss":0},{"damage_healed":0,"gold_gain":0,"player_choice":"Ignored","damage_taken":0,"max_hp_gain":0,"max_hp_loss":0,"event_name":"Beggar","floor":22,"gold_loss":0},{"damage_healed":15,"gold_gain":0,"player_choice":"Heal","damage_taken":0,"max_hp_gain":0,"max_hp_loss":0,"event_name":"The Library","floor":28,"gold_loss":0},{"damage_healed":0,"gold_gain":0,"player_choice":"Fight","damage_taken":0,"max_hp_gain":0,"max_hp_loss":0,"event_name":"Mysterious Sphere","floor":38,"gold_loss":0}],"is_beta":false,"boss_relics":[{"not_picked":["White Beast Statue","Fusion Hammer"],"picked":"Ectoplasm"},{"not_picked":["Tiny House","Runic Pyramid"],"picked":"Pandora\u0027s Box"}],"items_purged_floors":[7],"is_endless":false,"potions_floor_spawned":[12,16,21,27,29,31,33],"killed_by":"2 Orb Walkers","ascension_level":18}