{"path_per_floor":["M","?","M","?","M","E","R","M","T","R","E","M","?","?","R"],"character_chosen":"THE_SILENT","items_purchased":[],"gold_per_floor":[111,211,230,305,322,352,352,366,391,391,417,434,501,501,501,501],"floor_reached":16,"campfire_rested":3,"playtime":735,"current_hp_per_floor":[69,69,62,51,51,13,34,29,29,50,20,9,9,26,47,0],"items_purged":[],"gold":501,"score":121,"play_id":"b37a6e9a-0ffe-4843-94f6-ebd30578cfc7","local_time":"20180409083249","is_prod":false,"is_daily":false,"is_ascension_mode":true,"campfire_upgraded":0,"timestamp":1523284369,"path_taken":["M","?","M","?","M","E","R","M","T","R","E","?","?","?","R","BOSS"],"build_version":"2018-04-05v2","purchased_purges":0,"victory":false,"master_deck":["Defend_G","Defend_G","Defend_G","Defend_G","Strike_G","Strike_G","Strike_G","Strike_G","Strike_G","Survivor","Neutralize","Venomology","Expertise","Backstab","Acrobatics","Endless Agony","Tools of the Trade","Prepared+1","Endless Agony","Parasite"],"max_hp_per_floor":[70,70,70,70,70,70,70,70,70,70,70,70,70,70,70,70],"relics":["Ring of the Snake","Bronze Scales","Singing Bowl","Toxic Egg 2"],"card_choices":[{"not_picked":["Heel Hook","Predator"],"picked":"Expertise","floor":1},{"not_picked":["Sucker Punch","Underhanded Strike"],"picked":"Backstab","floor":3},{"not_picked":["Blade Dance","Noxious Fumes"],"picked":"Acrobatics","floor":5},{"not_picked":["Acrobatics","Riddle With Holes"],"picked":"Endless Agony","floor":6},{"not_picked":["Dagger Spray","Outmaneuver"],"picked":"Tools of the Trade","floor":8},{"not_picked":["PiercingWail","Accuracy"],"picked":"Prepared","floor":11},{"not_picked":["Dagger Throw","Dodge and Roll"],"picked":"Endless Agony","floor":12}],"player_experience":243562,"potions_floor_usage":[1,3,5,6,6,8,11,11,12,16],"damage_taken":[{"damage":1,"enemies":"Cultist","floor":1,"turns":4},{"damage":13,"enemies":"Small Slimes","floor":3,"turns":4},{"damage":0,"enemies":"2 Louse","floor":5,"turns":2},{"damage":38,"enemies":"3 Sentries","floor":6,"turns":12},{"damage":5,"enemies":"Exordium Thugs","floor":8,"turns":4},{"damage":30,"enemies":"Gremlin Nob","floor":11,"turns":5},{"damage":11,"enemies":"Red Slaver","floor":12,"turns":4},{"damage":47,"enemies":"Slime Boss","floor":16,"turns":7}],"event_choices":[{"event_name":"Golden Shrine","player_choice":"Pray","floor":2,"damage_taken":0},{"event_name":"World of Goop","player_choice":"Gather Gold","floor":4,"damage_taken":0},{"event_name":"Golden Wing","player_choice":"Gained Gold","floor":13,"damage_taken":0},{"event_name":"Mushrooms","player_choice":"Healed and dodged fight","floor":14,"damage_taken":0}],"boss_relics":[],"potions_floor_spawned":[5,8],"seed_played":"1512073723934846479","killed_by":"Slime Boss","ascension_level":2,"is_trial":false}