{"path_per_floor":["M","?","$","M","T","E","M","E","T","M","E","M","R","E","R"],"character_chosen":"THE_SILENT","items_purchased":["Calculated Gamble","Footwork"],"gold_per_floor":[110,110,6,17,17,52,64,95,122,135,170,184,184,212,212,212],"floor_reached":16,"campfire_rested":2,"playtime":694,"current_hp_per_floor":[68,68,68,68,68,66,57,29,29,31,8,7,28,11,34,1],"items_purged":[],"gold":212,"score":143,"play_id":"280a6ade-1150-41f4-a395-40a258581923","local_time":"20180409225718","is_prod":false,"is_daily":false,"is_ascension_mode":true,"campfire_upgraded":0,"timestamp":1523336238,"path_taken":["M","?","$","?","?","E","?","E","T","M","E","M","R","E","R","BOSS"],"build_version":"2018-04-05v2","purchased_purges":0,"victory":false,"master_deck":["Defend_G","Defend_G","Defend_G","Defend_G","Defend_G","Strike_G","Strike_G","Strike_G","Strike_G","Strike_G","Survivor","Neutralize","Eviscerate+1","Heel Hook","Panacea","Calculated Gamble","Footwork","Riddle With Holes+1","All Out Attack","Eviscerate","Heel Hook","All Out Attack","Prepared","Dagger Throw"],"max_hp_per_floor":[70,70,70,70,70,70,70,70,70,72,72,72,72,79,79,79],"relics":["Ring of the Snake","Whetstone","Bottled Tornado","Oddly Smooth Stone","Singing Bowl","Torii","Strawberry"],"card_choices":[{"not_picked":["Reflex","Choke"],"picked":"Eviscerate","floor":1},{"not_picked":["Poisoned Stab","Dash"],"picked":"Riddle With Holes","floor":4},{"not_picked":["Bullet Time","Quick Slash"],"picked":"All Out Attack","floor":6},{"not_picked":["PiercingWail","Skewer"],"picked":"Eviscerate","floor":7},{"not_picked":["Cloak And Dagger","Tools of the Trade"],"picked":"Heel Hook","floor":8},{"not_picked":["Acrobatics","Slice"],"picked":"All Out Attack","floor":11},{"not_picked":["Flying Knee","Dodge and Roll"],"picked":"Prepared","floor":12},{"not_picked":["Quick Slash","Accuracy"],"picked":"Dagger Throw","floor":14}],"player_experience":245314,"potions_floor_usage":[8,11,11,12],"damage_taken":[{"damage":2,"enemies":"Small Slimes","floor":1,"turns":3},{"damage":0,"enemies":"Cultist","floor":4,"turns":2},{"damage":2,"enemies":"3 Sentries","floor":6,"turns":7},{"damage":9,"enemies":"Jaw Worm","floor":7,"turns":2},{"damage":28,"enemies":"Gremlin Nob","floor":8,"turns":4},{"damage":0,"enemies":"3 Louse","floor":10,"turns":3},{"damage":38,"enemies":"Lagavulin","floor":11,"turns":7},{"damage":1,"enemies":"Large Slime","floor":12,"turns":5},{"damage":24,"enemies":"3 Sentries","floor":14,"turns":7},{"damage":33,"enemies":"The Guardian","floor":16,"turns":9}],"event_choices":[{"event_name":"Match and Keep!","player_choice":"2 cards matched","floor":2,"damage_taken":0}],"boss_relics":[],"potions_floor_spawned":[1,6,7,10],"seed_played":"-4066947747049145848","killed_by":"The Guardian","ascension_level":2,"is_trial":false}