{"gold_per_floor":[362,362,372,391,391,391,407,437,518,531,43,71,71,71,71,172,172,186,186,204,27,44,72,72,102,125,125,139,139,151,2,2,2],"floor_reached":33,"playtime":3552,"items_purged":["Strike_R"],"score":316,"play_id":"4c41eb2e-99c9-419d-b420-22166098ee65","local_time":"20190302052653","is_ascension_mode":true,"campfire_choices":[{"data":"Bash","floor":6.0,"key":"SMITH"},{"floor":15.0,"key":"REST"},{"floor":24.0,"key":"REST"},{"data":"Limit Break","floor":29.0,"key":"SMITH"},{"floor":32,"key":"REST"}],"neow_cost":"PERCENT_DAMAGE","seed_source_timestamp":0,"circlet_count":0,"master_deck":["Strike_R","Strike_R","Strike_R","Defend_R","Defend_R","Defend_R+1","Defend_R","Bash+1","Anger","Body Slam","Clash","Headbutt","Flame Barrier+1","Clothesline","Dark Shackles","Demon Form","Anger","Limit Break+1","Heavy Blade+1","Reckless Charge","Panache","Headbutt","Flame Barrier","Ghostly Armor","Exhume","Sentinel","Dual Wield+1"],"special_seed":0,"relics":["Burning Blood","Dream Catcher","Odd Mushroom","Potion Belt","Oddly Smooth Stone","Lantern","White Beast Statue","Juzu Bracelet","Anchor","Strawberry"],"potions_floor_usage":[30,33,33],"damage_taken":[{"damage":8.0,"enemies":"Jaw Worm","floor":1.0,"turns":5.0},{"damage":15.0,"enemies":"2 Louse","floor":3.0,"turns":3.0},{"damage":4.0,"enemies":"Small Slimes","floor":4.0,"turns":5.0},{"damage":9.0,"enemies":"2 Fungi Beasts","floor":7.0,"turns":3.0},{"damage":21.0,"enemies":"The Mushroom Lair","floor":8.0,"turns":4.0},{"damage":18.0,"enemies":"Lots of Slimes","floor":10.0,"turns":4.0},{"damage":4.0,"enemies":"Gremlin Nob","floor":12.0,"turns":4.0},{"damage":31.0,"enemies":"The Guardian","floor":16.0,"turns":10.0},{"damage":9.0,"enemies":"Shell Parasite","floor":18.0,"turns":8.0},{"damage":0.0,"enemies":"3 Byrds","floor":20.0,"turns":1.0},{"damage":53.0,"enemies":"Centurion and Healer","floor":22.0,"turns":9.0},{"damage":36.0,"enemies":"Book of Stabbing","floor":23.0,"turns":5.0},{"damage":3.0,"enemies":"Gremlin Leader","floor":25.0,"turns":6.0},{"damage":9.0,"enemies":"Sentry and Sphere","floor":27.0,"turns":5.0},{"damage":10.0,"enemies":"Snecko","floor":28.0,"turns":5.0},{"damage":43,"enemies":"3 Cultists","floor":30,"turns":8},{"damage":74,"enemies":"Automaton","floor":33,"turns":6}],"seed_played":"-5984301794115108632","potions_obtained":[{"floor":4.0,"key":"SpeedPotion"},{"floor":7.0,"key":"AttackPotion"},{"floor":8.0,"key":"EssenceOfSteel"},{"floor":18.0,"key":"Explosive Potion"},{"floor":20.0,"key":"SmokeBomb"},{"floor":22.0,"key":"Regen Potion"},{"floor":23.0,"key":"AttackPotion"},{"floor":25.0,"key":"SkillPotion"},{"floor":28.0,"key":"Energy Potion"},{"floor":30,"key":"SpeedPotion"}],"is_trial":false,"path_per_floor":["M","?","M","M","?","R","M","?","T","M","$","E","?","?","R","B",null,"M","?","M","$","M","E","R","E","T","M","M","R","M","$","R","B"],"character_chosen":"IRONCLAD","items_purchased":["Clothesline","Dark Shackles","Potion Belt","Oddly Smooth Stone","Panache","BloodPotion","Sentinel"],"campfire_rested":3,"item_purchase_floors":[11,11,11,11,21,31,31],"current_hp_per_floor":[54,42,33,35,61,61,58,43,43,31,31,33,17,17,41,16,80,77,77,80,80,33,17,41,44,51,48,44,44,7,7,33,0],"gold":2,"neow_bonus":"TWO_FIFTY_GOLD","is_prod":false,"is_daily":false,"chose_seed":false,"campfire_upgraded":2,"win_rate":0,"timestamp":1551464813,"path_taken":["M","?","M","M","?","R","M","?","T","?","$","E","?","?","R","BOSS","M","?","M","$","?","E","R","E","T","M","M","R","M","?","R","BOSS"],"build_version":"2019-01-23","purchased_purges":1,"victory":false,"max_hp_per_floor":[80,80,80,80,80,80,80,80,80,80,80,80,80,80,80,80,80,80,80,80,80,80,80,80,80,87,87,87,87,87,87,87,87],"card_choices":[{"not_picked":["Thunderclap","Iron Wave"],"picked":"Anger","floor":1.0},{"not_picked":["Reckless Charge","Anger"],"picked":"Body Slam","floor":3.0},{"not_picked":["Sentinel","Iron Wave"],"picked":"Clash","floor":4.0},{"not_picked":["Blood for Blood","Whirlwind"],"picked":"Headbutt","floor":7.0},{"not_picked":["Intimidate","Sword Boomerang"],"picked":"Flame Barrier","floor":10.0},{"not_picked":["Rampage","Body Slam"],"picked":"Demon Form","floor":12.0},{"not_picked":["Searing Blow","Whirlwind"],"picked":"Anger","floor":15.0},{"not_picked":["Double Tap","Feed"],"picked":"Limit Break","floor":16.0},{"not_picked":["Anger","Iron Wave"],"picked":"Heavy Blade+1","floor":18.0},{"not_picked":["Headbutt+1","Anger+1","Sword Boomerang"],"picked":"SKIP","floor":20.0},{"not_picked":["Battle Trance+1","Whirlwind"],"picked":"Headbutt","floor":22.0},{"not_picked":["Rupture","Infernal Blade","Wild Strike+1"],"picked":"SKIP","floor":23.0},{"not_picked":["Pummel","Cleave+1"],"picked":"Flame Barrier","floor":24.0},{"not_picked":["Hemokinesis","Intimidate"],"picked":"Ghostly Armor","floor":25.0},{"not_picked":["Body Slam","Warcry"],"picked":"Exhume","floor":28.0},{"not_picked":["True Grit","Sword Boomerang","Flex"],"picked":"SKIP","floor":30},{"not_picked":["Perfected Strike","Cleave"],"picked":"Dual Wield+1","floor":32}],"player_experience":210570,"relics_obtained":[{"floor":8.0,"key":"Odd Mushroom"},{"floor":12.0,"key":"Lantern"},{"floor":23.0,"key":"Juzu Bracelet"},{"floor":25.0,"key":"Anchor"},{"floor":26.0,"key":"Strawberry"}],"event_choices":[{"damage_healed":0.0,"max_hp_gain":0.0,"max_hp_loss":0.0,"gold_gain":0.0,"event_name":"Scrap Ooze","player_choice":"Success","floor":2.0,"gold_loss":0.0,"damage_taken":12.0,"relics_obtained":["Dream Catcher"]},{"damage_healed":26.0,"max_hp_gain":0.0,"max_hp_loss":0.0,"gold_gain":0.0,"event_name":"Big Fish","player_choice":"Banana","floor":5.0,"gold_loss":0.0,"damage_taken":0.0},{"damage_healed":0.0,"max_hp_gain":0.0,"max_hp_loss":0.0,"gold_gain":0.0,"event_name":"Mushrooms","player_choice":"Fought Mushrooms","floor":8.0,"gold_loss":0.0,"damage_taken":0.0},{"damage_healed":0.0,"max_hp_gain":0.0,"max_hp_loss":0.0,"gold_gain":0.0,"event_name":"Shining Light","player_choice":"Entered Light","floor":13.0,"gold_loss":0.0,"damage_taken":16.0,"cards_upgraded":["Defend_R","Strike_R"]},{"damage_healed":0.0,"max_hp_gain":0.0,"max_hp_loss":0.0,"gold_gain":0.0,"event_name":"Living Wall","player_choice":"Grow","floor":14.0,"gold_loss":0.0,"damage_taken":0.0,"cards_upgraded":["Flame Barrier"]},{"damage_healed":0.0,"max_hp_gain":0.0,"max_hp_loss":0.0,"gold_gain":0.0,"cards_transformed":["Strike_R"],"event_name":"Transmorgrifier","player_choice":"Transformed","floor":19.0,"gold_loss":0.0,"damage_taken":0.0,"cards_obtained":["Reckless Charge"]}],"is_beta":false,"boss_relics":[{"not_picked":["Tiny House","Runic Dome"],"picked":"White Beast Statue"}],"items_purged_floors":[11],"is_endless":false,"potions_floor_spawned":[4,7,8,18,20,22,23,25,27,28,30],"killed_by":"Automaton","ascension_level":2}