{"gold_per_floor":[217,217,217,229,245,245,275,275,275,275,291,317,91,125,125,221,221,237,248,248,248,267,296,308,338,398,427,439,0,0,14,14,109,109,122,40,58,76,96,96,0,0,27,41,41,41,75,89,89,89,89,89,89,120,120],"floor_reached":55,"playtime":6395,"items_purged":["Bash"],"score":781,"play_id":"82e80b5a-eba8-4cff-97c6-9c6dab4ddaeb","local_time":"20190303134244","is_ascension_mode":true,"campfire_choices":[{"data":"Shrug It Off","floor":6,"key":"SMITH"},{"floor":8,"key":"REST"},{"data":"Inflame","floor":15,"key":"SMITH"},{"data":"Shrug It Off","floor":24,"key":"SMITH"},{"data":"Metallicize","floor":28,"key":"SMITH"},{"floor":30,"key":"RECALL"},{"data":"Rampage","floor":32,"key":"SMITH"},{"data":"Limit Break","floor":40,"key":"SMITH"},{"data":"Pommel Strike","floor":42,"key":"SMITH"},{"floor":49,"key":"REST"},{"floor":52,"key":"REST"}],"neow_cost":"NONE","seed_source_timestamp":42310790714162,"circlet_count":0,"master_deck":["Strike_R+1","Strike_R+1","Strike_R+1","Strike_R+1","Strike_R+1","Defend_R+1","Defend_R+1","Defend_R+1","Defend_R+1","Shrug It Off+1","Shrug It Off+1","Cleave+1","Pommel Strike+1","Battle Trance+1","Inflame+1","Rampage+1","Bludgeon+1","Metallicize+1","Flame Barrier+1","Shrug It Off+1","Warcry+1","Impervious+1","Limit Break+1","Flash of Steel+1","Flame Barrier+1","Power Through+1"],"relics":["Burning Blood","Prayer Wheel","Pear","Bag of Preparation","Mark of Pain","Nilry\u0027s Codex","MawBank","Bronze Scales","Medical Kit","Molten Egg 2","Sozu","Red Mask","Ancient Tea Set","Mark of the Bloom","Darkstone Periapt","Happy Flower","Blue Candle"],"potions_floor_usage":[27,38,48,55],"damage_taken":[{"damage":16,"enemies":"Small Slimes","floor":1,"turns":5},{"damage":0,"enemies":"2 Louse","floor":4,"turns":3},{"damage":1,"enemies":"Jaw Worm","floor":5,"turns":4},{"damage":37,"enemies":"3 Sentries","floor":7,"turns":14},{"damage":1,"enemies":"Exordium Wildlife","floor":11,"turns":4},{"damage":20,"enemies":"Lagavulin","floor":12,"turns":10},{"damage":5,"enemies":"3 Sentries","floor":14,"turns":6},{"damage":38,"enemies":"Slime Boss","floor":16,"turns":10},{"damage":17,"enemies":"2 Thieves","floor":18,"turns":4},{"damage":1,"enemies":"Chosen","floor":19,"turns":4},{"damage":24,"enemies":"Snake Plant","floor":22,"turns":3},{"damage":15,"enemies":"Book of Stabbing","floor":23,"turns":8},{"damage":34,"enemies":"Snecko","floor":25,"turns":7},{"damage":9,"enemies":"Centurion and Healer","floor":27,"turns":7},{"damage":4,"enemies":"Snake Plant","floor":31,"turns":4},{"damage":42,"enemies":"Automaton","floor":33,"turns":13},{"damage":0,"enemies":"Orb Walker","floor":35,"turns":4},{"damage":14,"enemies":"3 Shapes","floor":37,"turns":3},{"damage":8,"enemies":"Jaw Worm Horde","floor":38,"turns":4},{"damage":1,"enemies":"3 Darklings","floor":39,"turns":5},{"damage":0,"enemies":"Sphere and 2 Shapes","floor":44,"turns":5},{"damage":41,"enemies":"Giant Head","floor":47,"turns":9},{"damage":0,"enemies":"Spire Growth","floor":48,"turns":4},{"damage":29,"enemies":"Time Eater","floor":50,"turns":12},{"damage":10,"enemies":"Shield and Spear","floor":54,"turns":8},{"damage":26,"enemies":"The Heart","floor":55,"turns":9}],"seed_played":"-8326451878630849209","potions_obtained":[{"floor":7,"key":"Ancient Potion"},{"floor":12,"key":"Swift Potion"},{"floor":16,"key":"Weak Potion"},{"floor":19,"key":"Block Potion"},{"floor":33,"key":"Explosive Potion"}],"is_trial":false,"path_per_floor":["M","?","?","M","M","R","E","R","T","?","M","E","$","E","R","B",null,"M","M","?","?","M","E","R","M","T","M","R","$","R","M","R","B",null,"M","$","M","M","M","R","?","R","T","M","?","T","E","M","R","B",null,"R","$","E","B"],"character_chosen":"IRONCLAD","items_purchased":["Inflame","Rampage","Medical Kit","Molten Egg 2","Flash of Steel+1"],"campfire_rested":3,"item_purchase_floors":[13,13,29,29,36],"current_hp_per_floor":[70,70,54,60,65,65,34,58,58,63,68,64,64,65,65,33,95,84,89,73,105,87,78,78,50,50,47,47,47,47,49,49,13,105,105,105,97,95,100,100,100,100,100,105,105,105,64,64,64,35,35,35,35,25,0],"gold":120,"neow_bonus":"HUNDRED_GOLD","is_prod":false,"is_daily":false,"chose_seed":false,"campfire_upgraded":7,"win_rate":0,"timestamp":1551642164,"path_taken":["M","?","?","M","M","R","E","R","T","?","M","E","$","E","R","BOSS","M","M","?","?","?","E","R","M","T","M","R","$","R","M","R","BOSS","M","$","M","M","M","R","?","R","T","M","?","?","E","?","R","BOSS","R","$","E","BOSS"],"build_version":"2019-01-23","purchased_purges":1,"victory":false,"max_hp_per_floor":[80,80,80,80,80,80,80,80,80,85,85,95,95,95,95,95,95,95,95,95,105,105,105,105,105,105,105,105,105,105,105,105,105,105,105,105,105,105,105,105,105,105,105,105,105,105,105,105,105,105,105,105,105,105,105],"card_choices":[{"not_picked":["Havoc","Pommel Strike"],"picked":"Shrug It Off","floor":1},{"not_picked":["Sentinel","Evolve"],"picked":"Shrug It Off","floor":4},{"not_picked":["Thunderclap","Flex"],"picked":"Cleave","floor":5},{"not_picked":["Flex","Ghostly Armor"],"picked":"Pommel Strike","floor":7},{"not_picked":["Wild Strike","Headbutt"],"picked":"Battle Trance","floor":11},{"not_picked":["Entrench","Twin Strike","Spot Weakness"],"picked":"SKIP","floor":11},{"not_picked":["Anger","Double Tap","Flex"],"picked":"SKIP","floor":12},{"not_picked":["Dual Wield","Sever Soul","Juggernaut"],"picked":"SKIP","floor":14},{"not_picked":["Juggernaut","Berserk"],"picked":"Bludgeon","floor":16},{"not_picked":["True Grit","Sword Boomerang+1"],"picked":"Metallicize","floor":18},{"not_picked":["Pommel Strike","Perfected Strike","Flex+1"],"picked":"SKIP","floor":18},{"not_picked":["Ghostly Armor","Bloodletting"],"picked":"Bludgeon","floor":19},{"not_picked":["Entrench+1","Headbutt","Warcry"],"picked":"SKIP","floor":19},{"not_picked":["Whirlwind+1","True Grit+1"],"picked":"Flame Barrier+1","floor":22},{"not_picked":["Iron Wave","Sever Soul"],"picked":"Shrug It Off","floor":22},{"not_picked":["Power Through","Flex+1","Headbutt"],"picked":"SKIP","floor":23},{"not_picked":["Perfected Strike","Bloodletting"],"picked":"Warcry+1","floor":25},{"not_picked":["Cleave","Heavy Blade","Twin Strike+1"],"picked":"SKIP","floor":25},{"not_picked":["Body Slam","Fire Breathing+1"],"picked":"Impervious","floor":27},{"not_picked":["Dual Wield","Iron Wave","Flex+1"],"picked":"SKIP","floor":27},{"not_picked":["Flex+1","Infernal Blade","Clash+1"],"picked":"SKIP","floor":31},{"not_picked":["Armaments","Rupture+1","Dropkick+1"],"picked":"SKIP","floor":31},{"not_picked":["Bludgeon+1","Fiend Fire+1"],"picked":"Limit Break","floor":33},{"not_picked":["Sentinel","Second Wind+1","Shrug It Off"],"picked":"SKIP","floor":35},{"not_picked":["Carnage+1","True Grit","Power Through+1"],"picked":"SKIP","floor":35},{"not_picked":["Dropkick+1","Heavy Blade+1","Second Wind"],"picked":"SKIP","floor":37},{"not_picked":["Clash+1","Ghostly Armor+1","Whirlwind+1"],"picked":"SKIP","floor":37},{"not_picked":["Power Through","Clash+1","Rage"],"picked":"SKIP","floor":38},{"not_picked":["Heavy Blade+1","Second Wind","Flame Barrier"],"picked":"SKIP","floor":38},{"not_picked":["Evolve","Shrug It Off"],"picked":"Flame Barrier+1","floor":39},{"not_picked":["Flex","Shrug It Off"],"picked":"Power Through+1","floor":39},{"not_picked":["Thunderclap+1","Dual Wield","Burning Pact"],"picked":"SKIP","floor":44},{"not_picked":["Whirlwind+1","Bludgeon+1","Headbutt+1"],"picked":"SKIP","floor":44},{"not_picked":["Clothesline+1","Clash+1","Headbutt+1"],"picked":"SKIP","floor":47},{"not_picked":["Anger+1","Warcry","Ghostly Armor"],"picked":"SKIP","floor":48},{"not_picked":["Anger+1","Clash+1","Perfected Strike+1"],"picked":"SKIP","floor":48},{"not_picked":["Intimidate","Dual Wield+1","Iron Wave+1"],"picked":"SKIP","floor":54}],"player_experience":92673,"relics_obtained":[{"floor":7,"key":"Prayer Wheel"},{"floor":12,"key":"Pear"},{"floor":14,"key":"Bag of Preparation"},{"floor":20,"key":"Nilry\u0027s Codex"},{"floor":23,"key":"MawBank"},{"floor":26,"key":"Bronze Scales"},{"floor":43,"key":"Ancient Tea Set"},{"floor":46,"key":"Darkstone Periapt"},{"floor":47,"key":"Happy Flower"},{"floor":54,"key":"Blue Candle"}],"event_choices":[{"damage_healed":0,"gold_gain":0,"player_choice":"Grow","damage_taken":0,"max_hp_gain":0,"max_hp_loss":0,"event_name":"Living Wall","floor":2,"gold_loss":0,"cards_upgraded":["Shrug It Off"]},{"damage_healed":0,"gold_gain":0,"player_choice":"Entered Light","damage_taken":16,"max_hp_gain":0,"max_hp_loss":0,"event_name":"Shining Light","floor":3,"gold_loss":0,"cards_upgraded":["Defend_R","Defend_R"]},{"damage_healed":0,"gold_gain":0,"player_choice":"Donut","damage_taken":0,"max_hp_gain":5,"max_hp_loss":0,"event_name":"Big Fish","floor":10,"gold_loss":0},{"damage_healed":0,"gold_gain":0,"player_choice":"Obtained Book","damage_taken":16,"max_hp_gain":0,"max_hp_loss":0,"event_name":"Cursed Tome","floor":20,"gold_loss":0},{"cards_removed":["Bludgeon"],"damage_healed":22,"gold_gain":0,"player_choice":"Offered Rare","damage_taken":0,"max_hp_gain":10,"max_hp_loss":0,"event_name":"Bonfire Elementals","floor":21,"gold_loss":0},{"damage_healed":0,"gold_gain":0,"player_choice":"Paid","damage_taken":0,"relics_obtained":["Red Mask"],"max_hp_gain":0,"max_hp_loss":0,"event_name":"Tomb of Lord Red Mask","floor":41,"gold_loss":96},{"damage_healed":0,"gold_gain":0,"player_choice":"Upgrade","damage_taken":0,"relics_obtained":["Mark of the Bloom"],"max_hp_gain":0,"max_hp_loss":0,"event_name":"MindBloom","floor":45,"gold_loss":0,"cards_upgraded":["Strike_R","Strike_R","Strike_R","Strike_R","Strike_R","Defend_R","Defend_R","Cleave","Battle Trance","Bludgeon","Impervious"]}],"is_beta":false,"boss_relics":[{"not_picked":["Eternal Feather","Runic Cube"],"picked":"Mark of Pain"},{"not_picked":["Lizard Tail","Fusion Hammer"],"picked":"Sozu"}],"items_purged_floors":[13],"is_endless":false,"potions_floor_spawned":[7,12,16,19,23,33,37,39,44,48,54],"killed_by":"The Heart","ascension_level":2}