{"path_per_floor":["M","M","M","M","M","R","M","M","T","M","M","R","?","M","R","B",null,"M","M","M","M","M","R","M","M","T","R","E","$","R","M","R","B",null,"M","M","M","M","$","E","M","E","T","M","R","M","E","?","R","B"],"character_chosen":"THE_SILENT","items_purchased":["Bag of Marbles","Mercury Hourglass","Infinite Blades","Bag of Preparation"],"gold_per_floor":[114,129,144,159,174,174,189,204,204,219,234,234,234,249,249,349,379,394,409,424,439,454,454,469,484,484,484,514,40,40,55,55,155,155,170,185,200,215,65,95,110,140,140,155,155,170,230,230,230,230],"floor_reached":51,"campfire_rested":2,"playtime":2576,"current_hp_per_floor":[70,68,68,64,61,61,61,48,48,31,26,65,65,65,65,29,70,62,46,53,31,31,65,65,65,65,65,55,55,55,45,45,38,69,69,66,66,64,64,66,68,53,53,55,55,57,58,71,71,68],"items_purged":[],"gold":230,"score":840,"play_id":"4cf8c886-e50d-44b2-8c95-85a6b014f51b","local_time":"20180319083700","daily_mods":["Diverse","Night Terrors","Vintage"],"is_prod":false,"is_daily":true,"is_ascension_mode":false,"campfire_upgraded":4,"timestamp":1521470220,"path_taken":["M","M","M","M","M","R","M","M","T","M","?","R","?","M","R","BOSS","M","M","M","M","M","R","M","M","T","R","E","$","R","M","R","BOSS","M","M","M","M","$","E","M","E","T","M","R","M","E","?","R","BOSS"],"build_version":"2018-03-15v3","purchased_purges":0,"victory":true,"master_deck":["Defend_G","Defend_G","Defend_G+1","Defend_G","Defend_G","Strike_G+1","Strike_G+1","Strike_G","Strike_G+1","Strike_G+1","Survivor+1","Neutralize+1","Uppercut+1","Corruption+1","Die Die Die+1","Caltrops+1","All Out Attack+1","PiercingWail+1","Well Laid Plans+1","Infinite Blades+1","Burst+1","Prepared+1","Footwork+1","Caltrops+1","Quick Slash+1","Dagger Throw+1","Well Laid Plans+1"],"max_hp_per_floor":[70,70,70,70,70,70,70,70,70,70,70,65,65,65,65,65,70,70,70,70,70,70,65,65,65,65,65,65,65,65,65,65,65,69,69,69,69,69,69,69,69,69,69,69,69,69,71,71,71,71],"relics":["Ring of the Snake","Du-Vu Doll","Bottled Flame","Art of War","Girya","Ancient Tea Set","Molten Egg 2","Singing Bowl","Gambling Chip","Kunai","Letter Opener","Bronze Scales","Mummified Hand","Tiny House","Whetstone","Dream Catcher","Anchor","Prayer Wheel","Centennial Puzzle","Toxic Egg 2","Frozen Egg 2","Tingsha","Shuriken","Bag of Marbles","Mercury Hourglass","Omamori","Orichalcum","Orrery","Smiling Mask","Pantograph","Blood Vial","Pen Nib","Bag of Preparation","Frozen Eye","War Paint","Oddly Smooth Stone","Torii","Blue Candle","Toolbox","Tiny Chest"],"card_choices":[{"not_picked":["Corpse Explosion","Tactician"],"picked":"Die Die Die"},{"not_picked":["Concentrate","Finisher"],"picked":"Caltrops"},{"not_picked":["Outmaneuver","Concentrate"],"picked":"All Out Attack"},{"not_picked":["Deadly Poison","Deflect"],"picked":"PiercingWail"},{"not_picked":["Deadly Poison","Expertise"],"picked":"Well Laid Plans"},{"not_picked":["Tactician","Night Terror"],"picked":"Burst"},{"not_picked":["Flying Knee","Slice"],"picked":"Prepared"},{"not_picked":["Predator","Outmaneuver"],"picked":"Footwork"},{"not_picked":["Cloak And Dagger","Endless Agony"],"picked":"Caltrops"},{"not_picked":["Sucker Punch","Underhanded Strike"],"picked":"Quick Slash"},{"not_picked":["Quick Slash","Outmaneuver"],"picked":"Dagger Throw"},{"not_picked":["Tactician","Dagger Spray"],"picked":"Well Laid Plans"}],"player_experience":161315,"potions_floor_usage":[11,16,20,20,20,33,33,33,46,50,50,50],"damage_taken":[{"damage":0,"enemies":"Cultist","floor":1,"turns":3},{"damage":2,"enemies":"Small Slimes","floor":2,"turns":4},{"damage":0,"enemies":"Jaw Worm","floor":3,"turns":3},{"damage":4,"enemies":"Looter","floor":4,"turns":4},{"damage":3,"enemies":"3 Louse","floor":5,"turns":4},{"damage":0,"enemies":"2 Fungi Beasts","floor":7,"turns":2},{"damage":13,"enemies":"Exordium Thugs","floor":8,"turns":6},{"damage":17,"enemies":"Exordium Wildlife","floor":10,"turns":5},{"damage":5,"enemies":"Lots of Slimes","floor":11,"turns":3},{"damage":0,"enemies":"Large Slime","floor":14,"turns":4},{"damage":36,"enemies":"Slime Boss","floor":16,"turns":12},{"damage":8,"enemies":"Spheric Guardian","floor":18,"turns":3},{"damage":16,"enemies":"Shell Parasite","floor":19,"turns":4},{"damage":2,"enemies":"Centurion and Healer","floor":20,"turns":4},{"damage":22,"enemies":"Sentry and Sphere","floor":21,"turns":4},{"damage":0,"enemies":"Snecko","floor":22,"turns":4},{"damage":0,"enemies":"Snake Plant","floor":24,"turns":2},{"damage":0,"enemies":"Centurion and Healer","floor":25,"turns":4},{"damage":10,"enemies":"Slavers","floor":28,"turns":2},{"damage":10,"enemies":"Cultist and Chosen","floor":31,"turns":3},{"damage":7,"enemies":"Champ","floor":33,"turns":8},{"damage":0,"enemies":"Orb Walker","floor":35,"turns":3},{"damage":3,"enemies":"3 Darklings","floor":36,"turns":3},{"damage":0,"enemies":"4 Shapes","floor":37,"turns":1},{"damage":4,"enemies":"Sphere and 2 Shapes","floor":38,"turns":2},{"damage":0,"enemies":"2 Orb Walkers","floor":40,"turns":2},{"damage":0,"enemies":"3 Darklings","floor":41,"turns":1},{"damage":16,"enemies":"Giant Head","floor":42,"turns":6},{"damage":0,"enemies":"4 Shapes","floor":44,"turns":1},{"damage":0,"enemies":"Maw","floor":46,"turns":4},{"damage":3,"enemies":"Nemesis","floor":47,"turns":5},{"damage":10,"enemies":"Time Eater","floor":50,"turns":6}],"event_choices":[{"event_name":"Upgrade Shrine","player_choice":"Upgraded","floor":13,"damage_taken":0},{"event_name":"Winding Halls","player_choice":"Writhe","floor":48,"damage_taken":0}],"boss_relics":[{"not_picked":["Cursed Key","Snecko Eye"],"picked":"Tiny House"},{"not_picked":["Astrolabe","Eternal Feather"],"picked":"Orrery"}],"potions_floor_spawned":[8,11,14,16,19,20,28,31,33,37,40,44,47],"seed_played":"4569236457908174948","ascension_level":0,"is_trial":false}