{"gold_per_floor":[118,134,149,149,149,149,177,177,177,205,219,253,276,304,316,428,440,464,28,47,47,61,61,88,107,134,134,149,149,166,166],"floor_reached":31,"playtime":1968,"items_purged":["Strike_B"],"score":426,"play_id":"50a6a099-64a4-40db-ac6e-e68ddf1a1fc0","local_time":"20181101111540","is_ascension_mode":true,"campfire_choices":[{"floor":6.0,"key":"REST"},{"data":"Sweeping Beam","floor":8.0,"key":"SMITH"},{"floor":15.0,"key":"REST"},{"floor":23.0,"key":"REST"},{"data":"Apotheosis","floor":27,"key":"SMITH"},{"floor":29,"key":"REST"}],"neow_cost":"NONE","seed_source_timestamp":0,"circlet_count":0,"master_deck":["Strike_B+1","Strike_B","Strike_B+1","Defend_B","Defend_B","Defend_B","Defend_B","Zap+1","Dualcast+1","Compile Driver","Cold Snap","Gash","Sweeping Beam+1","Cold Snap","Coolheaded","Static Discharge","Ball Lightning","Machine Learning","Reprogram","Apotheosis+1","BootSequence+1","BootSequence+1","Conserve Battery+1","Go for the Eyes","Recycle","Coolheaded"],"special_seed":0,"relics":["FrozenCore","Cables","Whetstone","Vajra","Anchor","MawBank","Runic Capacitor","Symbiotic Virus","Pen Nib"],"potions_floor_usage":[],"damage_taken":[{"damage":2.0,"enemies":"Jaw Worm","floor":1.0,"turns":3.0},{"damage":2.0,"enemies":"Small Slimes","floor":2.0,"turns":3.0},{"damage":0.0,"enemies":"2 Louse","floor":3.0,"turns":1.0},{"damage":13.0,"enemies":"3 Sentries","floor":7.0,"turns":4.0},{"damage":0.0,"enemies":"Gremlin Nob","floor":10.0,"turns":2.0},{"damage":3.0,"enemies":"Lots of Slimes","floor":11.0,"turns":2.0},{"damage":18.0,"enemies":"Lagavulin","floor":12.0,"turns":4.0},{"damage":0.0,"enemies":"Large Slime","floor":13.0,"turns":3.0},{"damage":1.0,"enemies":"Exordium Wildlife","floor":14.0,"turns":4.0},{"damage":13.0,"enemies":"The Guardian","floor":16.0,"turns":9.0},{"damage":22.0,"enemies":"Spheric Guardian","floor":18.0,"turns":4.0},{"damage":4.0,"enemies":"Shell Parasite","floor":20.0,"turns":6.0},{"damage":16.0,"enemies":"3 Cultists","floor":22.0,"turns":5.0},{"damage":15.0,"enemies":"Book of Stabbing","floor":24.0,"turns":5.0},{"damage":5,"enemies":"Centurion and Healer","floor":25,"turns":6},{"damage":12,"enemies":"Snake Plant","floor":28,"turns":3},{"damage":6,"enemies":"3 Cultists","floor":30,"turns":5},{"damage":41,"enemies":"Gremlin Leader","floor":31,"turns":6}],"seed_played":"6805297321766349972","potions_obtained":[{"floor":1.0,"key":"EntropicBrew"},{"floor":2.0,"key":"PowerPotion"},{"floor":11.0,"key":"Poison Potion"},{"floor":14.0,"key":"SteroidPotion"},{"floor":18.0,"key":"Swift Potion"},{"floor":25,"key":"Poison Potion"},{"floor":28,"key":"EssenceOfSteel"}],"is_trial":false,"path_per_floor":["M","M","M","?","?","R","E","R","T","E","M","E","M","M","R","B",null,"M","$","M","?","M","R","E","M","T","R","M","R","M"],"character_chosen":"DEFECT","items_purchased":["Runic Capacitor","Apotheosis"],"campfire_rested":4,"item_purchase_floors":[19,19],"current_hp_per_floor":[66,64,64,52,52,74,61,61,61,61,58,40,40,39,61,48,68,46,46,42,42,26,48,33,28,28,28,16,38,32,0],"gold":166,"neow_bonus":"UPGRADE_CARD","is_prod":false,"is_daily":false,"chose_seed":false,"campfire_upgraded":2,"win_rate":0,"timestamp":1541085340,"path_taken":["M","M","M","?","?","R","E","R","T","E","M","E","?","?","R","BOSS","M","$","M","?","M","R","E","M","T","R","M","R","M","E"],"build_version":"2018-10-25v2","purchased_purges":1,"victory":false,"max_hp_per_floor":[75,75,75,75,75,75,75,75,75,75,75,75,75,75,75,75,75,75,75,75,75,75,75,75,75,75,75,75,75,75,75],"card_choices":[{"not_picked":["Sweeping Beam","Stack"],"picked":"Compile Driver","floor":1.0},{"not_picked":["Barrage","FTL"],"picked":"Cold Snap","floor":2.0},{"not_picked":["Streamline","Reinforced Body"],"picked":"Gash","floor":3.0},{"not_picked":["Hyperbeam","Melter"],"picked":"Sweeping Beam","floor":7.0},{"not_picked":["BootSequence","Leap"],"picked":"Cold Snap","floor":10.0},{"not_picked":["Rebound","Sweeping Beam","Steam Power"],"picked":"SKIP","floor":11.0},{"not_picked":["Cold Snap","BootSequence"],"picked":"Coolheaded","floor":12.0},{"not_picked":["All For One","Barrage"],"picked":"Static Discharge","floor":13.0},{"not_picked":["Loop","Hologram"],"picked":"Ball Lightning","floor":14.0},{"not_picked":["Rainbow","Seek"],"picked":"Machine Learning","floor":16.0},{"not_picked":["Scrape","Redo"],"picked":"Reprogram","floor":18.0},{"not_picked":["Doom and Gloom","Stack+1"],"picked":"BootSequence+1","floor":20.0},{"not_picked":["Sweeping Beam+1","Turbo","FTL"],"picked":"SKIP","floor":22.0},{"not_picked":["Chaos","Stack+1"],"picked":"Conserve Battery+1","floor":24.0},{"not_picked":["Leap","Fusion"],"picked":"Go for the Eyes","floor":25},{"not_picked":["Ball Lightning+1","Stack"],"picked":"Recycle","floor":28},{"not_picked":["Melter+1","Steam"],"picked":"Coolheaded","floor":30}],"player_experience":116756,"relics_obtained":[{"floor":7.0,"key":"Whetstone"},{"floor":9.0,"key":"Vajra"},{"floor":10.0,"key":"Anchor"},{"floor":12.0,"key":"MawBank"},{"floor":24.0,"key":"Symbiotic Virus"},{"floor":26,"key":"Pen Nib"}],"event_choices":[{"damage_healed":0.0,"max_hp_gain":0.0,"max_hp_loss":0.0,"gold_gain":0.0,"event_name":"Scrap Ooze","player_choice":"Success","floor":4.0,"gold_loss":0.0,"damage_taken":12.0,"relics_obtained":["Cables"]},{"damage_healed":0.0,"max_hp_gain":0.0,"max_hp_loss":0.0,"gold_gain":0.0,"event_name":"Upgrade Shrine","player_choice":"Upgraded","floor":5.0,"gold_loss":0.0,"damage_taken":0.0,"cards_upgraded":["Dualcast"]},{"damage_healed":0.0,"max_hp_gain":0.0,"max_hp_loss":0.0,"gold_gain":0.0,"event_name":"Duplicator","player_choice":"Copied","floor":21.0,"gold_loss":0.0,"damage_taken":0.0,"cards_obtained":["BootSequence"]}],"is_beta":false,"boss_relics":[{"not_picked":["Busted Crown","Philosopher\u0027s Stone"],"picked":"FrozenCore"}],"items_purged_floors":[19],"is_endless":false,"potions_floor_spawned":[1,2,11,14,18,25,28],"killed_by":"Gremlin Leader","ascension_level":8}