{"gold_per_floor":[117,129,139,139,153,178,178,178],"floor_reached":8,"playtime":185,"items_purged":[],"score":113,"play_id":"5153ef24-29c9-433d-afa9-bcc96a9c8b9c","local_time":"20190305153736","is_ascension_mode":true,"campfire_choices":[{"floor":7,"key":"REST"}],"neow_cost":"NONE","seed_source_timestamp":240277111780600,"circlet_count":0,"master_deck":["AscendersBane","Strike_B","Strike_B","Strike_B","Strike_B","Defend_B","Defend_B","Defend_B","Defend_B","Zap","Dualcast","Sweeping Beam","Ball Lightning","Echo Form","Conserve Battery"],"relics":["Cracked Core","NeowsBlessing","Ice Cream"],"potions_floor_usage":[],"damage_taken":[{"damage":0,"enemies":"Cultist","floor":1,"turns":1},{"damage":0,"enemies":"2 Louse","floor":2,"turns":1},{"damage":0,"enemies":"Jaw Worm","floor":3,"turns":1},{"damage":7,"enemies":"Looter","floor":5,"turns":3},{"damage":36,"enemies":"Gremlin Nob","floor":6,"turns":4},{"damage":38,"enemies":"The Mushroom Lair","floor":8,"turns":4}],"seed_played":"-6192644364103602427","potions_obtained":[{"floor":1,"key":"LiquidBronze"}],"is_trial":false,"path_per_floor":["M","M","M","?","M","E","R","?"],"character_chosen":"DEFECT","items_purchased":[],"campfire_rested":1,"item_purchase_floors":[],"current_hp_per_floor":[64,64,64,54,47,11,32,0],"gold":178,"neow_bonus":"THREE_ENEMY_KILL","is_prod":false,"is_daily":false,"chose_seed":false,"campfire_upgraded":0,"win_rate":0,"timestamp":1551818256,"path_taken":["M","?","M","?","?","E","R","?"],"build_version":"2019-01-23","purchased_purges":0,"victory":false,"max_hp_per_floor":[71,71,71,71,71,71,71,71],"card_choices":[{"not_picked":["Doom and Gloom","Stack"],"picked":"Sweeping Beam","floor":1},{"not_picked":["Hologram","Reinforced Body"],"picked":"Ball Lightning","floor":2},{"not_picked":["Darkness","Redo","Rebound"],"picked":"SKIP","floor":3},{"not_picked":["Beam Cell","Turbo"],"picked":"Echo Form","floor":5},{"not_picked":["Chaos","Barrage"],"picked":"Conserve Battery","floor":6}],"player_experience":1292870,"relics_obtained":[{"floor":6,"key":"Ice Cream"}],"event_choices":[{"damage_healed":0,"gold_gain":0,"player_choice":"Damaged","damage_taken":10,"max_hp_gain":0,"max_hp_loss":0,"event_name":"Wheel of Change","floor":4,"gold_loss":0},{"damage_healed":0,"gold_gain":0,"player_choice":"Fought Mushrooms","damage_taken":0,"max_hp_gain":0,"max_hp_loss":0,"event_name":"Mushrooms","floor":8,"gold_loss":0}],"is_beta":false,"boss_relics":[],"items_purged_floors":[],"is_endless":false,"potions_floor_spawned":[1],"killed_by":"The Mushroom Lair","ascension_level":19}