{"gold_per_floor":[111,124,89,109,109,135,135,194,268,268,320,334,334,350,350,448,448,458,478,478,497,508,508,508,531,583,608,608,623,639,659,659,759,759,773,773,773],"floor_reached":37,"playtime":2658,"items_purged":[],"score":391,"play_id":"642d10bd-3efc-4cca-b5b2-9bce3e052e7f","local_time":"20190128170251","is_ascension_mode":false,"campfire_choices":[{"data":"Anger","floor":7.0,"key":"SMITH"},{"data":"Perfected Strike","floor":10.0,"key":"SMITH"},{"data":"Reaper","floor":13.0,"key":"SMITH"},{"data":"Rage","floor":15.0,"key":"SMITH"},{"data":"RitualDagger","floor":23,"key":"SMITH"},{"data":"Double Tap","floor":28,"key":"SMITH"},{"data":"Metallicize","floor":32,"key":"SMITH"}],"neow_cost":"NONE","seed_source_timestamp":0,"circlet_count":0,"master_deck":["Strike_R","Strike_R","Strike_R","Strike_R","Strike_R","Defend_R","Defend_R","Defend_R","Defend_R","Bash","Shockwave","Clash+1","Perfected Strike+1","Anger+1","Metallicize+1","Reaper+1","Rage+1","Double Tap+1","Shrug It Off","Dropkick","RitualDagger+1","Twin Strike","Bloodletting","Warcry","Twin Strike+1","Twin Strike+1","Feed+1","Bloodletting+1"],"special_seed":0,"relics":["Coffee Dripper","Bronze Scales","Torii","Darkstone Periapt","Boot","Busted Crown","Strawberry","Pen Nib","Molten Egg 2","Eternal Feather"],"potions_floor_usage":[21,33,33],"damage_taken":[{"damage":8.0,"enemies":"Small Slimes","floor":1.0,"turns":3.0},{"damage":4.0,"enemies":"2 Louse","floor":2.0,"turns":3.0},{"damage":3.0,"enemies":"Jaw Worm","floor":4.0,"turns":2.0},{"damage":31.0,"enemies":"3 Sentries","floor":6.0,"turns":5.0},{"damage":27.0,"enemies":"Lagavulin Event","floor":8.0,"turns":4.0},{"damage":7.0,"enemies":"Large Slime","floor":12.0,"turns":3.0},{"damage":0.0,"enemies":"Gremlin Gang","floor":14.0,"turns":3.0},{"damage":11.0,"enemies":"Hexaghost","floor":16.0,"turns":8.0},{"damage":0,"enemies":"Chosen","floor":18,"turns":4},{"damage":7,"enemies":"Shell Parasite","floor":19,"turns":2},{"damage":20,"enemies":"3 Cultists","floor":21,"turns":5},{"damage":2,"enemies":"Snake Plant","floor":22,"turns":2},{"damage":25,"enemies":"Book of Stabbing","floor":27,"turns":4},{"damage":18,"enemies":"Chosen and Byrds","floor":29,"turns":5},{"damage":4,"enemies":"Cultist and Chosen","floor":30,"turns":2},{"damage":1,"enemies":"Snake Plant","floor":31,"turns":2},{"damage":39,"enemies":"Champ","floor":33,"turns":7},{"damage":46,"enemies":"3 Shapes","floor":35,"turns":3},{"damage":51,"enemies":"2 Orb Walkers","floor":37,"turns":3}],"seed_played":"7137377183779567573","potions_obtained":[{"floor":1.0,"key":"LiquidBronze"},{"floor":2.0,"key":"BloodPotion"},{"floor":14.0,"key":"BloodPotion"},{"floor":16.0,"key":"BloodPotion"},{"floor":22,"key":"AttackPotion"}],"is_trial":false,"path_per_floor":["M","M","?","M","?","E","R","?","T","R","T","M","R","M","R","B",null,"M","M","?","M","M","R","?","T","T","E","R","M","M","M","R","B",null,"M","?","?"],"character_chosen":"IRONCLAD","items_purchased":[],"campfire_rested":0,"item_purchase_floors":[],"current_hp_per_floor":[72,68,80,77,77,46,46,19,19,19,19,12,12,18,18,14,80,80,73,67,68,66,66,66,73,73,48,48,45,41,40,40,22,87,41,41,0],"gold":773,"neow_bonus":"BOSS_RELIC","is_prod":false,"is_daily":false,"chose_seed":false,"campfire_upgraded":7,"win_rate":0.0,"timestamp":1548691371,"path_taken":["M","M","?","M","?","E","R","?","T","R","?","M","R","M","R","BOSS","M","M","?","M","M","R","?","?","T","E","R","M","M","M","R","BOSS","M","?","?"],"build_version":"2019-01-23","purchased_purges":0,"victory":false,"max_hp_per_floor":[80,80,80,80,80,80,80,80,80,80,80,80,80,80,80,80,80,80,80,80,80,80,80,80,87,87,87,87,87,87,87,87,87,87,87,87,87],"card_choices":[{"not_picked":["Second Wind","Pommel Strike"],"picked":"Shockwave","floor":1.0},{"not_picked":["Twin Strike","Warcry"],"picked":"Clash","floor":2.0},{"not_picked":["Combust","Armaments"],"picked":"Perfected Strike","floor":4.0},{"not_picked":["Iron Wave","Perfected Strike"],"picked":"Anger","floor":6.0},{"not_picked":["Clash","Cleave"],"picked":"Metallicize","floor":8.0},{"not_picked":["Iron Wave","Shockwave"],"picked":"Reaper","floor":12.0},{"not_picked":["Clothesline","Ghostly Armor"],"picked":"Rage","floor":14.0},{"not_picked":["Brutality","Berserk"],"picked":"Double Tap","floor":16.0},{"not_picked":[],"picked":"Shrug It Off","floor":18},{"not_picked":[],"picked":"Dropkick","floor":19},{"not_picked":[],"picked":"Twin Strike","floor":21},{"not_picked":[],"picked":"Bloodletting","floor":22},{"not_picked":[],"picked":"Warcry","floor":27},{"not_picked":["True Grit"],"picked":"SKIP","floor":29},{"not_picked":[],"picked":"Twin Strike+1","floor":30},{"not_picked":[],"picked":"Twin Strike+1","floor":31},{"not_picked":[],"picked":"Feed+1","floor":33},{"not_picked":[],"picked":"Bloodletting+1","floor":35}],"player_experience":6168,"relics_obtained":[{"floor":6.0,"key":"Bronze Scales"},{"floor":9.0,"key":"Darkstone Periapt"},{"floor":11.0,"key":"Boot"},{"floor":25,"key":"Strawberry"},{"floor":26,"key":"Pen Nib"},{"floor":27,"key":"Molten Egg 2"}],"event_choices":[{"damage_healed":20.0,"max_hp_gain":0.0,"max_hp_loss":0.0,"gold_gain":0.0,"event_name":"The Cleric","player_choice":"Healed","floor":3.0,"gold_loss":35.0,"damage_taken":0.0},{"damage_healed":0.0,"max_hp_gain":0.0,"max_hp_loss":0.0,"gold_gain":0.0,"event_name":"Living Wall","player_choice":"Grow","floor":5.0,"gold_loss":0.0,"damage_taken":0.0,"cards_upgraded":["Clash"]},{"damage_healed":0.0,"max_hp_gain":0.0,"max_hp_loss":0.0,"gold_gain":30.0,"event_name":"Dead Adventurer","player_choice":"Searched \u00273\u0027 times","floor":8.0,"gold_loss":0.0,"damage_taken":0.0,"relics_obtained":["Torii"]},{"damage_healed":0,"gold_gain":0,"player_choice":"Joined the Cult","damage_taken":6,"max_hp_gain":0,"max_hp_loss":0,"event_name":"Nest","floor":20,"gold_loss":0,"cards_obtained":["RitualDagger"]},{"damage_healed":0,"gold_gain":0,"player_choice":"Ignored","damage_taken":0,"max_hp_gain":0,"max_hp_loss":0,"event_name":"Ghosts","floor":24,"gold_loss":0},{"damage_healed":0,"gold_gain":0,"player_choice":"Ignored","damage_taken":0,"max_hp_gain":0,"max_hp_loss":0,"event_name":"The Moai Head","floor":36,"gold_loss":0},{"damage_healed":0,"gold_gain":0,"player_choice":"Fight","damage_taken":0,"max_hp_gain":0,"max_hp_loss":0,"event_name":"Mysterious Sphere","floor":37,"gold_loss":0}],"is_beta":false,"boss_relics":[{"not_picked":["Philosopher\u0027s Stone","Ectoplasm"],"picked":"Busted Crown"},{"not_picked":["Runic Dome","Runic Pyramid"],"picked":"Eternal Feather"}],"items_purged_floors":[],"is_endless":false,"potions_floor_spawned":[1,2,14,16,22,29,31],"killed_by":"2 Orb Walkers","ascension_level":0}