{"gold_per_floor":[149,229,79,95,170,170,232,232,232,265,265,8,8,8,8,110,110,127,154,174,62,62,62,62,62,116,116,1,21,21,37,37,37],"floor_reached":33,"playtime":1797,"items_purged":["Strike_R","Strike_R"],"score":406,"play_id":"5b64c128-5496-480e-8d6e-b6706b944d05","local_time":"20190307000327","is_ascension_mode":true,"campfire_choices":[{"data":"Bash","floor":6,"key":"SMITH"},{"data":"Dropkick","floor":8,"key":"SMITH"},{"floor":11,"key":"REST"},{"floor":15,"key":"REST"},{"data":"Bludgeon","floor":23,"key":"SMITH"},{"floor":25,"key":"REST"},{"data":"Dropkick","floor":30,"key":"SMITH"},{"floor":32,"key":"REST"}],"neow_cost":"NONE","seed_source_timestamp":77652479624891,"circlet_count":0,"master_deck":["AscendersBane","Strike_R","Strike_R","Strike_R","Defend_R","Defend_R+1","Defend_R+1","Defend_R","Bash+1","Dropkick+1","Battle Trance","Bludgeon+1","Dropkick+1"],"relics":["Burning Blood","Tiny Chest","Matryoshka","PreservedInsect","Art of War","The Courier","WingedGreaves","Oddly Smooth Stone","Black Star","Bottled Flame","Pen Nib","Juzu Bracelet","MutagenicStrength","Boot","Regal Pillow"],"potions_floor_usage":[10,16,16,18,20,33],"damage_taken":[{"damage":1,"enemies":"Cultist","floor":1,"turns":3},{"damage":8,"enemies":"Small Slimes","floor":4,"turns":4},{"damage":40,"enemies":"3 Sentries","floor":10,"turns":10},{"damage":65,"enemies":"Hexaghost","floor":16,"turns":15},{"damage":12,"enemies":"3 Byrds","floor":18,"turns":8},{"damage":15,"enemies":"Spheric Guardian","floor":20,"turns":4},{"damage":0,"enemies":"Snake Plant","floor":29,"turns":2},{"damage":19,"enemies":"Shelled Parasite and Fungi","floor":31,"turns":5},{"damage":97,"enemies":"Collector","floor":33,"turns":8}],"seed_played":"4418787764160167039","potions_obtained":[{"floor":1,"key":"BloodPotion"},{"floor":16,"key":"Weak Potion"},{"floor":18,"key":"SpeedPotion"}],"is_trial":false,"path_per_floor":["M","T","$","M","?","R","?","R","T","E","R","$","?","$","R","B",null,"M","T","M","$","T","R","?","R","T","?","$","M","R","M","R","B"],"character_chosen":"IRONCLAD","items_purchased":["PreservedInsect","Oddly Smooth Stone","Weak Potion","Weak Potion","Dropkick","Regal Pillow"],"campfire_rested":4,"item_purchase_floors":[3,12,12,12,21,28],"current_hp_per_floor":[77,77,77,75,64,64,64,64,64,38,62,62,46,46,70,11,63,57,57,48,48,48,48,48,72,72,56,56,62,62,49,80,0],"gold":37,"neow_bonus":"RANDOM_COMMON_RELIC","is_prod":false,"is_daily":false,"chose_seed":false,"campfire_upgraded":4,"win_rate":0,"timestamp":1551938607,"path_taken":["M","?","$","M","?","R","?","R","T","E","R","$","?","?","R","BOSS","M","?","M","$","?","R","?","R","T","?","?","M","R","M","R","BOSS"],"build_version":"2019-01-23","purchased_purges":2,"victory":false,"max_hp_per_floor":[80,80,80,80,80,80,80,80,80,80,80,80,80,80,80,80,80,80,80,80,80,80,80,80,80,80,80,80,80,80,80,80,80],"card_choices":[{"not_picked":["Entrench","Anger","Clash"],"picked":"SKIP","floor":1},{"not_picked":["Wild Strike","Shockwave"],"picked":"Dropkick","floor":4},{"not_picked":["Shockwave","Body Slam"],"picked":"Battle Trance","floor":10},{"not_picked":["Dark Embrace","Reaper"],"picked":"Bludgeon","floor":16},{"not_picked":["Havoc","Anger","Entrench+1"],"picked":"SKIP","floor":18},{"not_picked":["Armaments","Intimidate","Corruption"],"picked":"SKIP","floor":20},{"not_picked":["Entrench","Iron Wave","Cleave"],"picked":"SKIP","floor":29},{"not_picked":["Havoc","Heavy Blade","Thunderclap"],"picked":"SKIP","floor":31}],"player_experience":235616,"relics_obtained":[{"floor":2,"key":"Matryoshka"},{"floor":9,"key":"Art of War"},{"floor":9,"key":"The Courier"},{"floor":10,"key":"WingedGreaves"},{"floor":19,"key":"Bottled Flame"},{"floor":19,"key":"Pen Nib"},{"floor":22,"key":"Juzu Bracelet"},{"floor":26,"key":"Boot"}],"event_choices":[{"damage_healed":0,"gold_gain":75,"player_choice":"Gather Gold","damage_taken":11,"max_hp_gain":0,"max_hp_loss":0,"event_name":"World of Goop","floor":5,"gold_loss":0},{"damage_healed":0,"gold_gain":62,"player_choice":"Gained Gold","damage_taken":0,"max_hp_gain":0,"max_hp_loss":0,"event_name":"Golden Wing","floor":7,"gold_loss":0},{"damage_healed":0,"gold_gain":0,"player_choice":"Entered Light","damage_taken":16,"max_hp_gain":0,"max_hp_loss":0,"event_name":"Shining Light","floor":13,"gold_loss":0,"cards_upgraded":["Defend_R","Defend_R"]},{"damage_healed":0,"gold_gain":0,"player_choice":"Inject Mutagens","damage_taken":0,"relics_obtained":["MutagenicStrength"],"max_hp_gain":0,"max_hp_loss":0,"event_name":"Drug Dealer","floor":24,"gold_loss":0},{"damage_healed":0,"gold_gain":0,"player_choice":"POTION ","damage_taken":16,"max_hp_gain":0,"max_hp_loss":0,"event_name":"Knowing Skull","floor":27,"potions_obtained":["Block Potion"],"gold_loss":0,"cards_obtained":[]}],"is_beta":false,"boss_relics":[{"not_picked":["Philosopher\u0027s Stone","Eternal Feather"],"picked":"Black Star"}],"items_purged_floors":[12,21],"is_endless":false,"potions_floor_spawned":[1,16,18],"killed_by":"Collector","ascension_level":11}