{"gold_per_floor":[111,111,126,126,126,160,160,160,185,185,135,210,385,410,410,410],"floor_reached":16,"playtime":669,"items_purged":[],"score":146,"play_id":"b2718952-ca54-4e4b-a064-1df54fe53535","local_time":"20181101145000","is_ascension_mode":true,"campfire_choices":[{"floor":8,"key":"REST"},{"floor":10,"key":"REST"},{"floor":15,"key":"REST"}],"neow_cost":"NONE","seed_source_timestamp":257808503128563,"circlet_count":0,"master_deck":["Strike_B","Strike_B","Strike_B","Strike_B","Defend_B","Defend_B","Defend_B+1","Zap+1","Dualcast","Genetic Algorithm","Conserve Battery+1","Gash","Doubt","Electrodynamics","Streamline"],"relics":["Cracked Core","Kunai","Gremlin Horn","Juzu Bracelet","PreservedInsect","Dream Catcher"],"potions_floor_usage":[6,16],"damage_taken":[{"damage":0,"enemies":"Small Slimes","floor":1,"turns":3},{"damage":8,"enemies":"Jaw Worm","floor":3,"turns":4},{"damage":28,"enemies":"Lagavulin","floor":6,"turns":9},{"damage":20,"enemies":"3 Sentries","floor":14,"turns":7},{"damage":42,"enemies":"The Guardian","floor":16,"turns":6}],"seed_played":"2772034882631090339","potions_obtained":[{"floor":3,"key":"Block Potion"},{"floor":14,"key":"PowerPotion"}],"is_trial":false,"path_per_floor":["M","?","M","?","?","E","?","R","T","R","?","?","?","E","R"],"character_chosen":"DEFECT","items_purchased":[],"campfire_rested":3,"item_purchase_floors":[],"current_hp_per_floor":[68,68,60,45,38,10,3,25,25,47,47,36,36,16,38,0],"gold":410,"neow_bonus":"UPGRADE_CARD","is_prod":false,"is_daily":false,"chose_seed":false,"campfire_upgraded":0,"win_rate":0,"timestamp":1541098200,"path_taken":["M","?","M","?","?","E","?","R","T","R","?","?","?","E","R","BOSS"],"build_version":"2018-10-25v2","purchased_purges":0,"victory":false,"max_hp_per_floor":[75,75,75,75,75,75,75,75,75,75,75,75,75,75,75,75],"card_choices":[{"not_picked":["Sweeping Beam","Melter"],"picked":"Genetic Algorithm","floor":1},{"not_picked":["Redo","Leap"],"picked":"Conserve Battery","floor":3},{"not_picked":["Sunder","Stack"],"picked":"Gash","floor":6},{"not_picked":["Auto Shields","Hologram"],"picked":"Electrodynamics","floor":14},{"not_picked":["Steam","Sweeping Beam"],"picked":"Streamline","floor":15}],"player_experience":130539,"relics_obtained":[{"floor":6,"key":"Juzu Bracelet"},{"floor":9,"key":"PreservedInsect"},{"floor":14,"key":"Dream Catcher"}],"event_choices":[{"damage_healed":0,"gold_gain":0,"player_choice":"Box","damage_taken":0,"relics_obtained":["Kunai"],"max_hp_gain":0,"max_hp_loss":0,"event_name":"Big Fish","floor":2,"gold_loss":0,"cards_obtained":["Regret"]},{"damage_healed":0,"gold_gain":0,"player_choice":"Entered Light","damage_taken":15,"max_hp_gain":0,"max_hp_loss":0,"event_name":"Shining Light","floor":4,"gold_loss":0,"cards_upgraded":["Conserve Battery","Defend_B"]},{"damage_healed":0,"gold_gain":0,"player_choice":"Success","damage_taken":7,"relics_obtained":["Gremlin Horn"],"max_hp_gain":0,"max_hp_loss":0,"event_name":"Scrap Ooze","floor":5,"gold_loss":0},{"cards_removed":["Regret"],"damage_healed":0,"gold_gain":0,"player_choice":"Card Removal","damage_taken":7,"max_hp_gain":0,"max_hp_loss":0,"event_name":"Golden Wing","floor":7,"gold_loss":0},{"cards_removed":["Defend_B"],"damage_healed":0,"gold_gain":0,"player_choice":"Card Removal","damage_taken":0,"max_hp_gain":0,"max_hp_loss":0,"event_name":"The Cleric","floor":11,"gold_loss":50},{"damage_healed":0,"gold_gain":75,"player_choice":"Gather Gold","damage_taken":11,"max_hp_gain":0,"max_hp_loss":0,"event_name":"World of Goop","floor":12,"gold_loss":0},{"damage_healed":0,"gold_gain":175,"player_choice":"AGREE","damage_taken":0,"max_hp_gain":0,"max_hp_loss":0,"event_name":"Liars Game","floor":13,"gold_loss":0,"cards_obtained":["Doubt"]}],"is_beta":false,"boss_relics":[],"items_purged_floors":[],"is_endless":false,"potions_floor_spawned":[3,14],"killed_by":"The Guardian","ascension_level":8}