{"path_per_floor":["M","?","M","?","?","E","R","M","T","M","$","M","M","M","R","B",null,"M","$","M","M","$","R","E","R","T","M","R","?","R","M","R","B",null,"M","M"],"character_chosen":"DEFECT","items_purchased":["Machine Learning","Genetic Algorithm","Capacitor","Capacitor"],"gold_per_floor":[109,109,123,123,123,158,158,177,258,273,35,55,68,83,83,183,183,201,48,61,76,29,29,61,61,84,96,96,46,46,57,57,153,153,165,183,183],"floor_reached":37,"campfire_rested":5,"playtime":1814,"current_hp_per_floor":[58,58,56,56,41,35,57,58,58,65,65,46,48,57,75,42,75,56,56,60,60,60,60,25,47,47,33,55,55,75,74,74,23,75,64,33,0],"items_purged":["Dualcast","Rainbow"],"gold":183,"score":418,"play_id":"b32467a9-3d05-4661-a77e-e07a7f82e492","local_time":"20180505181952","is_prod":false,"is_daily":false,"chose_seed":false,"is_ascension_mode":false,"campfire_upgraded":2,"timestamp":1525565992,"path_taken":["M","?","M","?","?","E","R","M","T","?","?","M","M","M","R","BOSS","M","$","M","M","?","R","E","R","T","M","R","?","R","?","R","BOSS","M","M","M"],"build_version":"2018-05-03","seed_source_timestamp":2083902475545738,"purchased_purges":2,"victory":false,"master_deck":["Strike_B","Strike_B","Defend_B","Defend_B","Defend_B","Defend_B","Zap+1","Cold Snap+1","Ball Lightning+1","Echo Form+1","Force Field","Self Repair","Coolheaded","Storm+1","Machine Learning","Genetic Algorithm","Barrage","Static Discharge","Creative AI","Impulse","White Noise","Ball Lightning+1","Self Repair","Chill","Capacitor","Buffer","Capacitor","Static Discharge","Aggregate","Meteor Strike","Hologram+1","Rainbow+1","Capacitor+1","Skim+1","Barrage"],"max_hp_per_floor":[75,75,75,75,75,75,75,75,75,75,75,75,75,75,75,75,75,75,75,75,75,75,75,75,75,75,75,75,75,75,75,75,75,75,75,75,75],"relics":["Cracked Core","Happy Flower","Ancient Tea Set","Toolbox","Orrery","Whetstone","Anchor","Astrolabe"],"card_choices":[{"not_picked":["Impulse","Turbo"],"picked":"Cold Snap","floor":1},{"not_picked":["Tempest","Sweeping Beam"],"picked":"Ball Lightning","floor":3},{"not_picked":["Beam Cell","Glacier"],"picked":"Self Repair","floor":6},{"not_picked":["Beam Cell","Stack"],"picked":"Coolheaded","floor":8},{"not_picked":["Go for the Eyes","Axe Kick"],"picked":"Storm","floor":10},{"not_picked":["Go for the Eyes","Undo"],"picked":"Barrage","floor":12},{"not_picked":["Force Field","Rip and Tear"],"picked":"Static Discharge","floor":13},{"not_picked":["Coolheaded","Skim"],"picked":"Rainbow","floor":14},{"not_picked":["Hyperbeam","Amplify"],"picked":"Creative AI","floor":16},{"not_picked":["Barrage","Cold Snap"],"picked":"Impulse","floor":17},{"not_picked":["Streamline","Turbo"],"picked":"White Noise","floor":17},{"not_picked":["Axe Kick","Cold Snap"],"picked":"Coolheaded","floor":17},{"not_picked":["Double Energy","Glacier"],"picked":"Ball Lightning","floor":17},{"not_picked":["Reboot","Impulse"],"picked":"Self Repair","floor":17},{"not_picked":["Scrape","Cold Snap"],"picked":"Chill","floor":18},{"not_picked":["Impulse","Sweeping Beam"],"picked":"Buffer","floor":20},{"not_picked":["Stack","Turbo"],"picked":"Ball Lightning","floor":21},{"not_picked":["Axe Kick","Reboot"],"picked":"Static Discharge","floor":24},{"not_picked":["Barrage","Beam Cell"],"picked":"Aggregate","floor":31},{"not_picked":["Fission","All For One"],"picked":"Meteor Strike","floor":33},{"not_picked":["Rip and Tear","Reinforced Body"],"picked":"Skim","floor":35},{"not_picked":["Ball Lightning","Sweeping Beam"],"picked":"Barrage","floor":36}],"player_experience":335287,"potions_floor_usage":[6,20,24,27,31,33],"damage_taken":[{"damage":17,"enemies":"Small Slimes","floor":1,"turns":4},{"damage":2,"enemies":"Cultist","floor":3,"turns":4},{"damage":6,"enemies":"Lagavulin","floor":6,"turns":7},{"damage":6,"enemies":"2 Louse","floor":8,"turns":2},{"damage":0,"enemies":"2 Fungi Beasts","floor":10,"turns":3},{"damage":33,"enemies":"Exordium Thugs","floor":12,"turns":5},{"damage":5,"enemies":"Looter","floor":13,"turns":3},{"damage":5,"enemies":"2 Fungi Beasts","floor":14,"turns":5},{"damage":40,"enemies":"Hexaghost","floor":16,"turns":8},{"damage":26,"enemies":"Spheric Guardian","floor":18,"turns":4},{"damage":10,"enemies":"3 Byrds","floor":20,"turns":4},{"damage":14,"enemies":"Snecko","floor":21,"turns":4},{"damage":42,"enemies":"Gremlin Leader","floor":24,"turns":5},{"damage":28,"enemies":"Cultist and Chosen","floor":27,"turns":5},{"damage":8,"enemies":"Centurion and Healer","floor":31,"turns":6},{"damage":65,"enemies":"Automaton","floor":33,"turns":10},{"damage":18,"enemies":"Orb Walker","floor":35,"turns":3},{"damage":31,"enemies":"3 Darklings","floor":36,"turns":6},{"damage":35,"enemies":"Maw","floor":37,"turns":4}],"event_choices":[{"event_name":"Wheel of Change","player_choice":"Card Removal","floor":2,"damage_taken":0},{"event_name":"Match and Keep!","player_choice":"2 cards matched","floor":4,"damage_taken":0},{"event_name":"Shining Light","player_choice":"Entered Light","floor":5,"damage_taken":0},{"event_name":"The Joust","player_choice":"Bet on Murderer","floor":29,"damage_taken":0}],"boss_relics":[{"not_picked":["Calling Bell","Philosopher\u0027s Stone"],"picked":"Orrery"},{"not_picked":["Runic Pyramid","Lizard Tail"],"picked":"Astrolabe"}],"potions_floor_spawned":[3,10,13,18,21,27],"seed_played":"1919093786949425815","killed_by":"Maw","ascension_level":0,"is_trial":false}