{"path_per_floor":["M","?","?","M","M","E","R","E","T","M","M","M","E","$","R","B",null,"M","?","$","M","?","E","?","E","T","?","R","M","?","M","R"],"character_chosen":"IRONCLAD","items_purchased":["Strange Spoon","Gambling Chip","Blood Vial","Carnage","Inflame"],"gold_per_floor":[114,114,189,204,219,249,249,579,654,669,684,699,729,6,6,106,106,121,121,48,63,13,43,43,73,73,73,73,88,88,103,103],"floor_reached":33,"campfire_rested":4,"playtime":2489,"current_hp_per_floor":[78,84,73,62,59,59,84,84,84,76,84,84,64,64,86,35,86,71,77,77,46,46,47,47,47,53,53,82,78,62,51,80],"items_purged":[],"gold":103,"score":557,"play_id":"24bf7e2e-6a78-422a-854b-ef33215fad8c","local_time":"20180317045806","daily_mods":["Allstar","Cursed Run","Hoarder"],"is_prod":false,"is_daily":true,"is_ascension_mode":false,"campfire_upgraded":0,"timestamp":1521284286,"path_taken":["M","?","?","M","M","E","R","E","T","M","M","M","E","?","R","BOSS","M","?","?","?","?","E","?","E","T","?","R","M","?","M","R","BOSS"],"build_version":"2018-03-15v2","purchased_purges":0,"victory":false,"master_deck":["Defend_R","Defend_R","Defend_R","Defend_R","Bash","Bandage Up","Bandage Up","Bandage Up","Secret Weapon","Secret Weapon","Secret Weapon","Bloodletting","Bloodletting","Bloodletting","Regret","Regret","Regret","Headbutt","Headbutt","Headbutt","Fire Breathing","Fire Breathing","Fire Breathing","Cleave","Cleave","Cleave","Flex","Flex","Flex","Bludgeon","Bludgeon","Bludgeon","Thunderclap","Thunderclap","Thunderclap","Combust","Combust","Combust","Havoc","Havoc","Havoc","Carnage","Carnage","Carnage","Dark Embrace","Dark Embrace","Spot Weakness","Spot Weakness","Spot Weakness","Decay","Decay","Decay","Inflame","Inflame","Inflame","Flame Barrier","Flame Barrier","Flame Barrier","Perfected Strike","Perfected Strike","Perfected Strike","Bite","Bite","Bite","Bite","Bite","Bite","Bite","Bite","Bite","Bite","Bite","Bite","Bite","Bite","Bite","Twin Strike","Twin Strike","Twin Strike","Pain","Pain","Pain","Twin Strike","Twin Strike","Twin Strike","Jack Of All Trades","Jack Of All Trades","Jack Of All Trades"],"max_hp_per_floor":[80,86,86,86,86,86,86,86,86,86,86,86,86,86,86,86,86,86,92,92,92,92,92,92,92,98,98,98,98,98,98,98],"relics":["Cursed Key","Darkstone Periapt","Du-Vu Doll","Omamori","Ancient Tea Set","Old Coin","Meat on the Bone","Bottled Tornado","Strange Spoon","Gambling Chip","Mark of Pain","Anchor","Shovel","Bottled Lightning"],"card_choices":[{"not_picked":["Havoc","Thunderclap"],"picked":"Bloodletting"},{"not_picked":["Seeing Red","Anger"],"picked":"Headbutt"},{"not_picked":["Thunderclap","Pommel Strike"],"picked":"Fire Breathing"},{"not_picked":["Sever Soul","Anger"],"picked":"Cleave"},{"not_picked":["Bloodletting","Heavy Blade"],"picked":"Flex"},{"not_picked":["Havoc","Body Slam"],"picked":"Bludgeon"},{"not_picked":["Iron Wave","Twin Strike"],"picked":"Thunderclap"},{"not_picked":["Armaments","Clash"],"picked":"Combust"},{"not_picked":["Shrug It Off","Sword Boomerang"],"picked":"Havoc"},{"not_picked":["Double Tap","Offering"],"picked":"Dark Embrace"},{"not_picked":["Cleave","Clothesline"],"picked":"Spot Weakness"},{"not_picked":["Headbutt","Body Slam"],"picked":"Flame Barrier"},{"not_picked":["Twin Strike","Clash"],"picked":"Perfected Strike"},{"not_picked":["Sentinel","Berserk"],"picked":"Twin Strike"},{"not_picked":["Heavy Blade","Clash"],"picked":"Twin Strike"}],"player_experience":155520,"potions_floor_usage":[8,16,21,23,31,33,33],"damage_taken":[{"damage":6,"enemies":"2 Louse","floor":1,"turns":3},{"damage":11,"enemies":"Jaw Worm","floor":4,"turns":2},{"damage":7,"enemies":"Small Slimes","floor":5,"turns":2},{"damage":0,"enemies":"Gremlin Nob","floor":6,"turns":2},{"damage":0,"enemies":"Lagavulin","floor":8,"turns":2},{"damage":16,"enemies":"2 Fungi Beasts","floor":10,"turns":3},{"damage":0,"enemies":"Large Slime","floor":11,"turns":4},{"damage":0,"enemies":"Exordium Wildlife","floor":12,"turns":2},{"damage":22,"enemies":"3 Sentries","floor":13,"turns":3},{"damage":71,"enemies":"The Guardian","floor":16,"turns":7},{"damage":15,"enemies":"Shell Parasite","floor":18,"turns":2},{"damage":49,"enemies":"Spheric Guardian","floor":21,"turns":5},{"damage":5,"enemies":"Gremlin Leader","floor":23,"turns":4},{"damage":14,"enemies":"Slavers","floor":25,"turns":3},{"damage":12,"enemies":"Snake Plant","floor":29,"turns":2},{"damage":17,"enemies":"Chosen and Byrds","floor":31,"turns":3},{"damage":88,"enemies":"Collector","floor":33,"turns":5}],"event_choices":[{"event_name":"Big Fish","player_choice":"Box","floor":2,"damage_taken":0},{"event_name":"World of Goop","player_choice":"Gather Gold","floor":3,"damage_taken":0},{"event_name":"Forgotten Altar","player_choice":"Smashed Altar","floor":19,"damage_taken":0},{"event_name":"The Joust","player_choice":"Bet on Murderer","floor":22,"damage_taken":0},{"event_name":"Vampires","player_choice":"Became a vampire (Vial)","floor":24,"damage_taken":0},{"event_name":"Back to Basics","player_choice":"Elegance","floor":27,"damage_taken":0},{"event_name":"Knowing Skull","player_choice":"CARD ","floor":30,"damage_taken":0}],"boss_relics":[{"not_picked":["Velvet Choker","Runic Dome"],"picked":"Mark of Pain"}],"potions_floor_spawned":[4,6,8,11,12,16,18,21,25],"seed_played":"8809221095910533381","killed_by":"Collector","ascension_level":0,"is_trial":false}