{"path_per_floor":["M","M","$","M","M","R","M","M","T","?","R","M","E","M","R"],"character_chosen":"DEFECT","items_purchased":["Aggregate"],"gold_per_floor":[113,125,11,22,37,37,7,25,72,22,22,38,70,80,80,80],"floor_reached":16,"campfire_rested":3,"playtime":1079,"current_hp_per_floor":[82,70,70,63,47,73,62,51,51,51,89,77,30,9,50,0],"items_purged":["Strike_B"],"gold":80,"score":104,"play_id":"53b92692-ac6d-4ea4-99d6-47ea4270a4f8","local_time":"20180427230634","is_prod":false,"is_daily":false,"chose_seed":false,"is_ascension_mode":false,"campfire_upgraded":0,"timestamp":1524891994,"path_taken":["M","M","$","M","M","R","M","M","T","?","R","M","E","M","R","BOSS"],"build_version":"2018-04-26v2","seed_source_timestamp":1410605757866198,"purchased_purges":1,"victory":false,"master_deck":["Strike_B","Strike_B","Strike_B","Defend_B","Defend_B","Defend_B","Zap","Dualcast","Doubt","Flux Capacitor","Chill","Aggregate","FTL","Coolheaded","Impulse","Capacitor","Capacitor","Reprogram+1","Capacitor"],"max_hp_per_floor":[89,89,89,89,89,89,89,89,89,89,89,89,89,89,89,89],"relics":["Cracked Core","Regal Pillow","Toxic Egg 2"],"card_choices":[{"not_picked":["Stack","Capacitor"],"picked":"Flux Capacitor","floor":1},{"not_picked":["Hello World","Reinforced Body"],"picked":"Chill","floor":2},{"not_picked":["Axe Kick","Double Energy"],"picked":"FTL","floor":4},{"not_picked":["Rebound","Beam Cell"],"picked":"Coolheaded","floor":5},{"not_picked":["Steam Power","Beam Cell"],"picked":"Impulse","floor":7},{"not_picked":["Leap","Fission"],"picked":"Capacitor","floor":8},{"not_picked":["Undo","Hello World"],"picked":"Capacitor","floor":12},{"not_picked":["Beam Cell","Hello World"],"picked":"Reprogram","floor":13},{"not_picked":["Beam Cell","Skim"],"picked":"Capacitor","floor":14}],"player_experience":301479,"potions_floor_usage":[16,16],"damage_taken":[{"damage":7,"enemies":"2 Louse","floor":1,"turns":4},{"damage":12,"enemies":"Small Slimes","floor":2,"turns":3},{"damage":7,"enemies":"Cultist","floor":4,"turns":4},{"damage":16,"enemies":"Exordium Thugs","floor":5,"turns":4},{"damage":11,"enemies":"Looter","floor":7,"turns":4},{"damage":11,"enemies":"3 Louse","floor":8,"turns":4},{"damage":12,"enemies":"2 Fungi Beasts","floor":12,"turns":4},{"damage":47,"enemies":"Lagavulin","floor":13,"turns":10},{"damage":21,"enemies":"Exordium Thugs","floor":14,"turns":7},{"damage":61,"enemies":"The Guardian","floor":16,"turns":13}],"event_choices":[{"event_name":"The Cleric","player_choice":"Card Removal","floor":10,"damage_taken":0}],"boss_relics":[],"potions_floor_spawned":[5,8,12,14],"seed_played":"1376509026497703687","killed_by":"The Guardian","ascension_level":0,"is_trial":false}