{"path_per_floor":["M","?","?","M","M","E","?","$","T","M","R","M","E","M","R","B",null,"M","?","?","M","?","E","R","?","T","R","M","M","M","?","R"],"character_chosen":"THE_SILENT","items_purchased":["Apotheosis"],"gold_per_floor":[109,109,159,171,185,212,212,10,10,20,20,30,55,71,71,173,173,187,187,187,203,203,231,231,191,191,191,207,222,242,242,242],"floor_reached":33,"campfire_rested":4,"playtime":3410,"current_hp_per_floor":[68,68,68,68,68,38,38,38,38,24,45,36,31,21,42,21,70,60,60,60,45,32,14,36,36,36,58,58,45,25,25,25],"items_purged":[],"gold":242,"score":291,"play_id":"ad915563-41c5-4c82-8b63-d9cbd68fb9c3","is_prod":false,"is_daily":false,"is_ascension_mode":true,"campfire_upgraded":1,"path_taken":["M","?","?","M","M","E","?","$","T","M","R","M","E","?","R","BOSS","M","?","?","?","?","E","R","?","T","R","M","M","?","?","R","BOSS"],"build_version":"2018-02-15-PROD1","purchased_purges":0,"victory":false,"master_deck":["Defend_G","Defend_G","Defend_G","Strike_G","Strike_G+1","Strike_G","Strike_G+1","Survivor","Neutralize","Backstab","Unload","Prepared","Outmaneuver","Distraction","Apotheosis+1","Well Laid Plans","Terror","Distraction","Predator","Bullet Time","Night Terror","Prepared","Dash+1","Acrobatics","Flying Knee","Quick Slash","Dagger Throw+1","Predator+1"],"max_hp_per_floor":[70,70,70,70,70,70,70,70,70,70,70,70,70,70,70,70,70,70,70,70,70,75,75,75,75,75,75,75,75,75,75,75],"relics":["Ring of the Snake","Prayer Wheel","Whetstone","Happy Flower","Black Star","Blue Candle","Centennial Puzzle","Pantograph"],"card_choices":[{"not_picked":["Calculated Gamble","Deadly Poison"],"picked":"Backstab"},{"not_picked":["Leg Sweep","Dash"],"picked":"Prepared"},{"not_picked":["Backflip","Acrobatics"],"picked":"Outmaneuver"},{"not_picked":["Accuracy","Flechettes"],"picked":"Distraction"},{"not_picked":["Deflect","Deadly Poison"],"picked":"Well Laid Plans"},{"not_picked":["Dodge and Roll","Dagger Throw"],"picked":"Terror"},{"not_picked":["Concentrate","Quick Slash"],"picked":"Distraction"},{"not_picked":["Crippling Poison","Blur"],"picked":"Predator"},{"not_picked":["PiercingWail","Dagger Spray"],"picked":"Bullet Time"},{"not_picked":["Venomology","Grand Finale"],"picked":"Night Terror"},{"not_picked":["Poisoned Stab","Bane"],"picked":"Prepared"},{"not_picked":["Blade Dance","Dodge and Roll"],"picked":"Dash"},{"not_picked":["Poisoned Stab","Deflect"],"picked":"Acrobatics"},{"not_picked":["Prepared","Dagger Throw"],"picked":"Flying Knee"},{"not_picked":["Dodge and Roll","Deflect"],"picked":"Quick Slash"},{"not_picked":["Catalyst","Backflip"],"picked":"Dagger Throw"},{"not_picked":["Footwork","Glass Knife"],"picked":"Predator"}],"player_experience":118706,"potions_floor_usage":[6,13,13,16,21,21,23,28,28,30,30,33],"damage_taken":[{"damage":2,"enemies":"Small Slimes","floor":1,"turns":4},{"damage":0,"enemies":"Cultist","floor":4,"turns":2},{"damage":0,"enemies":"2 Louse","floor":5,"turns":2},{"damage":30,"enemies":"Gremlin Nob","floor":6,"turns":5},{"damage":14,"enemies":"Large Slime","floor":10,"turns":4},{"damage":9,"enemies":"Exordium Thugs","floor":12,"turns":4},{"damage":20,"enemies":"3 Sentries","floor":13,"turns":7},{"damage":10,"enemies":"Lots of Slimes","floor":14,"turns":4},{"damage":21,"enemies":"Hexaghost","floor":16,"turns":8},{"damage":10,"enemies":"3 Byrds","floor":18,"turns":5},{"damage":15,"enemies":"Shell Parasite","floor":21,"turns":4},{"damage":18,"enemies":"Gremlin Leader","floor":23,"turns":6},{"damage":0,"enemies":"Cultist and Chosen","floor":28,"turns":4},{"damage":13,"enemies":"Snake Plant","floor":29,"turns":3},{"damage":20,"enemies":"Centurion and Healer","floor":30,"turns":3},{"damage":89,"enemies":"Automaton","floor":33,"turns":6}],"event_choices":[{"event_name":"Transmorgrifier","player_choice":"Transform","floor":2,"damage_taken":0},{"event_name":"Golden Wing","player_choice":"Gained Gold","floor":3,"damage_taken":0},{"event_name":"Wheel of Change","player_choice":"Card Removal","floor":7,"damage_taken":0},{"event_name":"Drug Dealer","player_choice":"Ignored","floor":19,"damage_taken":0},{"event_name":"Beggar","player_choice":"Ignored","floor":20,"damage_taken":0},{"event_name":"Forgotten Altar","player_choice":"Shed Blood","floor":22,"damage_taken":0},{"event_name":"The Woman in Blue","player_choice":"Bought 3 Potions","floor":25,"damage_taken":0},{"event_name":"Back to Basics","player_choice":"Elegance","floor":31,"damage_taken":0}],"boss_relics":[{"not_picked":["Runic Dome","Ectoplasm"],"picked":"Black Star"}],"potions_floor_spawned":[1,6,10,12,16,28,30],"seed_played":"980909831152480629","killed_by":"Automaton","ascension_level":1,"is_trial":false}