{"path_per_floor":["M","M","$","M","M","R","?","R","T","E","M","E","?","$","R","B",null,"M","?","?","$","M","R","M","R","T","E","M","E","?","$","R"],"character_chosen":"THE_SILENT","items_purchased":["Backflip","Backflip"],"gold_per_floor":[141,151,76,95,110,110,110,110,110,140,160,189,189,67,67,169,169,124,124,49,9,9,9,9,9,9,9,9,9,9,9,9],"floor_reached":33,"campfire_rested":4,"playtime":1444,"current_hp_per_floor":[75,75,75,75,68,68,68,68,68,42,41,44,37,37,63,60,89,70,70,70,70,37,63,48,74,74,30,20,18,18,18,44],"items_purged":["Defend_G","Strike_G"],"gold":9,"score":333,"play_id":"6fb9ba11-5007-45b0-8ce7-da4b35c0923f","local_time":"20180309223736","is_prod":false,"is_daily":false,"is_ascension_mode":true,"campfire_upgraded":2,"timestamp":1520656656,"path_taken":["M","M","$","M","M","R","?","R","T","E","M","E","?","$","R","BOSS","M","?","?","$","M","R","M","R","T","E","M","E","?","?","R","BOSS"],"build_version":"2018-03-09","purchased_purges":2,"victory":false,"master_deck":["Defend_G","Defend_G","Defend_G","Defend_G","Strike_G","Strike_G","Survivor+1","Neutralize","Deadly Poison","Poisoned Stab+1","Bane","Noxious Fumes+1","Bouncing Flask","Poisoned Stab","Backflip","Corpse Explosion","Bouncing Flask","Backflip","Bane","Poisoned Stab","Bouncing Flask+1","Crippling Poison+1","Noxious Fumes","Writhe"],"max_hp_per_floor":[75,75,75,75,75,75,75,75,75,75,75,89,89,89,89,89,89,89,89,89,89,89,89,89,89,89,89,89,89,89,89,89],"relics":["Tiny House","Torii","The Courier","Mango","Calipers","Ectoplasm","Ice Cream","Snake Skull","Bronze Scales","Bag of Preparation"],"card_choices":[{"not_picked":["PiercingWail","Acrobatics"],"picked":"Deadly Poison"},{"not_picked":["Reflex","Caltrops"],"picked":"Poisoned Stab"},{"not_picked":["Deflect","Flying Knee"],"picked":"Bane"},{"not_picked":["Dagger Throw","Backflip"],"picked":"Noxious Fumes"},{"not_picked":["Prepared","Masterful Stab"],"picked":"Bouncing Flask"},{"not_picked":["Prepared","Outmaneuver"],"picked":"Poisoned Stab"},{"not_picked":["After Image","Phantasmal Killer"],"picked":"Corpse Explosion"},{"not_picked":["Deflect","Cloak And Dagger"],"picked":"Bane"},{"not_picked":["Underhanded Strike","PiercingWail"],"picked":"Poisoned Stab"},{"not_picked":["Dash","Bane"],"picked":"Bouncing Flask"},{"not_picked":["Flying Knee","Outmaneuver"],"picked":"Crippling Poison"},{"not_picked":["Quick Slash","Deadly Poison"],"picked":"Noxious Fumes"}],"player_experience":139675,"potions_floor_usage":[10,12,18,18,28,29],"damage_taken":[{"damage":0,"enemies":"Jaw Worm","floor":1,"turns":4},{"damage":0,"enemies":"Cultist","floor":2,"turns":4},{"damage":0,"enemies":"Small Slimes","floor":4,"turns":2},{"damage":7,"enemies":"Blue Slaver","floor":5,"turns":4},{"damage":26,"enemies":"3 Sentries","floor":10,"turns":6},{"damage":1,"enemies":"Looter","floor":11,"turns":3},{"damage":11,"enemies":"Lagavulin","floor":12,"turns":6},{"damage":3,"enemies":"The Guardian","floor":16,"turns":8},{"damage":19,"enemies":"2 Thieves","floor":18,"turns":3},{"damage":33,"enemies":"3 Byrds","floor":22,"turns":4},{"damage":15,"enemies":"Snake Plant","floor":24,"turns":4},{"damage":44,"enemies":"Slavers","floor":27,"turns":5},{"damage":10,"enemies":"Snecko","floor":28,"turns":4},{"damage":2,"enemies":"Gremlin Leader","floor":29,"turns":6},{"damage":48,"enemies":"Champ","floor":33,"turns":7}],"event_choices":[{"event_name":"Purifier","player_choice":"One Purge","floor":7,"damage_taken":0},{"event_name":"Scrap Ooze","player_choice":"success","floor":13,"damage_taken":7},{"event_name":"The Library","player_choice":"Read","floor":19,"damage_taken":0},{"event_name":"Beggar","player_choice":"Gave Gold","floor":20,"damage_taken":0},{"event_name":"The Mausoleum","player_choice":"Yes","floor":30,"damage_taken":0}],"boss_relics":[{"not_picked":["Runic Pyramid","Astrolabe"],"picked":"Ectoplasm"}],"potions_floor_spawned":[11,12,16,27,28],"seed_played":"5508078478627105346","killed_by":"Champ","ascension_level":1,"is_trial":false}