{"gold_per_floor":[211,35,110,10,28,28,61,61,86,100,100,100,131,86,86,185,185,202,202,233,332,179,179],"floor_reached":23,"playtime":1437,"items_purged":["Strike_B","Strike_B"],"score":203,"play_id":"f08b1d72-a28d-4df3-bd4b-8c83f2d05c05","local_time":"20190109231911","is_ascension_mode":true,"campfire_choices":[{"data":"FTL","floor":6,"key":"SMITH"},{"data":"Zap","floor":8,"key":"SMITH"},{"data":"Go for the Eyes","floor":12,"key":"SMITH"},{"data":"Beam Cell","floor":15,"key":"SMITH"}],"neow_cost":"NONE","seed_source_timestamp":1112194144810358,"circlet_count":0,"master_deck":["Strike_B","Defend_B","Defend_B","Defend_B","Zap+1","Dualcast","FTL+1","Gash","Self Repair","Go for the Eyes+1","Streamline","Conserve Battery","Beam Cell+1","Coolheaded+1"],"relics":["Cracked Core","Potion Belt","Bag of Preparation","Bag of Marbles","Empty Cage","Red Mask","Pen Nib"],"potions_floor_usage":[16,23],"damage_taken":[{"damage":2,"enemies":"2 Louse","floor":1,"turns":3},{"damage":1,"enemies":"Cultist","floor":5,"turns":3},{"damage":33,"enemies":"Gremlin Nob","floor":7,"turns":5},{"damage":6,"enemies":"Jaw Worm","floor":10,"turns":2},{"damage":31,"enemies":"3 Sentries","floor":13,"turns":6},{"damage":8,"enemies":"Hexaghost","floor":16,"turns":8},{"damage":1,"enemies":"Chosen","floor":18,"turns":3},{"damage":35,"enemies":"Masked Bandits","floor":20,"turns":5},{"damage":41,"enemies":"Gremlin Leader","floor":23,"turns":7}],"seed_played":"-3613148927481370809","potions_obtained":[{"floor":5,"key":"Weak Potion"},{"floor":10,"key":"Poison Potion"},{"floor":16,"key":"SteroidPotion"},{"floor":18,"key":"SteroidPotion"}],"is_trial":false,"path_per_floor":["M","$","?","$","M","R","E","R","T","M","?","R","E","$","R","B",null,"M","?","?","?","$","E"],"character_chosen":"DEFECT","items_purchased":["Gash","Self Repair","Beam Cell","Pen Nib"],"campfire_rested":0,"item_purchase_floors":[2,2,14,22],"current_hp_per_floor":[73,73,66,66,72,72,46,46,46,47,47,47,23,23,23,22,75,75,61,33,33,33,0],"gold":179,"neow_bonus":"HUNDRED_GOLD","is_prod":false,"is_daily":false,"chose_seed":false,"campfire_upgraded":4,"win_rate":0,"timestamp":1547097551,"path_taken":["M","$","?","?","?","R","E","R","T","M","?","R","E","$","R","BOSS","M","?","?","?","$","E"],"build_version":"2019-01-03v4","purchased_purges":2,"victory":false,"max_hp_per_floor":[75,75,75,75,75,75,75,75,75,75,75,75,75,75,75,75,75,75,80,80,80,80,80],"card_choices":[{"not_picked":["Stack","Lockon"],"picked":"FTL","floor":1},{"not_picked":["Steam","Stack"],"picked":"Go for the Eyes","floor":5},{"not_picked":["Genetic Algorithm","Loop"],"picked":"Streamline","floor":7},{"not_picked":["Rebound","Steam","Conserve Battery"],"picked":"SKIP","floor":10},{"not_picked":["Barrage","Aggregate"],"picked":"Conserve Battery","floor":13},{"not_picked":["Tempest","Streamline"],"picked":"Coolheaded+1","floor":18}],"player_experience":189738,"relics_obtained":[{"floor":7,"key":"Potion Belt"},{"floor":9,"key":"Bag of Preparation"},{"floor":13,"key":"Bag of Marbles"},{"floor":20,"key":"Red Mask"}],"event_choices":[{"damage_healed":0,"gold_gain":75,"player_choice":"Touch","damage_taken":7,"max_hp_gain":0,"max_hp_loss":0,"event_name":"FaceTrader","floor":3,"gold_loss":0},{"damage_healed":0,"gold_gain":0,"player_choice":"Ignored","damage_taken":0,"max_hp_gain":0,"max_hp_loss":0,"event_name":"Liars Game","floor":11,"gold_loss":0},{"damage_healed":0,"gold_gain":0,"player_choice":"Shed Blood","damage_taken":19,"max_hp_gain":5,"max_hp_loss":0,"event_name":"Forgotten Altar","floor":19,"gold_loss":0},{"damage_healed":0,"gold_gain":0,"player_choice":"Fought Bandits","damage_taken":0,"max_hp_gain":0,"max_hp_loss":0,"event_name":"Masked Bandits","floor":20,"gold_loss":0},{"damage_healed":0,"gold_gain":99,"player_choice":"Stole From Cult","damage_taken":0,"max_hp_gain":0,"max_hp_loss":0,"event_name":"Nest","floor":21,"gold_loss":0}],"is_beta":false,"boss_relics":[{"not_picked":["Fusion Hammer","Velvet Choker"],"picked":"Empty Cage"}],"items_purged_floors":[2,4],"is_endless":false,"potions_floor_spawned":[5,10,16,18],"killed_by":"Gremlin Leader","ascension_level":1}