{"gold_per_floor":[118,118,118,135,135,135,168,168,237,255,286,300,315,326,326,424,424,441,460,477,163,181,181,210,210,263,294,307,207,268,268,268,364,364,382,382,382,56,66,66,97,97,97,128,171,33,43,43,43,43],"floor_reached":50,"playtime":4031,"items_purged":["Strike_G","Normality","Strike_G","Strike_G"],"score":837,"play_id":"a2357104-bfc9-4f54-a68f-ef97da04b672","local_time":"20190427004316","is_ascension_mode":true,"campfire_choices":[{"data":"Neutralize","floor":6,"key":"SMITH"},{"data":"Crippling Poison","floor":8,"key":"SMITH"},{"data":"Dagger Spray","floor":15,"key":"SMITH"},{"floor":23,"key":"REST"},{"floor":25,"key":"REST"},{"data":"Bouncing Flask","floor":32,"key":"SMITH"},{"data":"Night Terror","floor":40,"key":"SMITH"},{"data":"Burst","floor":42,"key":"SMITH"},{"floor":49,"key":"REST"}],"neow_cost":"NONE","seed_source_timestamp":10567297645416,"circlet_count":0,"master_deck":["Defend_G","Defend_G","Defend_G","Defend_G","Defend_G","Survivor","Neutralize+1","Deadly Poison","After Image","Dagger Throw","Flying Knee","Crippling Poison+1","Dagger Spray+1","Terror","Backstab","Deadly Poison","Burst+1","Backflip+1","Backstab+1","Backflip+1","PiercingWail","Dodge and Roll","Catalyst","Bouncing Flask+1","Night Terror+1","Leg Sweep","Crippling Poison+1","Outmaneuver+1","Writhe","Outmaneuver+1","Pain"],"relics":["Ring of the Snake","NeowsBlessing","Centennial Puzzle","Anchor","Singing Bowl","Vajra","Cursed Key","Oddly Smooth Stone","Snake Skull","Boot","Bag of Marbles","Tiny Chest","Runic Pyramid","DollysMirror","PreservedInsect","MawBank","Regal Pillow","Molten Egg 2"],"potions_floor_usage":[16,16,30,33,33,50,50,50],"damage_taken":[{"damage":0,"enemies":"Small Slimes","floor":1,"turns":1},{"damage":0,"enemies":"Jaw Worm","floor":4,"turns":1},{"damage":0,"enemies":"Gremlin Nob","floor":7,"turns":1},{"damage":0,"enemies":"Cultist","floor":10,"turns":3},{"damage":14,"enemies":"3 Sentries","floor":11,"turns":6},{"damage":0,"enemies":"3 Louse","floor":12,"turns":1},{"damage":1,"enemies":"Gremlin Gang","floor":13,"turns":4},{"damage":4,"enemies":"Lots of Slimes","floor":14,"turns":3},{"damage":40,"enemies":"Slime Boss","floor":16,"turns":10},{"damage":6,"enemies":"3 Byrds","floor":18,"turns":3},{"damage":2,"enemies":"Chosen","floor":19,"turns":3},{"damage":17,"enemies":"Snake Plant","floor":20,"turns":4},{"damage":9,"enemies":"Centurion and Healer","floor":22,"turns":5},{"damage":9,"enemies":"Book of Stabbing","floor":24,"turns":4},{"damage":9,"enemies":"Slavers","floor":27,"turns":5},{"damage":4,"enemies":"Shelled Parasite and Fungi","floor":28,"turns":4},{"damage":3,"enemies":"Book of Stabbing","floor":30,"turns":4},{"damage":29,"enemies":"Automaton","floor":33,"turns":7},{"damage":0,"enemies":"Orb Walker","floor":35,"turns":2},{"damage":0,"enemies":"3 Shapes","floor":39,"turns":4},{"damage":9,"enemies":"Reptomancer","floor":41,"turns":5},{"damage":10,"enemies":"Jaw Worm Horde","floor":44,"turns":5},{"damage":9,"enemies":"Giant Head","floor":45,"turns":4},{"damage":0,"enemies":"4 Shapes","floor":47,"turns":4},{"damage":91,"enemies":"Time Eater","floor":50,"turns":9}],"seed_played":"6419105148292365825","potions_obtained":[{"floor":7,"key":"GhostInAJar"},{"floor":10,"key":"Swift Potion"},{"floor":16,"key":"SpeedPotion"},{"floor":19,"key":"Explosive Potion"},{"floor":22,"key":"Ancient Potion"},{"floor":30,"key":"Block Potion"},{"floor":33,"key":"Strength Potion"},{"floor":39,"key":"EssenceOfSteel"},{"floor":41,"key":"Energy Potion"},{"floor":45,"key":"PowerPotion"}],"is_trial":false,"path_per_floor":["M","?","?","M","?","R","E","R","T","M","E","M","M","M","R","B",null,"M","M","M","$","M","R","E","R","T","E","M","$","E","?","R","B",null,"M","?","?","$","M","R","E","R","T","M","E","$","M","T","R","B"],"character_chosen":"THE_SILENT","items_purchased":["Oddly Smooth Stone","Well Laid Plans","PiercingWail","DollysMirror"],"campfire_rested":3,"item_purchase_floors":[21,21,21,38],"current_hp_per_floor":[63,63,63,63,63,63,63,63,63,63,49,51,50,46,46,6,56,50,48,31,31,24,46,39,61,61,52,48,48,47,47,47,18,63,63,63,74,74,76,76,67,67,67,59,52,52,52,52,80,0],"gold":43,"neow_bonus":"THREE_ENEMY_KILL","is_prod":false,"is_daily":false,"chose_seed":false,"campfire_upgraded":6,"win_rate":0,"timestamp":1556343796,"path_taken":["M","?","?","?","?","R","E","R","T","?","E","M","M","M","R","BOSS","M","?","?","?","M","R","E","R","T","E","M","$","E","?","R","BOSS","M","?","?","$","M","R","E","R","T","?","E","?","M","?","R","BOSS"],"build_version":"2019-01-23","purchased_purges":4,"victory":false,"max_hp_per_floor":[70,70,70,70,70,70,70,70,70,70,70,72,72,72,72,72,72,72,72,72,72,74,74,76,76,76,76,76,76,78,78,78,78,78,78,74,74,74,76,76,76,76,76,78,80,80,80,80,80,80],"card_choices":[{"not_picked":["Slice","Flechettes"],"picked":"Deadly Poison","floor":1},{"not_picked":["Calculated Gamble","Outmaneuver"],"picked":"Flying Knee","floor":4},{"not_picked":["Underhanded Strike","Caltrops"],"picked":"Crippling Poison","floor":7},{"not_picked":["Accuracy","Flechettes"],"picked":"Dagger Spray","floor":10},{"not_picked":["Acrobatics","Outmaneuver"],"picked":"Terror","floor":11},{"not_picked":["Quick Slash","Unload","Flying Knee"],"picked":"Singing Bowl","floor":12},{"not_picked":["Escape Plan","Concentrate"],"picked":"Backstab","floor":13},{"not_picked":["Riddle With Holes","Slice"],"picked":"Deadly Poison","floor":14},{"not_picked":["Night Terror","Wraith Form v2"],"picked":"Burst","floor":16},{"not_picked":["Endless Agony+1","Heel Hook"],"picked":"Backflip+1","floor":18},{"not_picked":["Quick Slash","Slice"],"picked":"Backstab+1","floor":19},{"not_picked":["Skewer+1","Flechettes"],"picked":"Backflip+1","floor":20},{"not_picked":["Poisoned Stab","Flying Knee","Deadly Poison"],"picked":"Singing Bowl","floor":22},{"not_picked":["Infinite Blades","Tactician+1","PiercingWail"],"picked":"Singing Bowl","floor":24},{"not_picked":["Prepared","Dagger Throw"],"picked":"Dodge and Roll","floor":27},{"not_picked":["Poisoned Stab+1","Backstab"],"picked":"Catalyst","floor":28},{"not_picked":["Dagger Spray+1","Dagger Throw+1","Infinite Blades"],"picked":"Singing Bowl","floor":30},{"not_picked":["Venomology","Bullet Time"],"picked":"Night Terror","floor":33},{"not_picked":["Quick Slash+1","Bane+1"],"picked":"Leg Sweep","floor":35},{"not_picked":["Deflect","Dagger Spray","Poisoned Stab+1"],"picked":"Singing Bowl","floor":39},{"not_picked":["Prepared+1","Cloak And Dagger+1"],"picked":"Outmaneuver+1","floor":41},{"not_picked":["Sucker Punch+1","Catalyst","Bane+1"],"picked":"Singing Bowl","floor":44},{"not_picked":["Slice+1","Dagger Spray+1","Reflex"],"picked":"Singing Bowl","floor":45},{"not_picked":["Deflect","Bullet Time"],"picked":"Outmaneuver+1","floor":47}],"player_experience":465733,"relics_obtained":[{"floor":5,"key":"Centennial Puzzle"},{"floor":7,"key":"Anchor"},{"floor":9,"key":"Singing Bowl"},{"floor":11,"key":"Vajra"},{"floor":24,"key":"Snake Skull"},{"floor":26,"key":"Boot"},{"floor":27,"key":"Bag of Marbles"},{"floor":30,"key":"Tiny Chest"},{"floor":41,"key":"PreservedInsect"},{"floor":43,"key":"MawBank"},{"floor":45,"key":"Regal Pillow"},{"floor":48,"key":"Molten Egg 2"}],"event_choices":[{"damage_healed":0,"gold_gain":0,"cards_transformed":["Strike_G"],"player_choice":"Change","damage_taken":0,"max_hp_gain":0,"max_hp_loss":0,"event_name":"Living Wall","floor":2,"gold_loss":0,"cards_obtained":["After Image"]},{"damage_healed":0,"gold_gain":0,"cards_transformed":["Strike_G"],"player_choice":"Transformed","damage_taken":0,"max_hp_gain":0,"max_hp_loss":0,"event_name":"Transmorgrifier","floor":3,"gold_loss":0,"cards_obtained":["Dagger Throw"]},{"damage_healed":0,"gold_gain":0,"player_choice":"Relic","damage_taken":0,"max_hp_gain":0,"max_hp_loss":0,"event_name":"Wheel of Change","floor":5,"gold_loss":0},{"damage_healed":0,"gold_gain":0,"player_choice":"Read","damage_taken":0,"max_hp_gain":0,"max_hp_loss":0,"event_name":"The Library","floor":31,"gold_loss":0,"cards_obtained":["Bouncing Flask"]},{"damage_healed":0,"gold_gain":0,"player_choice":"Max HP","damage_taken":0,"max_hp_gain":0,"max_hp_loss":4,"event_name":"Winding Halls","floor":36,"gold_loss":0},{"cards_removed":["Well Laid Plans"],"damage_healed":11,"gold_gain":0,"player_choice":"Offered Uncommon","damage_taken":0,"max_hp_gain":0,"max_hp_loss":0,"event_name":"Bonfire Elementals","floor":37,"gold_loss":0}],"is_beta":false,"boss_relics":[{"not_picked":["Runic Dome","Fusion Hammer"],"picked":"Cursed Key"},{"not_picked":["White Beast Statue","Tiny House"],"picked":"Runic Pyramid"}],"items_purged_floors":[21,29,38,46],"is_endless":false,"potions_floor_spawned":[7,10,16,19,22,24,30,33,39,41,45],"killed_by":"Time Eater","ascension_level":7}