{"gold_per_floor":[116,134,152,152,107,107,107,140,140,169,181,212,212,223,223,327,327,340,439,453,453,469,494,494,521,521,536,571,571,584,604,604,706,756,768,706,706,706,74,74,108,108,108,124,137,149,103,129,129,129],"floor_reached":51,"playtime":4000,"items_purged":[],"score":933,"play_id":"a478ca4f-9373-4f33-a697-22b4809d08a9","local_time":"20190425004225","daily_mods":["SealedDeck","Hoarder","Vintage","Blue Cards","Heirloom","Time Dilation","DeadlyEvents","Elite Swarm","Night Terrors"],"is_ascension_mode":false,"campfire_choices":[{"data":"Storm","floor":6,"key":"SMITH"},{"floor":13,"key":"REST"},{"data":"Storm","floor":15,"key":"SMITH"},{"data":"Capacitor","floor":24,"key":"SMITH"},{"data":"Loop","floor":29,"key":"SMITH"},{"data":"Lockon","floor":32,"key":"SMITH"},{"data":"Lockon","floor":40,"key":"SMITH"},{"data":"Defragment","floor":42,"key":"SMITH"},{"data":"Lockon","floor":46,"key":"SMITH"},{"data":"Static Discharge","floor":49,"key":"SMITH"}],"neow_cost":"","seed_source_timestamp":0,"circlet_count":0,"master_deck":["Blizzard","Blizzard+1","Ball Lightning","Ball Lightning","Ball Lightning+1","Storm+1","Storm+1","Storm","Lockon+1","Lockon+1","Lockon+1","Ball Lightning","Ball Lightning","Ball Lightning","Capacitor+1","Capacitor","Capacitor","Redo","Redo","Redo","Coolheaded","Coolheaded","Coolheaded","Coolheaded","Coolheaded","Coolheaded","Loop+1","Loop","Loop","Cold Snap","Cold Snap","Cold Snap","Seek","Seek","Seek","Thunder Strike+1","Thunder Strike","Thunder Strike","Rainbow+1","Rainbow+1","Rainbow+1","Turbo+1","Turbo+1","Turbo+1","Defragment+1","Defragment","Defragment","Static Discharge+1","Static Discharge","Static Discharge","Electrodynamics","Electrodynamics","Electrodynamics"],"relics":["Cracked Core","Bird Faced Urn","Gremlin Horn","Ginger","Ornamental Fan","Sundial","Bottled Lightning","Thread and Needle","Toxic Egg 2","Omamori","Mercury Hourglass","Eternal Feather","Matryoshka","Bottled Flame","The Courier","Mango","Darkstone Periapt","Molten Egg 2","Meat on the Bone","PreservedInsect","Shuriken","Whetstone","Dead Branch","Tiny House","Symbiotic Virus","MealTicket","Blood Vial","Ancient Tea Set","Dream Catcher","Lantern","Unceasing Top","Dodecahedron","Question Card","Bag of Marbles","MawBank","Turnip"],"potions_floor_usage":[2,4,8,8,11,16,22,22,27,41,44,50],"damage_taken":[{"damage":4,"enemies":"Cultist","floor":1,"turns":3},{"damage":13,"enemies":"Jaw Worm","floor":2,"turns":3},{"damage":1,"enemies":"Small Slimes","floor":3,"turns":2},{"damage":16,"enemies":"3 Sentries","floor":8,"turns":5},{"damage":19,"enemies":"Lagavulin","floor":10,"turns":4},{"damage":14,"enemies":"Exordium Thugs","floor":11,"turns":3},{"damage":24,"enemies":"3 Sentries","floor":12,"turns":4},{"damage":8,"enemies":"Blue Slaver","floor":14,"turns":2},{"damage":22,"enemies":"The Guardian","floor":16,"turns":5},{"damage":6,"enemies":"Chosen","floor":18,"turns":3},{"damage":4,"enemies":"Spheric Guardian","floor":20,"turns":3},{"damage":22,"enemies":"Shelled Parasite and Fungi","floor":22,"turns":3},{"damage":27,"enemies":"Book of Stabbing","floor":23,"turns":3},{"damage":48,"enemies":"Slavers","floor":25,"turns":4},{"damage":17,"enemies":"Snake Plant","floor":27,"turns":2},{"damage":26,"enemies":"Book of Stabbing","floor":28,"turns":3},{"damage":15,"enemies":"Sentry and Sphere","floor":30,"turns":3},{"damage":11,"enemies":"Chosen and Byrds","floor":31,"turns":3},{"damage":54,"enemies":"Champ","floor":33,"turns":6},{"damage":15,"enemies":"3 Darklings","floor":35,"turns":3},{"damage":3,"enemies":"Giant Head","floor":41,"turns":4},{"damage":0,"enemies":"3 Shapes","floor":44,"turns":1},{"damage":25,"enemies":"Spire Growth","floor":45,"turns":3},{"damage":0,"enemies":"Nemesis","floor":48,"turns":1},{"damage":35,"enemies":"Time Eater","floor":50,"turns":4}],"seed_played":"6993008183930623666","potions_obtained":[{"floor":1,"key":"Weak Potion"},{"floor":4,"key":"Weak Potion"},{"floor":4,"key":"SteroidPotion"},{"floor":4,"key":"Fruit Juice"},{"floor":10,"key":"SteroidPotion"},{"floor":12,"key":"SkillPotion"},{"floor":18,"key":"Regen Potion"},{"floor":20,"key":"Strength Potion"},{"floor":22,"key":"Swift Potion"},{"floor":23,"key":"Explosive Potion"},{"floor":30,"key":"Explosive Potion"},{"floor":45,"key":"Weak Potion"}],"is_trial":true,"path_per_floor":["M","M","M","?","$","R","$","E","T","E","M","E","R","M","R","B",null,"M","?","M","$","M","E","R","E","T","M","E","R","M","M","R","B",null,"M","$","?","?","$","R","E","R","T","M","M","R","$","E","R","B",null],"character_chosen":"DEFECT","items_purchased":["Cold Snap","Defragment","MealTicket","Blood Vial","Ancient Tea Set","Dream Catcher","Lantern","Static Discharge"],"campfire_rested":1,"item_purchase_floors":[5,36,39,39,39,39,39,47],"current_hp_per_floor":[73,64,69,74,74,74,74,68,68,63,61,49,75,71,71,55,75,73,73,73,73,59,60,81,41,41,46,44,68,65,64,88,45,94,81,81,81,81,81,94,91,94,94,94,73,94,94,94,94,67],"gold":129,"neow_bonus":"","is_prod":false,"is_daily":false,"chose_seed":false,"campfire_upgraded":9,"win_rate":0,"timestamp":1556109745,"path_taken":["M","?","M","?","$","R","$","E","T","E","M","?","R","?","R","BOSS","M","?","?","$","M","E","R","E","T","M","?","R","M","M","R","BOSS","M","$","?","?","?","R","?","R","T","?","M","R","?","E","R","BOSS"],"build_version":"2019-01-23","purchased_purges":0,"victory":true,"max_hp_per_floor":[75,75,75,80,80,80,80,80,80,80,80,80,75,75,75,75,75,75,75,75,75,75,89,89,89,89,89,89,89,89,89,89,89,94,94,94,94,94,94,94,94,94,94,94,94,94,94,94,94,94],"card_choices":[{"not_picked":["All For One","Echo Form"],"picked":"Seek","floor":8},{"not_picked":["Echo Form","Hyperbeam","Amplify"],"picked":"SKIP","floor":10},{"not_picked":["Core Surge","Creative AI"],"picked":"Thunder Strike","floor":12},{"not_picked":["Core Surge","Meteor Strike","Amplify+1"],"picked":"SKIP","floor":23},{"not_picked":["Seek+1","Machine Learning","Thunder Strike"],"picked":"SKIP","floor":25},{"not_picked":["Thunder Strike+1","Amplify+1"],"picked":"Rainbow+1","floor":28},{"not_picked":["FTL+1","Leap+1"],"picked":"Turbo+1","floor":34},{"not_picked":["Multi-Cast+1","Creative AI","Hyperbeam+1"],"picked":"SKIP","floor":41},{"not_picked":["All For One+1","Hyperbeam+1","Thunder Strike+1"],"picked":"Electrodynamics","floor":48}],"player_experience":23997,"relics_obtained":[{"floor":1,"key":"Gremlin Horn"},{"floor":2,"key":"Ginger"},{"floor":3,"key":"Ornamental Fan"},{"floor":8,"key":"Sundial"},{"floor":9,"key":"Bottled Lightning"},{"floor":10,"key":"Thread and Needle"},{"floor":11,"key":"Toxic Egg 2"},{"floor":12,"key":"Omamori"},{"floor":14,"key":"Mercury Hourglass"},{"floor":18,"key":"Matryoshka"},{"floor":20,"key":"Bottled Flame"},{"floor":22,"key":"The Courier"},{"floor":23,"key":"Mango"},{"floor":25,"key":"Darkstone Periapt"},{"floor":26,"key":"Molten Egg 2"},{"floor":26,"key":"Meat on the Bone"},{"floor":27,"key":"PreservedInsect"},{"floor":28,"key":"Shuriken"},{"floor":30,"key":"Whetstone"},{"floor":31,"key":"Dead Branch"},{"floor":35,"key":"Symbiotic Virus"},{"floor":41,"key":"Unceasing Top"},{"floor":43,"key":"Dodecahedron"},{"floor":43,"key":"Question Card"},{"floor":44,"key":"Bag of Marbles"},{"floor":45,"key":"MawBank"},{"floor":48,"key":"Turnip"}],"event_choices":[{"damage_healed":0,"gold_gain":0,"player_choice":"Got Potions","damage_taken":0,"max_hp_gain":0,"max_hp_loss":0,"event_name":"Lab","floor":4,"gold_loss":0},{"damage_healed":0,"gold_gain":99,"player_choice":"Stole From Cult","damage_taken":0,"max_hp_gain":0,"max_hp_loss":0,"event_name":"Nest","floor":19,"gold_loss":0},{"damage_healed":0,"gold_gain":0,"player_choice":"Memory 1","damage_taken":0,"max_hp_gain":0,"max_hp_loss":0,"event_name":"SensoryStone","floor":37,"gold_loss":0},{"cards_removed":["Blizzard"],"damage_healed":0,"gold_gain":0,"player_choice":"Removed Attack","damage_taken":0,"max_hp_gain":0,"max_hp_loss":0,"event_name":"Falling","floor":38,"gold_loss":0}],"is_beta":false,"boss_relics":[{"not_picked":["Calling Bell","Sozu"],"picked":"Eternal Feather"},{"not_picked":["White Beast Statue","Runic Pyramid"],"picked":"Tiny House"}],"items_purged_floors":[],"is_endless":false,"potions_floor_spawned":[1,10,12,18,20,22,23,30,45,48],"ascension_level":0}