{"gold_per_floor":[118,134,29,43,43,43,43,43,66,66,91,116,116,136,136,256,256,274,274,295,43,43,43,66,66,90,90,104,119,119,150,150,281,281,297,313,336,25,1024,1024,1024,1044,1044,1064,1118,1136,1136,168,168,168],"floor_reached":51,"playtime":1827,"items_purged":["Streamline+1","Normality"],"score":734,"play_id":"cc1f5fc3-ffc6-4d78-be33-60e2c68cb86b","local_time":"20190312000222","is_ascension_mode":false,"campfire_choices":[{"data":"Defragment","floor":6.0,"key":"SMITH"},{"data":"Zap","floor":10.0,"key":"SMITH"},{"data":"Hologram","floor":13.0,"key":"SMITH"},{"data":"Dualcast","floor":15.0,"key":"SMITH"},{"data":"Go for the Eyes","floor":23.0,"key":"SMITH"},{"data":"Seek","floor":27.0,"key":"SMITH"},{"data":"Darkness","floor":30.0,"key":"SMITH"},{"data":"Darkness","floor":32.0,"key":"SMITH"},{"data":"Fission","floor":40,"key":"SMITH"},{"floor":47,"key":"REST"},{"data":"Hologram","floor":49,"key":"SMITH"}],"neow_cost":"NONE","seed_source_timestamp":5413737429341,"circlet_count":0,"master_deck":["Defend_B+1","Defend_B+1","Zap+1","Dualcast+1","Ball Lightning","Hologram+1","Go for the Eyes+1","Coolheaded+1","Defragment+1","Leap","Glacier","Seek+1","Capacitor+1","Glacier+1","Cold Snap","Self Repair","Reboot","Tempest+1","Self Repair+1","Darkness+1","Darkness+1","Fission+1","Streamline+1","Force Field+1","Redo+1","Chaos+1","Core Surge","Chaos","Normality","Blizzard+1","Tempest","Secret Weapon","Core Surge","Storm","Hologram+1"],"special_seed":0,"relics":["Cracked Core","Orichalcum","Golden Idol","Smiling Mask","Nuclear Battery","Runic Capacitor","Vajra","DataDisk","Astrolabe","Chemical X","Cables","War Paint","HandDrill","Dream Catcher"],"potions_floor_usage":[50,50,50],"damage_taken":[{"damage":0.0,"enemies":"2 Louse","floor":1.0,"turns":3.0},{"damage":0.0,"enemies":"Small Slimes","floor":2.0,"turns":3.0},{"damage":0.0,"enemies":"Cultist","floor":4.0,"turns":3.0},{"damage":0.0,"enemies":"3 Louse","floor":11.0,"turns":2.0},{"damage":0.0,"enemies":"Exordium Thugs","floor":12.0,"turns":3.0},{"damage":2.0,"enemies":"Exordium Wildlife","floor":14.0,"turns":5.0},{"damage":25.0,"enemies":"Slime Boss","floor":16.0,"turns":12.0},{"damage":0.0,"enemies":"Chosen","floor":18.0,"turns":5.0},{"damage":1.0,"enemies":"3 Byrds","floor":20.0,"turns":6.0},{"damage":1.0,"enemies":"3 Cultists","floor":24.0,"turns":8.0},{"damage":0.0,"enemies":"Shelled Parasite and Fungi","floor":28.0,"turns":4.0},{"damage":0.0,"enemies":"Snecko","floor":29.0,"turns":5.0},{"damage":0.0,"enemies":"Gremlin Leader","floor":31.0,"turns":8.0},{"damage":12.0,"enemies":"Champ","floor":33.0,"turns":9.0},{"damage":13.0,"enemies":"3 Shapes","floor":35.0,"turns":4.0},{"damage":22.0,"enemies":"3 Darklings","floor":36.0,"turns":7.0},{"damage":3.0,"enemies":"Maw","floor":37.0,"turns":8.0},{"damage":20,"enemies":"Spire Growth","floor":42,"turns":5},{"damage":1,"enemies":"Jaw Worm Horde","floor":44,"turns":7},{"damage":21,"enemies":"4 Shapes","floor":46,"turns":6},{"damage":27,"enemies":"Awakened One","floor":50,"turns":8}],"seed_played":"5948889395890258556","potions_obtained":[{"floor":2.0,"key":"SteroidPotion"},{"floor":11.0,"key":"Ancient Potion"},{"floor":14.0,"key":"Weak Potion"},{"floor":28.0,"key":"Energy Potion"},{"floor":33.0,"key":"Strength Potion"},{"floor":42,"key":"FocusPotion"}],"is_trial":false,"path_per_floor":["M","M","$","M","?","R","?","$","T","R","M","M","R","M","R","B",null,"M","?","M","$","?","R","M","?","T","R","M","M","R","E","R","B",null,"M","M","M","$","?","R","?","M","T","M","T","M","R","$","R","B",null],"character_chosen":"DEFECT","items_purchased":["Go for the Eyes","Coolheaded","Runic Capacitor","Cold Snap","Chemical X","Chaos","Tempest","FocusPotion","Secret Weapon","Core Surge","Storm","Hologram","HandDrill","Dream Catcher"],"campfire_rested":1,"item_purchase_floors":[3,3,21,21,38,38,48,48,48,48,48,48,48,48],"current_hp_per_floor":[75,75,75,75,69,69,62,62,62,62,62,62,62,60,60,35,69,69,69,68,68,68,68,69,69,69,69,69,69,69,69,69,69,69,66,61,69,69,69,69,69,49,49,55,55,44,64,64,64,37],"gold":168,"neow_bonus":"RANDOM_COMMON_RELIC","is_prod":false,"is_daily":false,"chose_seed":false,"campfire_upgraded":10,"win_rate":0,"timestamp":1552370542,"path_taken":["M","M","$","M","?","R","?","$","T","R","M","M","R","M","R","BOSS","M","?","M","$","?","R","M","?","T","R","M","M","R","E","R","BOSS","M","M","M","$","?","R","?","M","T","?","?","M","R","$","R","BOSS"],"build_version":"2019-01-23","purchased_purges":2,"victory":true,"max_hp_per_floor":[75,75,75,75,69,69,69,69,69,69,69,69,69,69,69,69,69,69,69,69,69,69,69,69,69,69,69,69,69,69,69,69,69,69,69,69,69,69,69,69,69,69,69,69,69,69,69,69,69,69],"card_choices":[{"not_picked":["Redo","Lockon"],"picked":"Ball Lightning","floor":1.0},{"not_picked":["Compile Driver","Force Field"],"picked":"Hologram","floor":2.0},{"not_picked":["Barrage","Melter"],"picked":"Defragment","floor":4.0},{"not_picked":["Streamline","Sweeping Beam","Sunder"],"picked":"SKIP","floor":11.0},{"not_picked":["Barrage","Chill"],"picked":"Leap","floor":12.0},{"not_picked":["Cold Snap","Conserve Battery"],"picked":"Glacier","floor":14.0},{"not_picked":["Multi-Cast","Rainbow"],"picked":"Seek","floor":16.0},{"not_picked":["Gash","Stack"],"picked":"Capacitor+1","floor":18.0},{"not_picked":["Chill","Turbo"],"picked":"Glacier+1","floor":20.0},{"not_picked":["Lockon","Scrape"],"picked":"Hologram+1","floor":24.0},{"not_picked":["Reprogram+1","Streamline"],"picked":"Self Repair+1","floor":28.0},{"not_picked":["BootSequence+1","Hologram+1"],"picked":"Darkness","floor":29.0},{"not_picked":["Coolheaded+1","Sunder"],"picked":"Darkness","floor":31.0},{"not_picked":["All For One","Multi-Cast"],"picked":"Fission","floor":33.0},{"not_picked":["Sweeping Beam","Beam Cell+1"],"picked":"Redo+1","floor":35.0},{"not_picked":["Steam","Hello World+1"],"picked":"Chaos+1","floor":36.0},{"not_picked":["Gash","Go for the Eyes+1"],"picked":"Core Surge","floor":37.0},{"not_picked":["Turbo","Compile Driver","Lockon"],"picked":"SKIP","floor":42},{"not_picked":["Force Field","Sunder+1","Barrage"],"picked":"SKIP","floor":44},{"not_picked":["Double Energy","Barrage"],"picked":"Blizzard+1","floor":46}],"player_experience":1041269,"relics_obtained":[{"floor":9.0,"key":"Smiling Mask"},{"floor":26.0,"key":"Vajra"},{"floor":31.0,"key":"DataDisk"},{"floor":43,"key":"Cables"},{"floor":45,"key":"War Paint"}],"event_choices":[{"damage_healed":0.0,"max_hp_gain":0.0,"max_hp_loss":6.0,"gold_gain":0.0,"event_name":"Golden Idol","player_choice":"Lose Max HP","floor":5.0,"gold_loss":0.0,"damage_taken":0.0,"relics_obtained":["Golden Idol"]},{"cards_removed":["Strike_B"],"damage_healed":0.0,"max_hp_gain":0.0,"max_hp_loss":0.0,"gold_gain":0.0,"event_name":"Golden Wing","player_choice":"Card Removal","floor":7.0,"gold_loss":0.0,"damage_taken":7.0},{"damage_healed":0.0,"max_hp_gain":0.0,"max_hp_loss":0.0,"gold_gain":0.0,"event_name":"Back to Basics","player_choice":"Simplicity","floor":19.0,"gold_loss":0.0,"damage_taken":0.0,"cards_upgraded":["Strike_B","Strike_B","Strike_B","Defend_B","Defend_B","Defend_B","Defend_B"]},{"damage_healed":0.0,"max_hp_gain":0.0,"max_hp_loss":0.0,"gold_gain":0.0,"cards_transformed":["Strike_B","Strike_B"],"event_name":"Drug Dealer","player_choice":"Became Test Subject","floor":22.0,"gold_loss":0.0,"damage_taken":0.0,"cards_obtained":["Self Repair","Reboot"]},{"cards_removed":["Hologram"],"damage_healed":0.0,"max_hp_gain":0.0,"max_hp_loss":0.0,"gold_gain":0.0,"event_name":"NoteForYourself","player_choice":"Took Card","floor":25.0,"gold_loss":0.0,"damage_taken":0.0,"cards_obtained":["Tempest"]},{"damage_healed":0,"gold_gain":999,"player_choice":"Gold","damage_taken":0,"max_hp_gain":0,"max_hp_loss":0,"event_name":"MindBloom","floor":39,"gold_loss":0,"cards_obtained":["Normality","Normality"]},{"damage_healed":0,"gold_gain":0,"player_choice":"Ignored","damage_taken":0,"max_hp_gain":0,"max_hp_loss":0,"event_name":"SecretPortal","floor":41,"gold_loss":0}],"is_beta":false,"boss_relics":[{"not_picked":["Inserter","Runic Dome"],"picked":"Nuclear Battery"},{"not_picked":["Runic Pyramid","Velvet Choker"],"picked":"Astrolabe"}],"items_purged_floors":[38,48],"is_endless":false,"potions_floor_spawned":[2,11,14,28,31,33,36,42],"ascension_level":0}