{"gold_per_floor":[112,126,76,76,96,121,121,155,155,170,184,199,199,234,234,333,333,343,357,357,272,290,290,304,304,381,0,0,0,0,25,25,129,129,145,145,145,160,85,85,119,119,142,173,173,184,184,284,284,284],"floor_reached":51,"playtime":3355,"items_purged":["Strike_B"],"score":931,"play_id":"62a52d50-642d-407d-96b4-3943c1dd98ce","local_time":"20190505132529","is_ascension_mode":true,"campfire_choices":[{"data":"Chaos","floor":7,"key":"SMITH"},{"floor":13,"key":"REST"},{"data":"Conserve Battery","floor":15,"key":"SMITH"},{"data":"Coolheaded","floor":23,"key":"SMITH"},{"floor":25,"key":"REST"},{"floor":30,"key":"REST"},{"data":"Defragment","floor":32,"key":"SMITH"},{"data":"Glacier","floor":40,"key":"SMITH"},{"data":"Reinforced Body","floor":42,"key":"SMITH"},{"data":"Scrape","floor":47,"key":"SMITH"},{"floor":49,"key":"REST"}],"neow_cost":"NONE","seed_source_timestamp":747924227285337,"circlet_count":0,"master_deck":["Strike_B","Strike_B","Strike_B","Defend_B","Defend_B","Defend_B","Defend_B","Zap","Dualcast","Chaos+1","Gash","Coolheaded+1","Beam Cell","Streamline","Gash","Conserve Battery+1","Scrape+1","Leap","Compile Driver+1","Creative AI","Glacier+1","Sunder+1","Decay","Streamline+1","Hologram","Defragment+1","Creative AI","Streamline+1","Meteor Strike+1","Reinforced Body+1","Meteor Strike+1","Cold Snap+1"],"relics":["Cracked Core","NeowsBlessing","Mummified Hand","Emotion Chip","Question Card","Thread and Needle","Molten Egg 2","Snecko Eye","Bag of Preparation","Meat on the Bone","PreservedInsect","Strawberry","DataDisk","Busted Crown","Pear","Blood Vial","Boot","Torii"],"potions_floor_usage":[11,24],"damage_taken":[{"damage":0,"enemies":"Cultist","floor":1,"turns":1},{"damage":0,"enemies":"Jaw Worm","floor":2,"turns":1},{"damage":0,"enemies":"2 Louse","floor":5,"turns":1},{"damage":21,"enemies":"Lagavulin","floor":6,"turns":5},{"damage":18,"enemies":"Gremlin Nob","floor":8,"turns":3},{"damage":5,"enemies":"2 Fungi Beasts","floor":10,"turns":3},{"damage":4,"enemies":"Looter","floor":11,"turns":2},{"damage":0,"enemies":"Large Slime","floor":12,"turns":5},{"damage":2,"enemies":"3 Sentries","floor":14,"turns":7},{"damage":11,"enemies":"Hexaghost","floor":16,"turns":9},{"damage":27,"enemies":"2 Thieves","floor":18,"turns":3},{"damage":9,"enemies":"3 Byrds","floor":19,"turns":5},{"damage":0,"enemies":"Centurion and Healer","floor":22,"turns":7},{"damage":23,"enemies":"Snake Plant","floor":24,"turns":4},{"damage":0,"enemies":"Slavers","floor":31,"turns":3},{"damage":27,"enemies":"Automaton","floor":33,"turns":11},{"damage":0,"enemies":"3 Shapes","floor":35,"turns":3},{"damage":4,"enemies":"3 Darklings","floor":38,"turns":3},{"damage":0,"enemies":"Nemesis","floor":41,"turns":3},{"damage":0,"enemies":"Giant Head","floor":44,"turns":5},{"damage":0,"enemies":"Jaw Worm Horde","floor":46,"turns":2},{"damage":13,"enemies":"Mind Bloom Boss Battle","floor":48,"turns":4},{"damage":12,"enemies":"Time Eater","floor":50,"turns":10}],"seed_played":"8943049005809880333","potions_obtained":[{"floor":1,"key":"Energy Potion"},{"floor":5,"key":"Weak Potion"},{"floor":8,"key":"SneckoOil"},{"floor":11,"key":"SpeedPotion"},{"floor":33,"key":"PowerPotion"},{"floor":38,"key":"GamblersBrew"},{"floor":46,"key":"AttackPotion"}],"is_trial":false,"path_per_floor":["M","M","$","?","M","E","R","E","T","M","M","M","R","E","R","B",null,"M","M","?","?","M","R","M","R","T","$","?","$","R","E","R","B",null,"M","?","?","M","$","R","E","R","T","E","?","M","R","?","R","B",null],"character_chosen":"DEFECT","items_purchased":["Coolheaded","Defragment","PreservedInsect","Strawberry"],"campfire_rested":4,"item_purchase_floors":[3,27,27,27],"current_hp_per_floor":[75,75,75,75,75,54,54,36,36,31,27,27,49,47,47,36,75,48,39,39,39,39,39,16,38,38,45,45,45,69,69,69,42,82,82,82,82,78,78,78,88,88,88,90,90,92,92,79,92,80],"gold":284,"neow_bonus":"THREE_ENEMY_KILL","is_prod":false,"is_daily":false,"chose_seed":false,"campfire_upgraded":7,"win_rate":0,"timestamp":1557080729,"path_taken":["M","?","$","?","M","E","R","E","T","M","M","M","R","E","R","BOSS","M","M","?","?","M","R","M","R","T","$","?","$","R","E","R","BOSS","M","?","?","M","$","R","E","R","T","E","?","?","R","?","R","BOSS"],"build_version":"2019-01-23","purchased_purges":1,"victory":true,"max_hp_per_floor":[75,75,75,75,75,75,75,75,75,75,75,75,75,75,75,75,75,75,75,75,75,75,75,75,75,75,82,82,82,82,82,82,82,82,82,82,82,82,82,82,92,92,92,92,92,92,92,92,92,92],"card_choices":[{"not_picked":["Beam Cell","Storm"],"picked":"Chaos","floor":1},{"not_picked":["Turbo","Go for the Eyes"],"picked":"Gash","floor":2},{"not_picked":["FTL","Steam"],"picked":"Beam Cell","floor":5},{"not_picked":["Leap","Coolheaded"],"picked":"Streamline","floor":6},{"not_picked":["Rebound","Streamline"],"picked":"Gash","floor":8},{"not_picked":["Aggregate","Blizzard","Heatsinks"],"picked":"Conserve Battery","floor":10},{"not_picked":["Chill","Sunder","Steam"],"picked":"Scrape","floor":11},{"not_picked":["Conserve Battery","Seek","Genetic Algorithm"],"picked":"Leap","floor":12},{"not_picked":["Turbo","Chaos","Doom and Gloom"],"picked":"Compile Driver","floor":14},{"not_picked":["Core Surge+1","Buffer","Reboot"],"picked":"Creative AI","floor":16},{"not_picked":["Static Discharge","Tempest","Steam"],"picked":"Glacier","floor":18},{"not_picked":["Steam Power","Stack","Redo"],"picked":"Sunder+1","floor":19},{"not_picked":["Chill","Tempest","Static Discharge"],"picked":"Streamline+1","floor":22},{"not_picked":["Conserve Battery","Leap+1","Stack+1"],"picked":"Hologram","floor":24},{"not_picked":["Sweeping Beam+1","Rebound+1","Stack"],"picked":"Streamline+1","floor":31},{"not_picked":["Seek","Buffer","Creative AI"],"picked":"Meteor Strike+1","floor":33},{"not_picked":["Redo+1","Hello World"],"picked":"SKIP","floor":35},{"not_picked":["Cold Snap+1","Redo+1"],"picked":"SKIP","floor":38},{"not_picked":["Beam Cell+1"],"picked":"Reinforced Body","floor":41},{"not_picked":["Genetic Algorithm","Go for the Eyes+1"],"picked":"SKIP","floor":44},{"not_picked":["Redo+1","Steam"],"picked":"SKIP","floor":46},{"not_picked":["Gash+1"],"picked":"Cold Snap+1","floor":48}],"player_experience":595550,"relics_obtained":[{"floor":6,"key":"Emotion Chip"},{"floor":8,"key":"Question Card"},{"floor":9,"key":"Thread and Needle"},{"floor":14,"key":"Molten Egg 2"},{"floor":26,"key":"Meat on the Bone"},{"floor":31,"key":"DataDisk"},{"floor":41,"key":"Pear"},{"floor":43,"key":"Blood Vial"},{"floor":44,"key":"Boot"},{"floor":48,"key":"Torii"}],"event_choices":[{"damage_healed":0,"gold_gain":0,"player_choice":"Gave Potion","damage_taken":0,"relics_obtained":["Mummified Hand"],"max_hp_gain":0,"max_hp_loss":0,"event_name":"WeMeetAgain","floor":4,"gold_loss":0},{"damage_healed":0,"gold_gain":0,"player_choice":"Smashed Altar","damage_taken":0,"max_hp_gain":0,"max_hp_loss":0,"event_name":"Forgotten Altar","floor":20,"gold_loss":0,"cards_obtained":["Decay"]},{"damage_healed":0,"gold_gain":0,"player_choice":"Obtained Relic","damage_taken":0,"relics_obtained":["Bag of Preparation"],"max_hp_gain":0,"max_hp_loss":0,"event_name":"Addict","floor":21,"gold_loss":85},{"damage_healed":0,"gold_gain":0,"player_choice":"Read","damage_taken":0,"max_hp_gain":0,"max_hp_loss":0,"event_name":"The Library","floor":28,"gold_loss":0,"cards_obtained":["Creative AI"]},{"damage_healed":0,"gold_gain":0,"player_choice":"Ignored","damage_taken":0,"max_hp_gain":0,"max_hp_loss":0,"event_name":"Tomb of Lord Red Mask","floor":36,"gold_loss":0},{"damage_healed":0,"gold_gain":0,"player_choice":"Memory 1","damage_taken":0,"max_hp_gain":0,"max_hp_loss":0,"event_name":"SensoryStone","floor":37,"gold_loss":0},{"damage_healed":0,"gold_gain":0,"player_choice":"Copied","damage_taken":0,"max_hp_gain":0,"max_hp_loss":0,"event_name":"Duplicator","floor":45,"gold_loss":0,"cards_obtained":["Meteor Strike"]},{"damage_healed":0,"gold_gain":0,"player_choice":"Fight","damage_taken":0,"max_hp_gain":0,"max_hp_loss":0,"event_name":"MindBloom","floor":48,"gold_loss":0}],"is_beta":false,"boss_relics":[{"not_picked":["Fusion Hammer","Black Star"],"picked":"Snecko Eye"},{"not_picked":["FrozenCore","White Beast Statue"],"picked":"Busted Crown"}],"items_purged_floors":[39],"is_endless":false,"potions_floor_spawned":[1,5,8,11,33,38,46],"ascension_level":3}