{"gold_per_floor":[117,47,63,83,29,59,88,88,88,100,118,148,166,179,179,283,283,299,317,317,208,223,253,253,288,288,301,301,334,334,334,334,436,436,452,452,91,191,209,241,97,110,158,158,183,197,222,238,238,238],"floor_reached":51,"playtime":2379,"items_purged":["Strike_R","Strike_R"],"score":1032,"play_id":"0246d961-e1ea-4ea4-80ae-65ae4bb628eb","local_time":"20190504012206","is_ascension_mode":false,"campfire_choices":[{"data":"Shockwave","floor":8.0,"key":"SMITH"},{"data":"Clothesline","floor":15.0,"key":"SMITH"},{"data":"Whirlwind","floor":24.0,"key":"SMITH"},{"data":"Barricade","floor":28.0,"key":"SMITH"},{"data":"Demon Form","floor":30.0,"key":"SMITH"},{"data":"True Grit","floor":32.0,"key":"SMITH"},{"data":"Spot Weakness","floor":44,"key":"SMITH"},{"data":"Shrug It Off","floor":49,"key":"SMITH"}],"neow_cost":"NONE","seed_source_timestamp":0,"circlet_count":0,"master_deck":["Strike_R","Strike_R","Defend_R","Defend_R","Defend_R","Defend_R","Bash","Clothesline+1","Shrug It Off+1","Shockwave+1","Twin Strike","Feed","Headbutt","True Grit+1","Spot Weakness+1","Feel No Pain","Demon Form+1","Barricade+1","Whirlwind+1","RitualDagger","Flash of Steel","Battle Trance","Master of Strategy","Heavy Blade+1"],"special_seed":0,"relics":["Burning Blood","Charon\u0027s Ashes","Thread and Needle","Odd Mushroom","Incense Burner","Darkstone Periapt","Busted Crown","Vajra","Meat on the Bone","Bottled Tornado","Omamori","Velvet Choker","Champion Belt","PreservedInsect","Regal Pillow","Blood Vial","Lantern"],"potions_floor_usage":[45,50],"damage_taken":[{"damage":12.0,"enemies":"Small Slimes","floor":1.0,"turns":5.0},{"damage":0.0,"enemies":"Cultist","floor":3.0,"turns":3.0},{"damage":0.0,"enemies":"Jaw Worm","floor":4.0,"turns":5.0},{"damage":23.0,"enemies":"3 Sentries","floor":6.0,"turns":6.0},{"damage":12.0,"enemies":"The Mushroom Lair","floor":7.0,"turns":6.0},{"damage":9.0,"enemies":"Exordium Thugs","floor":10.0,"turns":8.0},{"damage":1.0,"enemies":"3 Louse","floor":11.0,"turns":3.0},{"damage":4.0,"enemies":"Lagavulin","floor":12.0,"turns":10.0},{"damage":4.0,"enemies":"Exordium Wildlife","floor":13.0,"turns":3.0},{"damage":0.0,"enemies":"Lots of Slimes","floor":14.0,"turns":4.0},{"damage":20.0,"enemies":"The Guardian","floor":16.0,"turns":12.0},{"damage":1.0,"enemies":"Shell Parasite","floor":18.0,"turns":6.0},{"damage":0.0,"enemies":"3 Byrds","floor":19.0,"turns":5.0},{"damage":0.0,"enemies":"Centurion and Healer","floor":22.0,"turns":6.0},{"damage":8.0,"enemies":"Slavers","floor":23.0,"turns":4.0},{"damage":6.0,"enemies":"Book of Stabbing","floor":25.0,"turns":7.0},{"damage":16.0,"enemies":"Snake Plant","floor":27.0,"turns":6.0},{"damage":17.0,"enemies":"Gremlin Leader","floor":29.0,"turns":8.0},{"damage":19.0,"enemies":"Collector","floor":33.0,"turns":7.0},{"damage":0.0,"enemies":"3 Shapes","floor":35.0,"turns":7.0},{"damage":20,"enemies":"3 Darklings","floor":39,"turns":4},{"damage":5,"enemies":"Giant Head","floor":40,"turns":7},{"damage":0,"enemies":"Jaw Worm Horde","floor":42,"turns":3},{"damage":0,"enemies":"Nemesis","floor":45,"turns":5},{"damage":15,"enemies":"Spire Growth","floor":46,"turns":5},{"damage":0,"enemies":"Giant Head","floor":47,"turns":7},{"damage":0,"enemies":"4 Shapes","floor":48,"turns":5},{"damage":37,"enemies":"Awakened One","floor":50,"turns":9}],"seed_played":"-4551101352271829108","potions_obtained":[{"floor":4.0,"key":"AttackPotion"},{"floor":6.0,"key":"SkillPotion"},{"floor":7.0,"key":"Regen Potion"},{"floor":11.0,"key":"GamblersBrew"},{"floor":16.0,"key":"Weak Potion"},{"floor":18.0,"key":"SteroidPotion"},{"floor":22.0,"key":"Energy Potion"},{"floor":25.0,"key":"EssenceOfSteel"},{"floor":29.0,"key":"PowerPotion"},{"floor":40,"key":"Block Potion"},{"floor":45,"key":"SteroidPotion"},{"floor":47,"key":"FearPotion"}],"is_trial":false,"path_per_floor":["M","?","M","M","$","E","?","R","T","M","M","E","M","M","R","B",null,"M","M","?","$","M","E","R","E","T","M","R","E","R","?","R","B",null,"M","?","$","?","M","E","$","M","T","R","E","M","E","M","R","B",null],"character_chosen":"IRONCLAD","items_purchased":["Twin Strike","Whirlwind","Battle Trance","Master of Strategy","PreservedInsect"],"campfire_rested":0,"item_purchase_floors":[5,21,37,37,41],"current_hp_per_floor":[82,82,88,88,88,71,68,68,68,68,76,81,86,95,95,84,109,112,115,115,115,118,119,119,119,119,112,112,104,104,98,98,85,127,130,120,120,120,109,110,110,119,119,119,125,121,132,143,143,114],"gold":238,"neow_bonus":"TEN_PERCENT_HP_BONUS","is_prod":false,"is_daily":false,"chose_seed":false,"campfire_upgraded":8,"win_rate":1,"timestamp":1556958126,"path_taken":["M","?","M","M","?","E","?","R","T","M","M","E","M","M","R","BOSS","M","M","?","$","M","E","R","E","T","?","R","E","R","?","R","BOSS","M","?","?","?","?","E","$","M","T","R","E","M","E","M","R","BOSS"],"build_version":"2019-01-23","purchased_purges":2,"victory":true,"max_hp_per_floor":[88,88,88,88,88,88,91,91,91,94,97,100,103,106,106,109,109,112,115,115,115,118,121,121,121,121,124,124,127,127,127,127,127,127,130,130,130,130,133,133,133,136,136,136,136,139,142,145,145,145],"card_choices":[{"not_picked":["Rage","Wild Strike"],"picked":"Clothesline","floor":1.0},{"not_picked":["Pommel Strike","Power Through"],"picked":"Shrug It Off","floor":3.0},{"not_picked":["Havoc","True Grit"],"picked":"Shockwave","floor":4.0},{"not_picked":["Carnage","Thunderclap"],"picked":"Feed","floor":6.0},{"not_picked":["Armaments","Pummel"],"picked":"Headbutt","floor":7.0},{"not_picked":["Sword Boomerang","Body Slam","Sever Soul"],"picked":"SKIP","floor":10.0},{"not_picked":["Clash","Flex","Sword Boomerang"],"picked":"SKIP","floor":11.0},{"not_picked":["Twin Strike","Clash"],"picked":"True Grit","floor":12.0},{"not_picked":["Headbutt","Reaper"],"picked":"Spot Weakness","floor":13.0},{"not_picked":["Blood for Blood","Warcry"],"picked":"Feel No Pain","floor":14.0},{"not_picked":["Feed","Bludgeon"],"picked":"Demon Form","floor":16.0},{"not_picked":["Hemokinesis"],"picked":"SKIP","floor":18.0},{"not_picked":["Clothesline"],"picked":"SKIP","floor":19.0},{"not_picked":["Clothesline"],"picked":"SKIP","floor":19.0},{"not_picked":["Wild Strike+1"],"picked":"SKIP","floor":22.0},{"not_picked":["Twin Strike"],"picked":"SKIP","floor":23.0},{"not_picked":["Pommel Strike"],"picked":"SKIP","floor":25.0},{"not_picked":["Sword Boomerang"],"picked":"SKIP","floor":27.0},{"not_picked":["Flex"],"picked":"SKIP","floor":29.0},{"not_picked":["Evolve+1"],"picked":"SKIP","floor":35},{"not_picked":[],"picked":"Flash of Steel","floor":36},{"not_picked":["Havoc+1"],"picked":"SKIP","floor":39},{"not_picked":["Blood for Blood+1"],"picked":"SKIP","floor":40},{"not_picked":["Flex+1"],"picked":"SKIP","floor":42},{"not_picked":["Searing Blow"],"picked":"SKIP","floor":45},{"not_picked":["Thunderclap"],"picked":"SKIP","floor":46},{"not_picked":["Fiend Fire"],"picked":"SKIP","floor":47},{"not_picked":["Heavy Blade+1"],"picked":"SKIP","floor":48},{"not_picked":[],"picked":"Heavy Blade+1","floor":48}],"player_experience":713961,"relics_obtained":[{"floor":6.0,"key":"Thread and Needle"},{"floor":7.0,"key":"Odd Mushroom"},{"floor":9.0,"key":"Incense Burner"},{"floor":12.0,"key":"Darkstone Periapt"},{"floor":23.0,"key":"Vajra"},{"floor":25.0,"key":"Meat on the Bone"},{"floor":26.0,"key":"Bottled Tornado"},{"floor":29.0,"key":"Omamori"},{"floor":40,"key":"Champion Belt"},{"floor":43,"key":"Regal Pillow"},{"floor":45,"key":"Blood Vial"},{"floor":47,"key":"Lantern"}],"event_choices":[{"damage_healed":0.0,"max_hp_gain":0.0,"max_hp_loss":0.0,"gold_gain":0.0,"event_name":"WeMeetAgain","player_choice":"Paid Gold","floor":2.0,"gold_loss":70.0,"damage_taken":0.0,"relics_obtained":["Charon\u0027s Ashes"]},{"damage_healed":0.0,"max_hp_gain":0.0,"max_hp_loss":0.0,"gold_gain":0.0,"event_name":"Mushrooms","player_choice":"Fought Mushrooms","floor":7.0,"gold_loss":0.0,"damage_taken":0.0},{"damage_healed":0.0,"max_hp_gain":0.0,"max_hp_loss":0.0,"gold_gain":0.0,"cards_transformed":["Strike_R"],"event_name":"Transmorgrifier","player_choice":"Transformed","floor":20.0,"gold_loss":0.0,"damage_taken":0.0,"cards_obtained":["Barricade"]},{"damage_healed":0.0,"max_hp_gain":0.0,"max_hp_loss":0.0,"gold_gain":0.0,"event_name":"Nest","player_choice":"Joined the Cult","floor":31.0,"gold_loss":0.0,"damage_taken":6.0,"cards_obtained":["RitualDagger"]},{"damage_healed":0,"gold_gain":0,"player_choice":"Memory 3","damage_taken":10,"max_hp_gain":0,"max_hp_loss":0,"event_name":"SensoryStone","floor":36,"gold_loss":0},{"damage_healed":0,"gold_gain":100,"player_choice":"Pray","damage_taken":0,"max_hp_gain":0,"max_hp_loss":0,"event_name":"Golden Shrine","floor":38,"gold_loss":0}],"is_beta":false,"boss_relics":[{"not_picked":["Empty Cage","Black Blood"],"picked":"Busted Crown"},{"not_picked":["Black Star","Tiny House"],"picked":"Velvet Choker"}],"items_purged_floors":[21,37],"is_endless":false,"potions_floor_spawned":[4,6,7,11,16,18,22,25,29,40,45,47,48],"ascension_level":0}