{"gold_per_floor":[118,43,60,70,70,103,116,128,128,128],"floor_reached":10,"playtime":850,"items_purged":["Strike_R"],"score":81,"play_id":"6ccd0b91-60a0-41f6-90d7-65582b546e14","local_time":"20190119213845","is_ascension_mode":true,"campfire_choices":[],"neow_cost":"NONE","seed_source_timestamp":93111957006978,"circlet_count":0,"master_deck":["Strike_R","Strike_R","Strike_R","Strike_R","Defend_R","Defend_R","Defend_R","Defend_R","Bash","Panacea","Ghostly Armor","Pommel Strike","Shrug It Off","Cleave","Inflame"],"relics":["Burning Blood","Blue Candle","Pantograph"],"potions_floor_usage":[6,8,10],"damage_taken":[{"damage":1,"enemies":"Cultist","floor":1,"turns":3},{"damage":13,"enemies":"Jaw Worm","floor":3,"turns":5},{"damage":0,"enemies":"2 Louse","floor":4,"turns":2},{"damage":49,"enemies":"3 Sentries","floor":6,"turns":12},{"damage":8,"enemies":"Blue Slaver","floor":7,"turns":4},{"damage":7,"enemies":"Looter","floor":8,"turns":4},{"damage":38,"enemies":"Lagavulin","floor":10,"turns":10}],"seed_played":"1497271171093421232","potions_obtained":[{"floor":4,"key":"LiquidBronze"},{"floor":6,"key":"Poison Potion"},{"floor":7,"key":"AttackPotion"}],"is_trial":false,"path_per_floor":["M","$","M","M","?","E","M","M","T","E"],"character_chosen":"IRONCLAD","items_purchased":[],"campfire_rested":0,"item_purchase_floors":[],"current_hp_per_floor":[80,80,73,79,71,28,26,25,25,0],"gold":128,"neow_bonus":"RANDOM_COLORLESS","is_prod":false,"is_daily":false,"chose_seed":false,"campfire_upgraded":0,"win_rate":0,"timestamp":1547955525,"path_taken":["M","$","?","?","?","E","M","M","T","E"],"build_version":"2019-01-17v2","purchased_purges":1,"victory":false,"max_hp_per_floor":[80,80,80,80,80,80,80,80,80,80],"card_choices":[{"not_picked":["Combust","Sword Boomerang"],"picked":"Ghostly Armor","floor":1},{"not_picked":["Flex","Body Slam"],"picked":"Pommel Strike","floor":3},{"not_picked":["Body Slam","Infernal Blade"],"picked":"Shrug It Off","floor":4},{"not_picked":["Seeing Red","Bloodletting"],"picked":"Cleave","floor":6},{"not_picked":["Flex","Burning Pact"],"picked":"Inflame","floor":7},{"not_picked":["Anger","Headbutt","Corruption"],"picked":"SKIP","floor":8}],"player_experience":243035,"relics_obtained":[{"floor":6,"key":"Blue Candle"},{"floor":9,"key":"Pantograph"}],"event_choices":[{"damage_healed":0,"gold_gain":0,"player_choice":"Damaged","damage_taken":8,"max_hp_gain":0,"max_hp_loss":0,"event_name":"Wheel of Change","floor":5,"gold_loss":0}],"is_beta":false,"boss_relics":[],"items_purged_floors":[2],"is_endless":false,"potions_floor_spawned":[4,6,7],"killed_by":"Lagavulin","ascension_level":3}