{"gold_per_floor":[209,209,209,229,244,276,276,276,325,325,360,360,360,1,1,100,100,111,11,22,22,37,37,69,83,83,83,100,100,110,142,142,245,245,255,181,107,123,123,123,123,133,159,159,159,159,171,199,199,199],"floor_reached":51,"playtime":1725,"items_purged":["Strike_B","Strike_B"],"score":796,"play_id":"bd86ec76-a936-4c1f-a334-7eed6d441440","local_time":"20190503030615","is_ascension_mode":false,"campfire_choices":[{"data":"Hologram","floor":7,"key":"SMITH"},{"data":"Dualcast","floor":10,"key":"SMITH"},{"data":"Creative AI","floor":13,"key":"SMITH"},{"floor":15,"key":"REST"},{"data":"Tempest","floor":23,"key":"SMITH"},{"data":"Heatsinks","floor":27,"key":"SMITH"},{"floor":29,"key":"REST"},{"data":"Storm","floor":32,"key":"SMITH"},{"data":"Biased Cognition","floor":40,"key":"SMITH"},{"data":"Consume","floor":45,"key":"SMITH"},{"data":"Echo Form","floor":49,"key":"SMITH"}],"neow_cost":"NONE","seed_source_timestamp":32299432320698,"circlet_count":0,"master_deck":["Strike_B+1","Defend_B","Defend_B","Defend_B+1","Zap+1","Dualcast+1","Hologram+1","Gash+1","Reprogram","Reinforced Body+1","Creative AI+1","Creative AI+1","Storm+1","Echo Form+1","Tempest+1","Leap","Biased Cognition+1","Hologram+1","Heatsinks+1","Storm+1","Self Repair+1","Skim+1","Electrodynamics+1","Storm+1","Storm+1","Consume+1","Decay","Self Repair+1"],"relics":["Cracked Core","Mango","Prayer Wheel","Regal Pillow","Mummified Hand","DollysMirror","Snecko Eye","Whetstone","Frozen Egg 2","Dodecahedron","Cursed Key","Anchor","Art of War","Bird Faced Urn"],"potions_floor_usage":[31,50],"damage_taken":[{"damage":2,"enemies":"2 Louse","floor":1,"turns":2},{"damage":6,"enemies":"Jaw Worm","floor":4,"turns":2},{"damage":2,"enemies":"Small Slimes","floor":5,"turns":2},{"damage":18,"enemies":"Lagavulin","floor":6,"turns":6},{"damage":12,"enemies":"3 Sentries","floor":11,"turns":8},{"damage":18,"enemies":"The Guardian","floor":16,"turns":7},{"damage":0,"enemies":"Chosen","floor":18,"turns":3},{"damage":12,"enemies":"Shell Parasite","floor":20,"turns":3},{"damage":15,"enemies":"Chosen and Byrds","floor":22,"turns":3},{"damage":16,"enemies":"Book of Stabbing","floor":24,"turns":4},{"damage":12,"enemies":"Shelled Parasite and Fungi","floor":25,"turns":5},{"damage":6,"enemies":"Cultist and Chosen","floor":28,"turns":3},{"damage":0,"enemies":"3 Cultists","floor":30,"turns":3},{"damage":8,"enemies":"Gremlin Leader","floor":31,"turns":4},{"damage":0,"enemies":"Collector","floor":33,"turns":5},{"damage":10,"enemies":"Orb Walker","floor":35,"turns":2},{"damage":0,"enemies":"3 Darklings","floor":38,"turns":1},{"damage":8,"enemies":"4 Shapes","floor":42,"turns":2},{"damage":19,"enemies":"Maw","floor":47,"turns":3},{"damage":9,"enemies":"Nemesis","floor":48,"turns":3},{"damage":40,"enemies":"Time Eater","floor":50,"turns":3}],"seed_played":"6902853815102657901","potions_obtained":[{"floor":4,"key":"FairyPotion"},{"floor":11,"key":"Swift Potion"},{"floor":20,"key":"FearPotion"},{"floor":30,"key":"Strength Potion"},{"floor":35,"key":"PowerPotion"}],"is_trial":false,"path_per_floor":["M","?","?","M","M","E","R","T","T","R","E","?","R","$","R","B",null,"M","$","M","?","M","R","E","M","T","R","M","R","M","E","R","B",null,"M","$","$","M","$","R","?","M","T","?","R","?","M","E","R","B",null],"character_chosen":"DEFECT","items_purchased":["DollysMirror","Storm","Storm+1","Storm+1"],"campfire_rested":2,"item_purchase_floors":[14,14,36,37],"current_hp_per_floor":[73,73,58,52,50,46,46,46,46,46,34,27,27,27,68,50,89,89,89,77,77,62,62,46,34,34,34,28,69,69,71,71,81,89,89,89,89,89,89,89,89,89,89,85,85,85,76,85,85,65],"gold":199,"neow_bonus":"HUNDRED_GOLD","is_prod":false,"is_daily":false,"chose_seed":false,"campfire_upgraded":9,"win_rate":0,"timestamp":1556874375,"path_taken":["M","?","?","M","M","E","R","?","T","R","E","?","R","$","R","BOSS","M","$","M","?","M","R","E","M","T","R","M","R","M","E","R","BOSS","M","?","$","M","$","R","?","?","T","?","R","?","?","E","R","BOSS"],"build_version":"2019-01-23","purchased_purges":2,"victory":true,"max_hp_per_floor":[75,75,75,75,75,89,89,89,89,89,89,89,89,89,89,89,89,89,89,89,89,89,89,89,89,89,89,89,89,89,89,89,89,89,89,89,89,89,89,89,89,89,89,85,85,85,85,85,85,85],"card_choices":[{"not_picked":["Barrage","Leap"],"picked":"Hologram","floor":1},{"not_picked":["Steam Power","Beam Cell"],"picked":"Gash","floor":4},{"not_picked":["Stack","Streamline"],"picked":"Reprogram","floor":5},{"not_picked":["Sweeping Beam","Steam"],"picked":"Reinforced Body","floor":6},{"not_picked":["Compile Driver","Fission"],"picked":"Creative AI","floor":11},{"not_picked":["Core Surge","Machine Learning"],"picked":"Echo Form","floor":16},{"not_picked":["Sweeping Beam","Steam Power+1","Gash"],"picked":"SKIP","floor":18},{"not_picked":["Gash","Ball Lightning","Steam"],"picked":"SKIP","floor":18},{"not_picked":["Streamline","Blizzard"],"picked":"Tempest","floor":20},{"not_picked":["Darkness","Doom and Gloom","Beam Cell+1"],"picked":"SKIP","floor":20},{"not_picked":["Coolheaded","Hologram+1"],"picked":"Biased Cognition","floor":22},{"not_picked":["Beam Cell","Coolheaded"],"picked":"Hologram+1","floor":22},{"not_picked":["Machine Learning","Ball Lightning+1"],"picked":"Heatsinks","floor":24},{"not_picked":["Stack","Redo","Leap"],"picked":"SKIP","floor":25},{"not_picked":["Lockon","Barrage","Ball Lightning+1"],"picked":"SKIP","floor":25},{"not_picked":["Ball Lightning","Steam Power+1"],"picked":"Storm+1","floor":28},{"not_picked":["BootSequence","Chill","Compile Driver+1"],"picked":"SKIP","floor":28},{"not_picked":["Gash","Undo+1"],"picked":"Self Repair+1","floor":30},{"not_picked":["Go for the Eyes+1","Scrape","Compile Driver"],"picked":"SKIP","floor":30},{"not_picked":["Go for the Eyes+1","Scrape","Compile Driver"],"picked":"SKIP","floor":30},{"not_picked":["Turbo","Auto Shields"],"picked":"Skim+1","floor":31},{"not_picked":["Echo Form+1","All For One"],"picked":"Electrodynamics+1","floor":33},{"not_picked":["Hologram","Rebound","Ball Lightning"],"picked":"SKIP","floor":35},{"not_picked":["Compile Driver+1","Go for the Eyes+1","White Noise+1"],"picked":"SKIP","floor":35},{"not_picked":["Sweeping Beam","FTL+1","Go for the Eyes+1"],"picked":"SKIP","floor":38},{"not_picked":["Ball Lightning","Beam Cell+1","Conserve Battery"],"picked":"SKIP","floor":38},{"not_picked":["Gash+1","Steam Power+1"],"picked":"Consume","floor":42},{"not_picked":["Blizzard","Compile Driver+1","Reboot"],"picked":"SKIP","floor":42},{"not_picked":["Turbo+1","Compile Driver+1"],"picked":"Self Repair+1","floor":47},{"not_picked":["Turbo+1","Reprogram+1","Coolheaded"],"picked":"SKIP","floor":47},{"not_picked":["Go for the Eyes","White Noise","Leap"],"picked":"SKIP","floor":48}],"player_experience":1363124,"relics_obtained":[{"floor":6,"key":"Mango"},{"floor":8,"key":"Prayer Wheel"},{"floor":9,"key":"Regal Pillow"},{"floor":11,"key":"Mummified Hand"},{"floor":24,"key":"Whetstone"},{"floor":26,"key":"Frozen Egg 2"},{"floor":31,"key":"Dodecahedron"},{"floor":43,"key":"Anchor"},{"floor":48,"key":"Bird Faced Urn"}],"event_choices":[{"damage_healed":0,"gold_gain":0,"player_choice":"Grow","damage_taken":0,"max_hp_gain":0,"max_hp_loss":0,"event_name":"Living Wall","floor":2,"gold_loss":0,"cards_upgraded":["Zap"]},{"damage_healed":0,"gold_gain":0,"player_choice":"Entered Light","damage_taken":15,"max_hp_gain":0,"max_hp_loss":0,"event_name":"Shining Light","floor":3,"gold_loss":0,"cards_upgraded":["Defend_B","Strike_B"]},{"cards_removed":["Strike_B"],"damage_healed":0,"gold_gain":0,"player_choice":"Card Removal","damage_taken":7,"max_hp_gain":0,"max_hp_loss":0,"event_name":"Golden Wing","floor":12,"gold_loss":0},{"damage_healed":0,"gold_gain":0,"cards_transformed":["Defend_B"],"player_choice":"Transformed","damage_taken":0,"max_hp_gain":0,"max_hp_loss":0,"event_name":"Transmorgrifier","floor":21,"gold_loss":0,"cards_obtained":["Leap"]},{"damage_healed":0,"gold_gain":0,"player_choice":"Upgraded","damage_taken":0,"max_hp_gain":0,"max_hp_loss":0,"event_name":"Upgrade Shrine","floor":41,"gold_loss":0,"cards_upgraded":["Reinforced Body"]},{"damage_healed":0,"gold_gain":0,"player_choice":"Max HP","damage_taken":0,"max_hp_gain":0,"max_hp_loss":4,"event_name":"Winding Halls","floor":44,"gold_loss":0},{"damage_healed":0,"gold_gain":0,"player_choice":"Gave Potion","damage_taken":0,"relics_obtained":["Art of War"],"max_hp_gain":0,"max_hp_loss":0,"event_name":"WeMeetAgain","floor":46,"gold_loss":0}],"is_beta":false,"boss_relics":[{"not_picked":["Orrery","Calling Bell"],"picked":"Snecko Eye"},{"not_picked":["Tiny House","Coffee Dripper"],"picked":"Cursed Key"}],"items_purged_floors":[14,19],"is_endless":false,"potions_floor_spawned":[4,11,20,22,25,30,35],"ascension_level":0}