{"gold_per_floor":[117,131,5,22,22,22,48,59,83,83,101,116,144,162,162,162],"floor_reached":16,"playtime":661,"items_purged":["Strike_G"],"score":217,"play_id":"7512eb96-ff16-4d6f-a5a4-6ac4beeb917b","local_time":"20190504205033","is_ascension_mode":true,"campfire_choices":[{"data":"Poisoned Stab","floor":6,"key":"SMITH"},{"data":"Neutralize","floor":10,"key":"SMITH"},{"data":"Tactician","floor":15,"key":"SMITH"}],"neow_cost":"NONE","seed_source_timestamp":1987059241011800,"circlet_count":0,"master_deck":["AscendersBane","Defend_G","Defend_G","Defend_G","Defend_G","Defend_G","Strike_G","Strike_G","Strike_G","Survivor","Neutralize+1","Backstab","Acrobatics","Poisoned Stab+1","Riddle With Holes","Dash","Tactician+1","Backflip"],"relics":["White Beast Statue","Omamori","Vajra","Blood Vial"],"potions_floor_usage":[4,7,7,12,13,16,16],"damage_taken":[{"damage":0,"enemies":"2 Louse","floor":1,"turns":5},{"damage":1,"enemies":"Cultist","floor":2,"turns":4},{"damage":0,"enemies":"Small Slimes","floor":4,"turns":2},{"damage":33,"enemies":"3 Sentries","floor":7,"turns":15},{"damage":1,"enemies":"2 Fungi Beasts","floor":8,"turns":4},{"damage":0,"enemies":"Blue Slaver","floor":11,"turns":2},{"damage":0,"enemies":"Exordium Wildlife","floor":12,"turns":4},{"damage":15,"enemies":"Lagavulin","floor":13,"turns":5},{"damage":0,"enemies":"Looter","floor":14,"turns":2},{"damage":17,"enemies":"Hexaghost","floor":16,"turns":11}],"seed_played":"-1829600679908797906","potions_obtained":[{"floor":1,"key":"Block Potion"},{"floor":2,"key":"Fire Potion"},{"floor":4,"key":"EssenceOfSteel"},{"floor":7,"key":"Poison Potion"},{"floor":8,"key":"Block Potion"},{"floor":11,"key":"Energy Potion"},{"floor":12,"key":"Fire Potion"},{"floor":13,"key":"Weak Potion"},{"floor":14,"key":"Dexterity Potion"}],"is_trial":false,"path_per_floor":["M","M","$","M","?","R","E","M","T","R","M","M","E","M","R","B"],"character_chosen":"THE_SILENT","items_purchased":["Acrobatics"],"campfire_rested":0,"item_purchase_floors":[3],"current_hp_per_floor":[59,58,58,58,58,58,25,24,24,24,24,24,9,11,11,0],"gold":162,"neow_bonus":"BOSS_RELIC","is_prod":false,"is_daily":false,"chose_seed":false,"campfire_upgraded":3,"win_rate":0,"timestamp":1556970633,"path_taken":["M","M","$","M","?","R","E","?","T","R","?","M","E","M","R","BOSS"],"build_version":"2019-01-23","purchased_purges":1,"victory":false,"max_hp_per_floor":[66,66,66,66,66,66,66,66,66,66,66,66,66,66,66,66],"card_choices":[{"not_picked":["Flechettes","PiercingWail"],"picked":"Backstab","floor":1},{"not_picked":["Slice","Deflect","All Out Attack"],"picked":"SKIP","floor":2},{"not_picked":["Prepared","Predator"],"picked":"Poisoned Stab","floor":4},{"not_picked":["Sucker Punch","Finisher"],"picked":"Riddle With Holes","floor":7},{"not_picked":["Deflect","Bouncing Flask"],"picked":"Dash","floor":8},{"not_picked":["Finisher","Deflect","Dodge and Roll"],"picked":"SKIP","floor":11},{"not_picked":["Riddle With Holes","Finisher"],"picked":"Tactician","floor":12},{"not_picked":["Flechettes","Quick Slash","Outmaneuver"],"picked":"SKIP","floor":13},{"not_picked":["Sucker Punch","Dagger Throw"],"picked":"Backflip","floor":14}],"player_experience":750258,"relics_obtained":[{"floor":7,"key":"Omamori"},{"floor":9,"key":"Vajra"},{"floor":13,"key":"Blood Vial"}],"event_choices":[{"cards_removed":["Strike_G"],"damage_healed":0,"gold_gain":0,"player_choice":"Offered Basic","damage_taken":0,"max_hp_gain":0,"max_hp_loss":0,"event_name":"Bonfire Elementals","floor":5,"gold_loss":0}],"is_beta":false,"boss_relics":[],"items_purged_floors":[3],"is_endless":false,"potions_floor_spawned":[1,2,4,7,8,11,12,13,14],"killed_by":"Hexaghost","ascension_level":18}