{"gold_per_floor":[217,217,217,235,248,248,274,352,376,376,376,400,400,400,400,519,519,544,273,296,311,335,335,360,360,360,398,422,422,422,338,338,338],"floor_reached":33,"playtime":2837,"items_purged":["Defend_G","Defend_G"],"score":314,"play_id":"b294e427-5cb0-4dec-9832-e389f890ac8b","local_time":"20190125021558","is_ascension_mode":true,"campfire_choices":[{"data":"Leg Sweep","floor":6,"key":"SMITH"},{"floor":10,"key":"REST"},{"floor":15,"key":"REST"},{"data":"Reflex","floor":23,"key":"SMITH"},{"data":"Predator","floor":25,"key":"SMITH"},{"floor":32,"key":"REST"}],"neow_cost":"NONE","seed_source_timestamp":98182963291433,"circlet_count":0,"master_deck":["Defend_G","Defend_G","Survivor","Neutralize","Leg Sweep+1","Dagger Throw","Dagger Throw+1","Predator+1","Well Laid Plans","Die Die Die+1","Burst","Backstab+1","Phantasmal Killer+1","Tools of the Trade+1","Backflip+1","Reflex+1","Terror","Tactician","Bite","Bite","Bite","Bite","Bite","Tactician","Deadly Poison"],"relics":["Ring of the Snake","Smiling Mask","Dodecahedron","Pen Nib","Golden Idol","Astrolabe","Bronze Scales","Whetstone","Mango","Dream Catcher"],"potions_floor_usage":[16,28,33,33],"damage_taken":[{"damage":1,"enemies":"Cultist","floor":1,"turns":5},{"damage":1,"enemies":"2 Louse","floor":4,"turns":3},{"damage":0,"enemies":"Jaw Worm","floor":5,"turns":5},{"damage":35,"enemies":"Gremlin Nob","floor":7,"turns":7},{"damage":4,"enemies":"Large Slime","floor":12,"turns":6},{"damage":20,"enemies":"Slime Boss","floor":16,"turns":13},{"damage":0,"enemies":"2 Thieves","floor":18,"turns":4},{"damage":2,"enemies":"Shell Parasite","floor":21,"turns":3},{"damage":0,"enemies":"Cultist and Chosen","floor":22,"turns":4},{"damage":8,"enemies":"Snake Plant","floor":24,"turns":4},{"damage":34,"enemies":"Slavers","floor":27,"turns":6},{"damage":15,"enemies":"Sentry and Sphere","floor":28,"turns":5},{"damage":49,"enemies":"Champ","floor":33,"turns":9}],"seed_played":"4940346792589509813","potions_obtained":[{"floor":5,"key":"SteroidPotion"},{"floor":7,"key":"Fire Potion"},{"floor":18,"key":"Swift Potion"},{"floor":22,"key":"SpeedPotion"}],"is_trial":false,"path_per_floor":["M","?","?","M","M","R","E","T","T","R","?","M","?","?","R","B",null,"M","$","T","M","M","R","M","R","T","E","M","?","?","$","R","B"],"character_chosen":"THE_SILENT","items_purchased":["Reflex","Bronze Scales","Tactician"],"campfire_rested":3,"item_purchase_floors":[19,19,31],"current_hp_per_floor":[69,62,62,61,61,61,26,26,26,47,47,43,43,43,62,42,65,65,65,65,63,63,63,55,55,69,35,20,20,20,20,36,0],"gold":338,"neow_bonus":"HUNDRED_GOLD","is_prod":false,"is_daily":false,"chose_seed":false,"campfire_upgraded":3,"win_rate":0,"timestamp":1548404158,"path_taken":["M","?","?","M","?","R","E","?","T","R","?","M","?","?","R","BOSS","M","$","?","M","M","R","M","R","T","E","?","?","?","$","R","BOSS"],"build_version":"2019-01-23","purchased_purges":2,"victory":false,"max_hp_per_floor":[70,70,70,70,70,70,70,70,70,70,65,65,65,65,65,65,65,65,65,65,65,65,65,65,65,79,79,79,55,55,55,55,55],"card_choices":[{"not_picked":["Acrobatics","Underhanded Strike"],"picked":"Leg Sweep","floor":1},{"not_picked":["Reflex","Masterful Stab"],"picked":"Dagger Throw","floor":4},{"not_picked":["Acrobatics","Sucker Punch"],"picked":"Dagger Throw","floor":5},{"not_picked":["Masterful Stab","Acrobatics"],"picked":"Predator","floor":7},{"not_picked":["Dodge and Roll","Underhanded Strike"],"picked":"Well Laid Plans","floor":12},{"not_picked":["Wraith Form v2","Adrenaline"],"picked":"Burst","floor":16},{"not_picked":["Deadly Poison","Underhanded Strike+1"],"picked":"Backflip+1","floor":18},{"not_picked":["Poisoned Stab","Cloak And Dagger+1"],"picked":"Terror","floor":21},{"not_picked":["Slice","Quick Slash+1","Poisoned Stab+1"],"picked":"SKIP","floor":22},{"not_picked":["Concentrate","Predator","A Thousand Cuts"],"picked":"SKIP","floor":24},{"not_picked":["Quick Slash","Distraction+1","Cloak And Dagger"],"picked":"SKIP","floor":27},{"not_picked":["Quick Slash","Finisher"],"picked":"Tactician","floor":28},{"not_picked":["Bane","Choke+1"],"picked":"Deadly Poison","floor":32}],"player_experience":274816,"relics_obtained":[{"floor":7,"key":"Smiling Mask"},{"floor":8,"key":"Dodecahedron"},{"floor":9,"key":"Pen Nib"},{"floor":20,"key":"Whetstone"},{"floor":26,"key":"Mango"},{"floor":27,"key":"Dream Catcher"}],"event_choices":[{"cards_removed":["Strike_G"],"damage_healed":0,"gold_gain":0,"player_choice":"Card Removal","damage_taken":7,"max_hp_gain":0,"max_hp_loss":0,"event_name":"Golden Wing","floor":2,"gold_loss":0},{"cards_removed":["Strike_G"],"damage_healed":0,"gold_gain":0,"player_choice":"Offered Basic","damage_taken":0,"max_hp_gain":0,"max_hp_loss":0,"event_name":"Bonfire Elementals","floor":3,"gold_loss":0},{"damage_healed":0,"gold_gain":0,"player_choice":"Lose Max HP","damage_taken":0,"relics_obtained":["Golden Idol"],"max_hp_gain":0,"max_hp_loss":5,"event_name":"Golden Idol","floor":11,"gold_loss":0},{"damage_healed":0,"gold_gain":0,"cards_transformed":["Strike_G"],"player_choice":"Change","damage_taken":0,"max_hp_gain":0,"max_hp_loss":0,"event_name":"Living Wall","floor":13,"gold_loss":0,"cards_obtained":["Die Die Die"]},{"damage_healed":0,"gold_gain":0,"player_choice":"Bought 0 Potions","damage_taken":0,"max_hp_gain":0,"max_hp_loss":0,"event_name":"The Woman in Blue","floor":14,"gold_loss":0},{"damage_healed":0,"gold_gain":0,"player_choice":"Became a vampire","damage_taken":0,"max_hp_gain":0,"max_hp_loss":24,"event_name":"Vampires","floor":29,"gold_loss":0,"cards_obtained":["Bite","Bite","Bite","Bite","Bite"]},{"damage_healed":0,"gold_gain":0,"player_choice":"Leave","damage_taken":0,"max_hp_gain":0,"max_hp_loss":0,"event_name":"FaceTrader","floor":30,"gold_loss":0}],"is_beta":false,"boss_relics":[{"not_picked":["Black Star","Lizard Tail"],"picked":"Astrolabe"}],"items_purged_floors":[19,31],"is_endless":false,"potions_floor_spawned":[5,7,18,22],"killed_by":"Champ","ascension_level":2}