{"gold_per_floor":[111,186,186,205,43,43,68,68,68,86,86,86,98,123,123,226,226,242,222,234,157,171,171,40,40,90,90,90,106,106],"floor_reached":30,"playtime":2244,"items_purged":[],"score":261,"play_id":"4a4f2583-cb13-49ac-b119-1a040f5fc2b0","local_time":"20190504031625","is_ascension_mode":false,"campfire_choices":[{"data":"Bandage Up","floor":6,"key":"SMITH"},{"data":"Streamline","floor":8,"key":"SMITH"},{"data":"Lockon","floor":11,"key":"SMITH"},{"floor":15,"key":"REST"},{"floor":23,"key":"REST"},{"floor":25,"key":"REST"},{"data":"Zap","floor":27,"key":"SMITH"}],"neow_cost":"NONE","seed_source_timestamp":292630384751489,"circlet_count":0,"master_deck":["Strike_B","Strike_B","Strike_B","Strike_B","Defend_B","Defend_B","Defend_B","Defend_B","Zap+1","Dualcast","Gash","Regret","Steam","Gash","Steam","Bandage Up+1","Streamline+1","Lockon+1","Reinforced Body","Barrage","Thunder Strike","Streamline+1","Recycle","Core Surge","Leap+1","Capacitor","Dramatic Entrance","Static Discharge"],"relics":["Cracked Core","NeowsBlessing","Darkstone Periapt","Boot","Bag of Preparation","Pen Nib","Kunai","Philosopher\u0027s Stone","Strawberry"],"potions_floor_usage":[16,18,30,30],"damage_taken":[{"damage":0,"enemies":"Jaw Worm","floor":1,"turns":1},{"damage":0,"enemies":"Small Slimes","floor":4,"turns":1},{"damage":0,"enemies":"Lagavulin","floor":7,"turns":1},{"damage":1,"enemies":"Cultist","floor":10,"turns":3},{"damage":5,"enemies":"Exordium Wildlife","floor":13,"turns":3},{"damage":29,"enemies":"Gremlin Nob","floor":14,"turns":4},{"damage":5,"enemies":"Slime Boss","floor":16,"turns":8},{"damage":1,"enemies":"3 Byrds","floor":18,"turns":4},{"damage":7,"enemies":"Spheric Guardian","floor":20,"turns":3},{"damage":44,"enemies":"Centurion and Healer","floor":22,"turns":8},{"damage":39,"enemies":"Snake Plant","floor":29,"turns":3},{"damage":74,"enemies":"Gremlin Leader","floor":30,"turns":6}],"seed_played":"1481780859419896971","potions_obtained":[{"floor":1,"key":"AttackPotion"},{"floor":13,"key":"Fire Potion"},{"floor":14,"key":"Strength Potion"},{"floor":16,"key":"Regen Potion"},{"floor":19,"key":"Strength Potion"}],"is_trial":false,"path_per_floor":["M","?","?","M","$","R","E","R","T","M","R","?","M","E","R","B",null,"M","?","M","$","M","R","$","R","T","R","?","M","E"],"character_chosen":"DEFECT","items_purchased":["Gash","Steam","Bandage Up","Core Surge","Capacitor","Dramatic Entrance"],"campfire_rested":3,"item_purchase_floors":[5,5,5,21,24,24],"current_hp_per_floor":[75,64,70,70,70,70,76,76,76,80,80,47,48,25,49,50,81,81,81,74,74,36,60,60,81,88,88,88,49,0],"gold":106,"neow_bonus":"THREE_ENEMY_KILL","is_prod":false,"is_daily":false,"chose_seed":false,"campfire_upgraded":4,"win_rate":0.0,"timestamp":1556964985,"path_taken":["M","?","?","M","$","R","E","R","T","M","R","?","M","E","R","BOSS","M","?","M","$","?","R","$","R","T","R","?","?","E"],"build_version":"2019-01-23","purchased_purges":0,"victory":false,"max_hp_per_floor":[75,75,81,81,81,81,81,81,81,81,81,81,81,81,81,81,81,81,81,81,81,81,81,81,81,88,88,88,88,88],"card_choices":[{"not_picked":["Defragment","Turbo"],"picked":"Gash","floor":1},{"not_picked":["Hologram","Coolheaded"],"picked":"Steam","floor":4},{"not_picked":["Leap","Chill"],"picked":"Streamline","floor":7},{"not_picked":["Cold Snap","Rebound"],"picked":"Lockon","floor":10},{"not_picked":["Leap","Stack"],"picked":"Reinforced Body","floor":13},{"not_picked":["Heatsinks","Steam Power"],"picked":"Barrage","floor":14},{"not_picked":["Hyperbeam","Meteor Strike"],"picked":"Thunder Strike","floor":16},{"not_picked":["Conserve Battery","Scrape"],"picked":"Streamline+1","floor":18},{"not_picked":["Consume","Force Field"],"picked":"Recycle","floor":20},{"not_picked":["Redo","Defragment"],"picked":"Leap+1","floor":22},{"not_picked":["Compile Driver","Leap"],"picked":"Static Discharge","floor":29}],"player_experience":97924,"relics_obtained":[{"floor":7,"key":"Boot"},{"floor":9,"key":"Bag of Preparation"},{"floor":14,"key":"Kunai"},{"floor":26,"key":"Strawberry"}],"event_choices":[{"damage_healed":0,"gold_gain":75,"player_choice":"Gather Gold","damage_taken":11,"max_hp_gain":0,"max_hp_loss":0,"event_name":"World of Goop","floor":2,"gold_loss":0},{"damage_healed":0,"gold_gain":0,"player_choice":"Box","damage_taken":0,"relics_obtained":["Darkstone Periapt"],"max_hp_gain":0,"max_hp_loss":0,"event_name":"Big Fish","floor":3,"gold_loss":0,"cards_obtained":["Regret"]},{"damage_healed":0,"gold_gain":0,"player_choice":"Success","damage_taken":33,"relics_obtained":["Pen Nib"],"max_hp_gain":0,"max_hp_loss":0,"event_name":"Scrap Ooze","floor":12,"gold_loss":0},{"damage_healed":0,"gold_gain":0,"player_choice":"Bought 1 Potion","damage_taken":0,"max_hp_gain":0,"max_hp_loss":0,"event_name":"The Woman in Blue","floor":19,"gold_loss":0},{"damage_healed":0,"gold_gain":0,"player_choice":"Ignored","damage_taken":0,"max_hp_gain":0,"max_hp_loss":0,"event_name":"N\u0027loth","floor":28,"gold_loss":0}],"is_beta":false,"boss_relics":[{"not_picked":["Fusion Hammer","Empty Cage"],"picked":"Philosopher\u0027s Stone"}],"items_purged_floors":[],"is_endless":false,"potions_floor_spawned":[1,13,14,16,20,22],"killed_by":"Gremlin Leader","ascension_level":0}