{"gold_per_floor":[113,123,123,139,154,154,168,198,198,198,198,198,210,210,210,308,308,318,417,417,342,356,356,369,369,369,369,369,387,387,401,401,496,496,507,518,567,369,369,369,369,369,369,369,388,388,402,427,427,427],"floor_reached":51,"playtime":4731,"items_purged":[],"score":700,"play_id":"9d6bfe8b-af0b-4023-a49d-a627f6bbdcc9","local_time":"20190417062546","daily_mods":["SealedDeck"],"is_ascension_mode":false,"campfire_choices":[{"data":"Fission","floor":6,"key":"SMITH"},{"floor":10,"key":"REST"},{"floor":15,"key":"REST"},{"floor":23,"key":"REST"},{"data":"Defragment","floor":25,"key":"SMITH"},{"data":"Loop","floor":28,"key":"SMITH"},{"data":"Fusion","floor":30,"key":"SMITH"},{"data":"Coolheaded","floor":32,"key":"SMITH"},{"data":"Electrodynamics","floor":40,"key":"SMITH"},{"data":"Dramatic Entrance","floor":42,"key":"SMITH"},{"floor":49,"key":"REST"}],"neow_cost":"","seed_source_timestamp":30379655867500,"circlet_count":0,"master_deck":["Redo+1","Loop+1","Storm+1","Ball Lightning+1","Cold Snap+1","Defragment+1","Coolheaded+1","Fusion+1","Ball Lightning+1","Barrage+1","Fission+1","Barrage+1","Compile Driver+1","Genetic Algorithm+1","FTL+1","Electrodynamics+1","Enlightenment+1","Dramatic Entrance+1","Darkness+1"],"relics":["Cracked Core","Orichalcum","Toxic Egg 2","Blue Candle","Black Star","Letter Opener","Inserter","Happy Flower","Runic Capacitor","Shuriken","Mark of the Bloom","Nunchaku","Bag of Marbles"],"potions_floor_usage":[24],"damage_taken":[{"damage":11,"enemies":"Jaw Worm","floor":1,"turns":2},{"damage":3,"enemies":"Cultist","floor":2,"turns":3},{"damage":9,"enemies":"Small Slimes","floor":4,"turns":2},{"damage":10,"enemies":"Looter","floor":5,"turns":2},{"damage":6,"enemies":"3 Louse","floor":7,"turns":2},{"damage":6,"enemies":"Gremlin Nob","floor":8,"turns":3},{"damage":3,"enemies":"Exordium Wildlife","floor":13,"turns":2},{"damage":45,"enemies":"The Guardian","floor":16,"turns":6},{"damage":23,"enemies":"3 Byrds","floor":18,"turns":4},{"damage":0,"enemies":"Spheric Guardian","floor":22,"turns":3},{"damage":8,"enemies":"Centurion and Healer","floor":24,"turns":5},{"damage":10,"enemies":"Snecko","floor":29,"turns":3},{"damage":13,"enemies":"Snake Plant","floor":31,"turns":2},{"damage":35,"enemies":"Automaton","floor":33,"turns":8},{"damage":10,"enemies":"3 Shapes","floor":35,"turns":2},{"damage":5,"enemies":"3 Darklings","floor":36,"turns":3},{"damage":0,"enemies":"Transient","floor":45,"turns":5},{"damage":0,"enemies":"Maw","floor":47,"turns":4},{"damage":10,"enemies":"Reptomancer","floor":48,"turns":3},{"damage":30,"enemies":"Donu and Deca","floor":50,"turns":4}],"seed_played":"1084937998364509115","potions_obtained":[{"floor":16,"key":"EssenceOfSteel"}],"is_trial":true,"path_per_floor":["M","M","?","M","M","R","M","E","T","R","?","T","M","?","R","B",null,"M","?","?","?","M","R","M","R","T","?","R","M","R","M","R","B",null,"M","M","T","$","?","R","?","R","T","?","M","?","M","E","R","B",null],"character_chosen":"DEFECT","items_purchased":["Runic Capacitor"],"campfire_rested":4,"item_purchase_floors":[38],"current_hp_per_floor":[64,61,61,52,42,42,36,30,30,52,52,52,49,34,56,11,75,52,52,38,38,38,62,54,54,54,90,90,80,80,67,67,32,90,80,75,75,75,65,65,88,88,88,88,88,88,88,78,78,48],"gold":427,"neow_bonus":"","is_prod":false,"is_daily":false,"chose_seed":false,"campfire_upgraded":7,"win_rate":0.0,"timestamp":1555439146,"path_taken":["M","M","?","M","M","R","?","E","T","R","?","?","?","?","R","BOSS","M","?","?","?","?","R","M","R","T","?","R","M","R","M","R","BOSS","M","?","?","?","?","R","?","R","T","?","?","?","M","E","R","BOSS"],"build_version":"2019-01-23","purchased_purges":0,"victory":true,"max_hp_per_floor":[75,75,75,75,75,75,75,75,75,75,75,75,75,75,75,75,75,75,75,80,80,80,80,80,80,80,90,90,90,90,90,90,90,90,90,90,90,90,90,90,90,90,90,90,90,90,90,90,90,90],"card_choices":[{"not_picked":["Turbo","Cold Snap"],"picked":"Barrage","floor":1},{"not_picked":["Compile Driver","Force Field"],"picked":"Fission","floor":2},{"not_picked":["BootSequence","Coolheaded"],"picked":"Barrage","floor":4},{"not_picked":["Compile Driver","Steam","White Noise"],"picked":"SKIP","floor":5},{"not_picked":["Go for the Eyes","Force Field"],"picked":"Compile Driver","floor":7},{"not_picked":["Hologram","Stack","Coolheaded"],"picked":"SKIP","floor":8},{"not_picked":["Rip and Tear","Rebound"],"picked":"Genetic Algorithm+1","floor":13},{"not_picked":["Buffer","Core Surge"],"picked":"Meteor Strike","floor":16},{"not_picked":["Streamline","Steam+1","Hologram+1"],"picked":"SKIP","floor":18},{"not_picked":["Sunder+1","Conserve Battery+1","Sweeping Beam+1"],"picked":"SKIP","floor":22},{"not_picked":["Recycle+1","Rebound"],"picked":"FTL","floor":24},{"not_picked":["Blizzard","Buffer","Beam Cell+1"],"picked":"SKIP","floor":29},{"not_picked":["Cold Snap","Rip and Tear","White Noise+1"],"picked":"SKIP","floor":31},{"not_picked":["Seek+1","Multi-Cast+1"],"picked":"Electrodynamics","floor":33},{"not_picked":["Leap+1","Recycle+1","Go for the Eyes"],"picked":"SKIP","floor":35},{"not_picked":["Ball Lightning+1","FTL","Coolheaded+1"],"picked":"SKIP","floor":36},{"not_picked":["Deep Breath+1","Impatience+1"],"picked":"Enlightenment+1","floor":39},{"not_picked":["Good Instincts+1","Panacea+1"],"picked":"Dramatic Entrance","floor":39},{"not_picked":["Compile Driver+1","Recycle+1","Stack+1"],"picked":"SKIP","floor":45},{"not_picked":["Conserve Battery+1","Steam+1","Static Discharge"],"picked":"SKIP","floor":47},{"not_picked":["Barrage","Sunder+1"],"picked":"Darkness+1","floor":48}],"player_experience":19266,"relics_obtained":[{"floor":8,"key":"Orichalcum"},{"floor":9,"key":"Toxic Egg 2"},{"floor":12,"key":"Blue Candle"},{"floor":26,"key":"Letter Opener"},{"floor":37,"key":"Happy Flower"},{"floor":43,"key":"Shuriken"},{"floor":48,"key":"Nunchaku"},{"floor":48,"key":"Bag of Marbles"}],"event_choices":[{"damage_healed":0,"gold_gain":0,"player_choice":"Upgraded","damage_taken":0,"max_hp_gain":0,"max_hp_loss":0,"event_name":"Upgrade Shrine","floor":3,"gold_loss":0,"cards_upgraded":["Storm"]},{"damage_healed":0,"gold_gain":0,"player_choice":"Ignored","damage_taken":0,"max_hp_gain":0,"max_hp_loss":0,"event_name":"Golden Wing","floor":11,"gold_loss":0},{"damage_healed":0,"gold_gain":0,"player_choice":"Entered Light","damage_taken":15,"max_hp_gain":0,"max_hp_loss":0,"event_name":"Shining Light","floor":14,"gold_loss":0,"cards_upgraded":["Compile Driver","Redo"]},{"damage_healed":0,"gold_gain":99,"player_choice":"Stole From Cult","damage_taken":0,"max_hp_gain":0,"max_hp_loss":0,"event_name":"Nest","floor":19,"gold_loss":0},{"damage_healed":0,"gold_gain":0,"player_choice":"Shed Blood","damage_taken":19,"max_hp_gain":5,"max_hp_loss":0,"event_name":"Forgotten Altar","floor":20,"gold_loss":0},{"cards_removed":["Ball Lightning"],"damage_healed":0,"gold_gain":0,"player_choice":"Gave Gold","damage_taken":0,"max_hp_gain":0,"max_hp_loss":0,"event_name":"Beggar","floor":21,"gold_loss":75},{"cards_removed":["Meteor Strike"],"damage_healed":26,"gold_gain":0,"player_choice":"Offered Rare","damage_taken":0,"max_hp_gain":10,"max_hp_loss":0,"event_name":"Bonfire Elementals","floor":27,"gold_loss":0},{"damage_healed":0,"gold_gain":0,"player_choice":"Memory 3","damage_taken":10,"max_hp_gain":0,"max_hp_loss":0,"event_name":"SensoryStone","floor":39,"gold_loss":0},{"damage_healed":23,"gold_gain":0,"player_choice":"Writhe","damage_taken":0,"max_hp_gain":0,"max_hp_loss":0,"event_name":"Winding Halls","floor":41,"gold_loss":0,"cards_obtained":["Writhe"]},{"cards_removed":["Writhe"],"damage_healed":0,"gold_gain":0,"player_choice":"Removed Curses","damage_taken":0,"max_hp_gain":0,"max_hp_loss":0,"event_name":"Fountain of Cleansing","floor":44,"gold_loss":0},{"damage_healed":0,"gold_gain":0,"player_choice":"Upgrade","damage_taken":0,"relics_obtained":["Mark of the Bloom"],"max_hp_gain":0,"max_hp_loss":0,"event_name":"MindBloom","floor":46,"gold_loss":0,"cards_upgraded":["Ball Lightning","Cold Snap","Ball Lightning","Barrage","Barrage","FTL"]}],"is_beta":false,"boss_relics":[{"not_picked":["Snecko Eye","Ectoplasm"],"picked":"Black Star"},{"not_picked":["Astrolabe","Tiny House"],"picked":"Inserter"}],"items_purged_floors":[],"is_endless":false,"potions_floor_spawned":[2,4,7,16,22,24,31,36,48],"ascension_level":0}