{"gold_per_floor":[119,137,61,78,98,98,132,109,180,180,180,192,250,281,281,376,376,393,274,285,299,315,315,315,415,415,415,415,450,169,184,184,184],"floor_reached":33,"playtime":4415,"items_purged":[],"score":275,"play_id":"ff7c6bea-bd70-44ea-ad73-79079d161d56","local_time":"20190504021124","is_ascension_mode":false,"campfire_choices":[{"data":"Doom and Gloom","floor":6,"key":"SMITH"},{"floor":15,"key":"REST"},{"floor":23,"key":"REST"},{"floor":27,"key":"REST"},{"floor":28,"key":"REST"},{"floor":32,"key":"REST"}],"neow_cost":"NONE","seed_source_timestamp":286559307072019,"circlet_count":0,"master_deck":["Strike_B","Strike_B","Strike_B","Strike_B","Defend_B","Defend_B","Defend_B","Defend_B","Zap","Dualcast","Sweeping Beam","Conserve Battery","Melter+1","Turbo","Doom and Gloom+1","Scrape","Compile Driver","Glacier","Beam Cell","Core Surge","Streamline","Electrodynamics","Streamline","Streamline+1","Gash+1","Cold Snap","Melter+1","Rainbow","FTL","Swift Strike","Seek","Stack+1"],"relics":["Cracked Core","NeowsBlessing","Gambling Chip","Question Card","Centennial Puzzle","Sozu","WingedGreaves","Ornamental Fan","Anchor","Mercury Hourglass"],"potions_floor_usage":[14,16,33],"damage_taken":[{"damage":0,"enemies":"2 Louse","floor":1,"turns":1},{"damage":0,"enemies":"Jaw Worm","floor":2,"turns":1},{"damage":0,"enemies":"Cultist","floor":4,"turns":1},{"damage":1,"enemies":"2 Fungi Beasts","floor":5,"turns":3},{"damage":43,"enemies":"Lagavulin","floor":7,"turns":7},{"damage":1,"enemies":"Exordium Thugs","floor":12,"turns":4},{"damage":27,"enemies":"Gremlin Nob","floor":14,"turns":4},{"damage":5,"enemies":"Slime Boss","floor":16,"turns":7},{"damage":16,"enemies":"3 Byrds","floor":18,"turns":4},{"damage":18,"enemies":"Spheric Guardian","floor":20,"turns":4},{"damage":20,"enemies":"Centurion and Healer","floor":21,"turns":5},{"damage":2,"enemies":"Cultist and Chosen","floor":22,"turns":6},{"damage":7,"enemies":"Colosseum Slavers","floor":25,"turns":3},{"damage":13,"enemies":"Colosseum Nobs","floor":25,"turns":4},{"damage":11,"enemies":"Book of Stabbing","floor":29,"turns":5},{"damage":10,"enemies":"Shelled Parasite and Fungi","floor":31,"turns":4},{"damage":66,"enemies":"Champ","floor":33,"turns":10}],"seed_played":"-7980013093147789481","potions_obtained":[{"floor":2,"key":"Explosive Potion"},{"floor":4,"key":"SteroidPotion"},{"floor":7,"key":"Energy Potion"},{"floor":12,"key":"EssenceOfSteel"},{"floor":16,"key":"PowerPotion"}],"is_trial":false,"path_per_floor":["M","M","$","M","M","R","E","$","T","$","?","M","?","E","R","B",null,"M","$","M","M","M","R","?","?","T","R","R","E","$","M","R","B"],"character_chosen":"DEFECT","items_purchased":["Melter","Compile Driver","Electrodynamics","Streamline","FTL","Swift Strike","Seek"],"campfire_rested":5,"item_purchase_floors":[3,8,19,19,30,30,30],"current_hp_per_floor":[75,75,75,75,74,74,31,31,31,31,31,30,30,3,25,20,75,59,59,41,21,19,41,41,21,21,43,65,54,54,44,66,0],"gold":184,"neow_bonus":"THREE_ENEMY_KILL","is_prod":false,"is_daily":false,"chose_seed":false,"campfire_upgraded":1,"win_rate":0.0,"timestamp":1556961084,"path_taken":["M","M","$","M","M","R","E","$","T","$","?","M","?","E","R","BOSS","M","$","M","M","M","R","?","?","T","R","R","E","$","M","R","BOSS"],"build_version":"2019-01-23","purchased_purges":0,"victory":false,"max_hp_per_floor":[75,75,75,75,75,75,75,75,75,75,75,75,75,75,75,75,75,75,75,75,75,75,75,75,75,75,75,75,75,75,75,75,75],"card_choices":[{"not_picked":["Tempest","Auto Shields"],"picked":"Sweeping Beam","floor":1},{"not_picked":["Gash","Coolheaded"],"picked":"Conserve Battery","floor":2},{"not_picked":["Stack","Chaos"],"picked":"Turbo","floor":4},{"not_picked":["Glacier","Turbo"],"picked":"Doom and Gloom","floor":5},{"not_picked":["Glacier","Cold Snap"],"picked":"Scrape","floor":7},{"not_picked":["Coolheaded","Turbo","Rebound"],"picked":"Glacier","floor":12},{"not_picked":["Hologram","Leap","Redo"],"picked":"Beam Cell","floor":14},{"not_picked":["Rainbow","Seek","Hyperbeam"],"picked":"Core Surge","floor":16},{"not_picked":["Turbo","Rip and Tear","Ball Lightning"],"picked":"Streamline","floor":18},{"not_picked":["Barrage","Steam Power+1","Compile Driver"],"picked":"Streamline+1","floor":20},{"not_picked":["Streamline+1","Rebound","Compile Driver"],"picked":"Gash+1","floor":21},{"not_picked":["Barrage","Force Field+1","Redo"],"picked":"Cold Snap","floor":22},{"not_picked":["Coolheaded","Hologram","Rebound"],"picked":"Melter+1","floor":25},{"not_picked":["Reprogram","Amplify","Sweeping Beam"],"picked":"Rainbow","floor":29},{"not_picked":["Rebound","Steam","BootSequence+1"],"picked":"Stack+1","floor":31}],"player_experience":91963,"relics_obtained":[{"floor":7,"key":"Gambling Chip"},{"floor":9,"key":"Question Card"},{"floor":14,"key":"Centennial Puzzle"},{"floor":25,"key":"WingedGreaves"},{"floor":25,"key":"Ornamental Fan"},{"floor":26,"key":"Anchor"},{"floor":29,"key":"Mercury Hourglass"}],"event_choices":[{"damage_healed":0,"gold_gain":0,"player_choice":"Grow","damage_taken":0,"max_hp_gain":0,"max_hp_loss":0,"event_name":"Living Wall","floor":11,"gold_loss":0,"cards_upgraded":["Melter"]},{"damage_healed":0,"gold_gain":58,"player_choice":"Gained Gold","damage_taken":0,"max_hp_gain":0,"max_hp_loss":0,"event_name":"Golden Wing","floor":13,"gold_loss":0},{"damage_healed":0,"gold_gain":0,"player_choice":"Ignored","damage_taken":0,"max_hp_gain":0,"max_hp_loss":0,"event_name":"Beggar","floor":24,"gold_loss":0},{"damage_healed":0,"gold_gain":0,"player_choice":"Fight","damage_taken":0,"max_hp_gain":0,"max_hp_loss":0,"event_name":"Colosseum","floor":25,"gold_loss":0},{"damage_healed":0,"gold_gain":0,"player_choice":"Fought Nobs","damage_taken":0,"max_hp_gain":0,"max_hp_loss":0,"event_name":"Colosseum","floor":25,"gold_loss":0}],"is_beta":false,"boss_relics":[{"not_picked":["Lizard Tail","Ectoplasm"],"picked":"Sozu"}],"items_purged_floors":[],"is_endless":false,"potions_floor_spawned":[2,4,7,12,16,25,25],"killed_by":"Champ","ascension_level":0}