{"gold_per_floor":[111,111,111,5,19,49,49,76,155,172,172,9,9,72,72,171,171,161,178,194,194,194,194,194],"floor_reached":24,"playtime":1160,"items_purged":[],"score":257,"play_id":"217528f4-92da-4c08-85a1-3c9bcb7a18cc","local_time":"20190504001929","is_ascension_mode":true,"campfire_choices":[{"data":"Streamline","floor":7,"key":"SMITH"},{"floor":11,"key":"REST"},{"floor":13,"key":"REST"},{"data":"Beam Cell","floor":15,"key":"SMITH"},{"floor":23,"key":"REST"}],"neow_cost":"NONE","seed_source_timestamp":616823118594079,"circlet_count":0,"master_deck":["Strike_B","Strike_B","Defend_B","Defend_B","Defend_B","Defend_B","Zap","Dualcast","Conserve Battery","Hologram","Ball Lightning","Streamline+1","Beam Cell+1","Capacitor","Rainbow+1","Turbo+1","All For One","Conserve Battery+1","Streamline+1","Beam Cell+1","Consume+1","Genetic Algorithm+1","Ghostly+1","Ghostly+1","Ghostly+1","Ghostly+1","Ghostly+1"],"relics":["Runic Dome","Omamori","Du-Vu Doll","Toxic Egg 2","Tiny Chest","Pen Nib","Black Star"],"potions_floor_usage":[14],"damage_taken":[{"damage":1,"enemies":"Cultist","floor":1,"turns":3},{"damage":1,"enemies":"Jaw Worm","floor":5,"turns":4},{"damage":31,"enemies":"Gremlin Nob","floor":6,"turns":4},{"damage":28,"enemies":"Lagavulin","floor":8,"turns":4},{"damage":0,"enemies":"2 Louse","floor":10,"turns":2},{"damage":16,"enemies":"Gremlin Nob","floor":14,"turns":3},{"damage":12,"enemies":"Hexaghost","floor":16,"turns":7},{"damage":28,"enemies":"2 Thieves","floor":18,"turns":4},{"damage":13,"enemies":"Spheric Guardian","floor":19,"turns":4},{"damage":22,"enemies":"Centurion and Healer","floor":20,"turns":5},{"damage":27,"enemies":"Gremlin Leader","floor":24,"turns":2}],"seed_played":"-5653127121856660193","potions_obtained":[{"floor":6,"key":"Poison Potion"},{"floor":10,"key":"AttackPotion"}],"is_trial":false,"path_per_floor":["M","$","T","$","M","E","R","E","T","M","R","$","R","?","R","B",null,"M","M","M","?","?","R","E"],"character_chosen":"DEFECT","items_purchased":["Conserve Battery","Hologram","Rainbow+1"],"campfire_rested":3,"item_purchase_floors":[4,4,12],"current_hp_per_floor":[74,74,74,74,73,42,42,14,14,14,36,36,58,42,42,30,75,47,34,12,12,12,23,0],"gold":194,"neow_bonus":"BOSS_RELIC","is_prod":false,"is_daily":false,"chose_seed":false,"campfire_upgraded":2,"win_rate":0,"timestamp":1556947169,"path_taken":["M","$","?","?","?","E","R","E","T","M","R","$","R","?","R","BOSS","M","M","M","?","?","R","E"],"build_version":"2019-01-23","purchased_purges":0,"victory":false,"max_hp_per_floor":[75,75,75,75,75,75,75,75,75,75,75,75,75,75,75,75,75,75,75,75,75,37,37,37],"card_choices":[{"not_picked":["Steam","Sweeping Beam","Melter"],"picked":"SKIP","floor":1},{"not_picked":["Streamline","Steam Power"],"picked":"Ball Lightning","floor":5},{"not_picked":["Leap","Stack"],"picked":"Streamline","floor":6},{"not_picked":["Stack","Compile Driver"],"picked":"Beam Cell","floor":8},{"not_picked":["Beam Cell","Loop"],"picked":"Capacitor","floor":10},{"not_picked":["Hello World","Steam+1"],"picked":"Turbo+1","floor":14},{"not_picked":["Reboot+1","Amplify+1"],"picked":"All For One","floor":16},{"not_picked":["Reinforced Body+1","Turbo+1"],"picked":"Conserve Battery+1","floor":18},{"not_picked":["Recycle+1","Go for the Eyes+1"],"picked":"Streamline+1","floor":19},{"not_picked":["Compile Driver","Conserve Battery+1"],"picked":"Beam Cell+1","floor":20}],"player_experience":566923,"relics_obtained":[{"floor":3,"key":"Omamori"},{"floor":6,"key":"Du-Vu Doll"},{"floor":8,"key":"Toxic Egg 2"},{"floor":9,"key":"Tiny Chest"},{"floor":14,"key":"Pen Nib"}],"event_choices":[{"damage_healed":0,"gold_gain":0,"player_choice":"Searched \u00271\u0027 times","damage_taken":0,"max_hp_gain":0,"max_hp_loss":0,"event_name":"Dead Adventurer","floor":14,"gold_loss":0},{"damage_healed":0,"gold_gain":0,"cards_transformed":["Strike_B","Strike_B"],"player_choice":"Became Test Subject","damage_taken":0,"max_hp_gain":0,"max_hp_loss":0,"event_name":"Drug Dealer","floor":21,"gold_loss":0,"cards_obtained":["Consume","Genetic Algorithm"]},{"damage_healed":0,"gold_gain":0,"player_choice":"Became a Ghost","damage_taken":0,"max_hp_gain":0,"max_hp_loss":38,"event_name":"Ghosts","floor":22,"gold_loss":0,"cards_obtained":["Ghostly","Ghostly","Ghostly","Ghostly","Ghostly"]}],"is_beta":false,"boss_relics":[{"not_picked":["Runic Pyramid","Inserter"],"picked":"Black Star"}],"items_purged_floors":[],"is_endless":false,"potions_floor_spawned":[6,10],"killed_by":"Gremlin Leader","ascension_level":3}