{"gold_per_floor":[214,214,105,105,121,121,151,151,151,162,162,172,172,72,72,167,167,137,157,157,157,32,32,32],"floor_reached":24,"playtime":1190,"items_purged":["Defend_G","Strike_G","Strike_G"],"score":269,"play_id":"cbe16ab0-904c-400a-8c30-1b093ed9e2d0","local_time":"20190507180506","is_ascension_mode":true,"campfire_choices":[{"data":"Footwork","floor":6,"key":"SMITH"},{"floor":8,"key":"REST"},{"data":"Accuracy","floor":13,"key":"SMITH"},{"floor":15,"key":"REST"},{"floor":23,"key":"REST"}],"neow_cost":"NONE","seed_source_timestamp":432660333512168,"circlet_count":0,"master_deck":["Defend_G","Defend_G","Defend_G","Defend_G","Strike_G","Strike_G","Survivor","Neutralize","Backflip","Footwork+1","Blade Dance","Accuracy+1","Cloak And Dagger","Blade Dance+1","Accuracy+1","Footwork+1"],"relics":["Ring of the Snake","Blue Candle","Anchor"],"potions_floor_usage":[12,18,24],"damage_taken":[{"damage":4,"enemies":"Small Slimes","floor":1,"turns":4},{"damage":0,"enemies":"2 Louse","floor":5,"turns":3},{"damage":37,"enemies":"3 Sentries","floor":7,"turns":14},{"damage":3,"enemies":"Cultist","floor":10,"turns":4},{"damage":0,"enemies":"Red Slaver","floor":12,"turns":5},{"damage":51,"enemies":"Slime Boss","floor":16,"turns":18},{"damage":26,"enemies":"2 Thieves","floor":18,"turns":5},{"damage":15,"enemies":"Spheric Guardian","floor":19,"turns":6},{"damage":51,"enemies":"Slavers","floor":24,"turns":5}],"seed_played":"-57194242195908466","potions_obtained":[{"floor":10,"key":"Swift Potion"},{"floor":16,"key":"Block Potion"},{"floor":19,"key":"SkillPotion"}],"is_trial":false,"path_per_floor":["M","?","$","?","M","R","E","R","T","M","$","M","R","$","R","B",null,"M","M","?","?","$","R","E"],"character_chosen":"THE_SILENT","items_purchased":["Footwork"],"campfire_rested":3,"item_purchase_floors":[3],"current_hp_per_floor":[59,64,64,64,64,64,27,49,49,46,46,46,46,46,68,17,61,35,20,20,20,20,42,0],"gold":32,"neow_bonus":"HUNDRED_GOLD","is_prod":false,"is_daily":false,"chose_seed":false,"campfire_upgraded":2,"win_rate":0,"timestamp":1557245106,"path_taken":["M","?","$","?","?","R","E","R","T","M","?","M","R","$","R","BOSS","M","?","?","?","$","R","E"],"build_version":"2019-01-23","purchased_purges":3,"victory":false,"max_hp_per_floor":[70,75,75,75,75,75,75,75,75,75,75,75,75,75,75,75,75,75,75,75,75,75,75,75],"card_choices":[{"not_picked":["Slice","Sucker Punch"],"picked":"Backflip","floor":1},{"not_picked":["Backflip","Deflect"],"picked":"Blade Dance","floor":5},{"not_picked":["Acrobatics","Escape Plan"],"picked":"Accuracy","floor":7},{"not_picked":["Prepared","Leg Sweep","Finisher"],"picked":"SKIP","floor":10},{"not_picked":["Deflect","Leg Sweep"],"picked":"Cloak And Dagger","floor":12},{"not_picked":["Dagger Throw","Quick Slash"],"picked":"Blade Dance+1","floor":18},{"not_picked":["Distraction","Sucker Punch"],"picked":"Accuracy+1","floor":19}],"player_experience":427339,"relics_obtained":[{"floor":7,"key":"Blue Candle"},{"floor":9,"key":"Anchor"}],"event_choices":[{"damage_healed":0,"gold_gain":0,"player_choice":"Donut","damage_taken":0,"max_hp_gain":5,"max_hp_loss":0,"event_name":"Big Fish","floor":2,"gold_loss":0},{"damage_healed":0,"gold_gain":0,"player_choice":"Bought 0 Potions","damage_taken":0,"max_hp_gain":0,"max_hp_loss":0,"event_name":"The Woman in Blue","floor":4,"gold_loss":0},{"cards_removed":["Strike_G"],"damage_healed":0,"gold_gain":0,"player_choice":"Elegance","damage_taken":0,"max_hp_gain":0,"max_hp_loss":0,"event_name":"Back to Basics","floor":20,"gold_loss":0},{"damage_healed":0,"gold_gain":0,"player_choice":"Copied","damage_taken":0,"max_hp_gain":0,"max_hp_loss":0,"event_name":"Duplicator","floor":21,"gold_loss":0,"cards_obtained":["Footwork"]}],"is_beta":false,"boss_relics":[{"not_picked":["Runic Dome","Coffee Dripper","Fusion Hammer"]}],"items_purged_floors":[3,14,22],"is_endless":false,"potions_floor_spawned":[10,16,19],"killed_by":"Slavers","ascension_level":8}