{"gold_per_floor":[119,269,269,269,286,286,319,319,319,379,398,40,55,72,72,144,144,160,160,177,177],"floor_reached":21,"playtime":854,"items_purged":["Doubt"],"score":407,"play_id":"f9ba20d0-5826-4f29-8968-12c22fa298c6","local_time":"20190507193134","is_ascension_mode":true,"campfire_choices":[{"data":"Backstab","floor":6.0,"key":"SMITH"},{"data":"Poisoned Stab","floor":8.0,"key":"SMITH"},{"data":"Calculated Gamble","floor":15.0,"key":"SMITH"}],"neow_cost":"NONE","seed_source_timestamp":33880642271863,"circlet_count":0,"master_deck":["AscendersBane","Defend_G","Defend_G","Defend_G","Defend_G","Defend_G","Strike_G","Strike_G","Strike_G","Strike_G","Survivor","Neutralize","Blur","Backstab+1","Expertise","Poisoned Stab+1","Dagger Spray","Calculated Gamble+1","Acrobatics","Calculated Gamble","Concentrate","Grand Finale","Backflip","Well Laid Plans","Prepared","Leg Sweep","Escape Plan","Eviscerate"],"special_seed":0,"relics":["Ring of the Snake","NeowsBlessing","StoneCalendar","Regal Pillow","Meat on the Bone","Tiny Chest","Medical Kit","Orrery"],"potions_floor_usage":[16,21],"damage_taken":[{"damage":0.0,"enemies":"Jaw Worm","floor":1.0,"turns":1.0},{"damage":0.0,"enemies":"Small Slimes","floor":5.0,"turns":1.0},{"damage":0.0,"enemies":"3 Sentries","floor":7.0,"turns":1.0},{"damage":15.0,"enemies":"Lagavulin","floor":10.0,"turns":7.0},{"damage":0.0,"enemies":"2 Louse","floor":11.0,"turns":1.0},{"damage":5.0,"enemies":"Blue Slaver","floor":13.0,"turns":5.0},{"damage":9.0,"enemies":"3 Louse","floor":14.0,"turns":3.0},{"damage":26,"enemies":"Hexaghost","floor":16,"turns":13},{"damage":20,"enemies":"Shell Parasite","floor":18,"turns":7},{"damage":17,"enemies":"2 Thieves","floor":20,"turns":3},{"damage":18,"enemies":"3 Cultists","floor":21,"turns":3}],"seed_played":"-1777510089068015217","potions_obtained":[{"floor":1.0,"key":"GhostInAJar"},{"floor":7.0,"key":"Weak Potion"},{"floor":14.0,"key":"EssenceOfSteel"},{"floor":16,"key":"GamblersBrew"},{"floor":20,"key":"FearPotion"}],"is_trial":false,"path_per_floor":["M","?","?","?","M","R","E","R","T","E","M","$","M","M","R","B",null,"M","?","M","M"],"character_chosen":"THE_SILENT","items_purchased":["Medical Kit","Acrobatics"],"campfire_rested":0,"item_purchase_floors":[12,12],"current_hp_per_floor":[59,59,59,33,33,33,33,33,33,30,42,42,37,40,40,26,56,36,36,31,13],"gold":177,"neow_bonus":"THREE_ENEMY_KILL","is_prod":false,"is_daily":false,"chose_seed":false,"campfire_upgraded":3,"win_rate":0,"timestamp":1557225094,"path_taken":["M","?","?","?","M","R","E","R","T","E","?","$","M","M","R","BOSS","M","?","M","M"],"build_version":"2019-01-23","purchased_purges":1,"victory":false,"max_hp_per_floor":[66,66,66,66,66,66,66,66,66,66,66,66,66,66,66,66,66,66,66,66,66],"card_choices":[{"not_picked":["Masterful Stab","Slice"],"picked":"Blur","floor":1.0},{"not_picked":["Outmaneuver","Slice"],"picked":"Expertise","floor":5.0},{"not_picked":["Cloak And Dagger","Predator"],"picked":"Poisoned Stab","floor":7.0},{"not_picked":["PiercingWail","Dodge and Roll"],"picked":"Dagger Spray","floor":10.0},{"not_picked":["Backflip","Deadly Poison"],"picked":"Calculated Gamble","floor":11.0},{"not_picked":["Flying Knee","Cloak And Dagger"],"picked":"Calculated Gamble","floor":13.0},{"not_picked":["Poisoned Stab","Deadly Poison"],"picked":"Concentrate","floor":14.0},{"not_picked":["Venomology","Malaise"],"picked":"Grand Finale","floor":16},{"not_picked":["Prepared","Escape Plan"],"picked":"Backflip","floor":17},{"not_picked":["Quick Slash","Endless Agony"],"picked":"Well Laid Plans","floor":17},{"not_picked":["Dagger Throw","Outmaneuver"],"picked":"Prepared","floor":17},{"not_picked":["Riddle With Holes","Bane"],"picked":"Leg Sweep","floor":17},{"not_picked":["Caltrops","Sucker Punch"],"picked":"Escape Plan","floor":18},{"not_picked":["Dagger Spray","Deadly Poison"],"picked":"Eviscerate","floor":20}],"player_experience":757185,"relics_obtained":[{"floor":7.0,"key":"Regal Pillow"},{"floor":9.0,"key":"Meat on the Bone"},{"floor":10.0,"key":"Tiny Chest"}],"event_choices":[{"damage_healed":0.0,"max_hp_gain":0.0,"max_hp_loss":0.0,"gold_gain":150.0,"event_name":"Liars Game","player_choice":"AGREE","floor":2.0,"gold_loss":0.0,"damage_taken":0.0,"cards_obtained":["Doubt"]},{"damage_healed":0.0,"max_hp_gain":0.0,"max_hp_loss":0.0,"gold_gain":0.0,"cards_transformed":["Strike_G"],"event_name":"Living Wall","player_choice":"Change","floor":3.0,"gold_loss":0.0,"damage_taken":0.0,"cards_obtained":["Backstab"]},{"damage_healed":0.0,"max_hp_gain":0.0,"max_hp_loss":0.0,"gold_gain":0.0,"event_name":"Scrap Ooze","player_choice":"Success","floor":4.0,"gold_loss":0.0,"damage_taken":26.0,"relics_obtained":["StoneCalendar"]},{"damage_healed":0,"gold_gain":0,"player_choice":"Ignored","damage_taken":0,"max_hp_gain":0,"max_hp_loss":0,"event_name":"Vampires","floor":19,"gold_loss":0}],"is_beta":false,"boss_relics":[{"not_picked":["Ring of the Serpent","Lizard Tail"],"picked":"Orrery"}],"items_purged_floors":[12],"is_endless":false,"potions_floor_spawned":[1,7,14,16,20],"killed_by":"3 Cultists","ascension_level":18}