{"gold_per_floor":[119,136,211,227,227,227,242,242,242,256,284,32,59,72,72,72],"floor_reached":16,"playtime":669,"items_purged":[],"score":112,"play_id":"f0418a49-2fb0-40bc-96fc-dce22c228230","local_time":"20190502130610","is_ascension_mode":false,"campfire_choices":[{"data":"Survivor","floor":6,"key":"SMITH"},{"floor":8,"key":"RECALL"},{"data":"Footwork","floor":15,"key":"SMITH"}],"neow_cost":"NONE","seed_source_timestamp":463573697349122,"circlet_count":0,"master_deck":["Defend_G","Defend_G","Defend_G","Defend_G","Defend_G","Strike_G","Strike_G","Strike_G","Strike_G","Strike_G","Survivor+1","Neutralize+1","Footwork+1","Dash","Die Die Die","Cloak And Dagger"],"relics":["Ring of the Snake","The Courier","Mercury Hourglass","Dream Catcher","Singing Bowl","Blood Vial"],"potions_floor_usage":[11,16,16,16],"damage_taken":[{"damage":0,"enemies":"Small Slimes","floor":1,"turns":3},{"damage":0,"enemies":"2 Louse","floor":2,"turns":3},{"damage":0,"enemies":"Cultist","floor":4,"turns":4},{"damage":5,"enemies":"Looter","floor":7,"turns":3},{"damage":0,"enemies":"Large Slime","floor":10,"turns":6},{"damage":7,"enemies":"Lagavulin","floor":11,"turns":8},{"damage":10,"enemies":"Gremlin Nob","floor":13,"turns":5},{"damage":0,"enemies":"Exordium Wildlife","floor":14,"turns":2},{"damage":41,"enemies":"Hexaghost","floor":16,"turns":16}],"seed_played":"8029688242612209926","potions_obtained":[{"floor":4,"key":"Weak Potion"},{"floor":7,"key":"Dexterity Potion"},{"floor":11,"key":"Energy Potion"},{"floor":13,"key":"EssenceOfSteel"}],"is_trial":false,"path_per_floor":["M","M","?","M","?","R","M","R","T","M","E","$","E","M","R","B"],"character_chosen":"THE_SILENT","items_purchased":["Dash","Singing Bowl"],"campfire_rested":0,"item_purchase_floors":[12,12],"current_hp_per_floor":[70,70,59,59,59,59,54,54,54,54,47,47,37,39,39,0],"gold":72,"neow_bonus":"UPGRADE_CARD","is_prod":false,"is_daily":false,"chose_seed":false,"campfire_upgraded":2,"win_rate":0,"timestamp":1556773570,"path_taken":["M","M","?","M","?","R","M","R","T","M","E","$","E","M","R","BOSS"],"build_version":"2019-01-23","purchased_purges":0,"victory":false,"max_hp_per_floor":[70,70,70,70,70,70,70,70,70,70,70,70,70,70,70,70],"card_choices":[{"not_picked":["Sucker Punch","Acrobatics","Dagger Throw"],"picked":"SKIP","floor":1},{"not_picked":["Sucker Punch","Deadly Poison"],"picked":"Calculated Gamble","floor":2},{"not_picked":["Calculated Gamble","Accuracy","Blade Dance"],"picked":"SKIP","floor":4},{"not_picked":["Sucker Punch","Eviscerate","Quick Slash"],"picked":"SKIP","floor":7},{"not_picked":["Setup","Grand Finale","Prepared"],"picked":"SKIP","floor":10},{"not_picked":["Concentrate","Heel Hook"],"picked":"Footwork","floor":11},{"not_picked":["A Thousand Cuts","Slice"],"picked":"Die Die Die","floor":13},{"not_picked":["Choke","Flying Knee"],"picked":"Cloak And Dagger","floor":14}],"player_experience":464945,"relics_obtained":[{"floor":9,"key":"Mercury Hourglass"},{"floor":11,"key":"Dream Catcher"},{"floor":13,"key":"Blood Vial"}],"event_choices":[{"damage_healed":0,"gold_gain":75,"player_choice":"Gather Gold","damage_taken":11,"max_hp_gain":0,"max_hp_loss":0,"event_name":"World of Goop","floor":3,"gold_loss":0},{"cards_removed":["Calculated Gamble"],"damage_healed":0,"gold_gain":0,"player_choice":"Gave Card","damage_taken":0,"relics_obtained":["The Courier"],"max_hp_gain":0,"max_hp_loss":0,"event_name":"WeMeetAgain","floor":5,"gold_loss":0}],"is_beta":false,"boss_relics":[],"items_purged_floors":[],"is_endless":false,"potions_floor_spawned":[4,7,11,13],"killed_by":"Hexaghost","ascension_level":0}