{"gold_per_floor":[410,421,596,614,629,629,646,646,695,709,709,709,729,729,729,829,829,844,653,653,189,207,259,259,275,275,288,213,227,244,263,263,360,360,373,30,0,17,41,41,60,60,85,85,114,114,129,141,141,141],"floor_reached":51,"playtime":2617,"items_purged":["Doubt","Strike_G","Clumsy"],"score":748,"play_id":"b060aa8f-f216-4317-b9c6-f7d4fc954286","local_time":"20190401133331","is_ascension_mode":false,"campfire_choices":[{"data":"Neutralize","floor":6.0,"key":"SMITH"},{"data":"Concentrate","floor":8.0,"key":"SMITH"},{"data":"Adrenaline","floor":12.0,"key":"SMITH"},{"data":"Skewer","floor":15.0,"key":"SMITH"},{"data":"Concentrate","floor":24.0,"key":"SMITH"},{"floor":32.0,"key":"REST"},{"data":"Calculated Gamble","floor":40.0,"key":"SMITH"},{"data":"Neutralize","floor":42.0,"key":"SMITH"},{"data":"Accuracy","floor":44.0,"key":"SMITH"},{"data":"Phantasmal Killer","floor":46.0,"key":"SMITH"},{"floor":49,"key":"REST"}],"neow_cost":"CURSE","seed_source_timestamp":3495475464401,"circlet_count":0,"master_deck":["Defend_G","Defend_G","Defend_G","Defend_G","Defend_G","Survivor","Neutralize+1","Dagger Spray","Skewer+1","Concentrate+1","Expertise","Adrenaline+1","Backflip","Neutralize+1","Unload","Burst","Concentrate+1","Adrenaline+1","Concentrate","Accuracy+1","Cloak And Dagger","Well Laid Plans","Noxious Fumes","Backflip","Outmaneuver+1","Phantasmal Killer+1","Cloak And Dagger+1","Flying Knee+1","Predator+1","Outmaneuver+1","Trip","Blade Dance","Calculated Gamble+1","Quick Slash+1","Finisher+1"],"special_seed":0,"relics":["Ring of the Snake","Old Coin","Bag of Preparation","Gremlin Horn","Philosopher\u0027s Stone","Tiny Chest","Bottled Lightning","DollysMirror","Orichalcum","Bottled Flame","Astrolabe","Red Mask","Smiling Mask","Oddly Smooth Stone","Pen Nib"],"potions_floor_usage":[50,50,50],"damage_taken":[{"damage":9.0,"enemies":"Jaw Worm","floor":1.0,"turns":7.0},{"damage":0.0,"enemies":"2 Louse","floor":2.0,"turns":2.0},{"damage":0.0,"enemies":"Cultist","floor":4.0,"turns":3.0},{"damage":6.0,"enemies":"Gremlin Gang","floor":5.0,"turns":4.0},{"damage":3.0,"enemies":"Exordium Thugs","floor":7.0,"turns":3.0},{"damage":1.0,"enemies":"Red Slaver","floor":10.0,"turns":3.0},{"damage":5.0,"enemies":"Blue Slaver","floor":13.0,"turns":3.0},{"damage":27.0,"enemies":"Hexaghost","floor":16.0,"turns":11.0},{"damage":0.0,"enemies":"Chosen","floor":18.0,"turns":3.0},{"damage":3.0,"enemies":"Shell Parasite","floor":22.0,"turns":3.0},{"damage":0.0,"enemies":"Centurion and Healer","floor":25.0,"turns":4.0},{"damage":13.0,"enemies":"Snecko","floor":27.0,"turns":5.0},{"damage":14.0,"enemies":"Snake Plant","floor":29.0,"turns":5.0},{"damage":0.0,"enemies":"Shelled Parasite and Fungi","floor":30.0,"turns":2.0},{"damage":1.0,"enemies":"Cultist and Chosen","floor":31.0,"turns":5.0},{"damage":50.0,"enemies":"Champ","floor":33.0,"turns":15.0},{"damage":0.0,"enemies":"3 Shapes","floor":35.0,"turns":2.0},{"damage":0.0,"enemies":"3 Darklings","floor":38.0,"turns":4.0},{"damage":1.0,"enemies":"Jaw Worm Horde","floor":41.0,"turns":4.0},{"damage":4.0,"enemies":"Giant Head","floor":45.0,"turns":5.0},{"damage":8.0,"enemies":"4 Shapes","floor":47.0,"turns":5.0},{"damage":28,"enemies":"Transient","floor":48,"turns":5},{"damage":30,"enemies":"Awakened One","floor":50,"turns":8}],"seed_played":"-5531931905190589223","potions_obtained":[{"floor":1.0,"key":"SteroidPotion"},{"floor":7.0,"key":"GhostInAJar"},{"floor":10.0,"key":"PowerPotion"},{"floor":16.0,"key":"Fruit Juice"},{"floor":22.0,"key":"GamblersBrew"},{"floor":27.0,"key":"GhostInAJar"},{"floor":33.0,"key":"Regen Potion"},{"floor":35.0,"key":"FearPotion"},{"floor":38.0,"key":"EssenceOfSteel"},{"floor":48,"key":"Strength Potion"}],"is_trial":false,"path_per_floor":["M","M","?","M","M","R","M","R","T","M","?","R","M","?","R","B",null,"M","$","T","$","M","T","R","M","T","M","?","M","M","M","R","B",null,"M","$","?","M","T","R","M","R","T","R","E","R","M","M","R","B",null],"character_chosen":"THE_SILENT","items_purchased":["Tiny Chest","DollysMirror","Concentrate","Accuracy","Cloak And Dagger","Trip","GhostInAJar","Blade Dance"],"campfire_rested":2,"item_purchase_floors":[19,21,21,21,21,36,36,36],"current_hp_per_floor":[61,61,61,61,55,55,52,52,52,51,33,33,28,28,28,6,75,75,75,75,75,72,72,72,72,72,59,59,45,45,44,66,16,75,75,75,75,75,75,75,74,74,74,74,70,70,62,34,56,41],"gold":141,"neow_bonus":"ONE_RARE_RELIC","is_prod":false,"is_daily":false,"chose_seed":false,"campfire_upgraded":9,"win_rate":0,"timestamp":1554147211,"path_taken":["M","M","?","M","M","R","M","R","T","M","?","R","M","?","R","BOSS","M","$","?","$","?","?","R","M","T","?","?","M","M","M","R","BOSS","M","$","?","M","?","R","M","R","T","R","E","R","M","M","R","BOSS"],"build_version":"2019-01-23","purchased_purges":3,"victory":true,"max_hp_per_floor":[70,70,70,70,70,70,70,70,70,70,70,70,70,70,70,75,75,75,75,75,75,75,75,75,75,75,75,75,75,75,75,75,75,75,75,75,75,75,75,75,75,75,75,75,75,75,75,75,75,75],"card_choices":[{"not_picked":["Deflect","Dodge and Roll"],"picked":"Dagger Spray","floor":1.0},{"not_picked":["Flying Knee","Underhanded Strike"],"picked":"Skewer","floor":2.0},{"not_picked":["Blade Dance","Slice"],"picked":"Concentrate","floor":4.0},{"not_picked":["Outmaneuver","Reflex"],"picked":"Expertise","floor":5.0},{"not_picked":["Underhanded Strike","Cloak And Dagger"],"picked":"Adrenaline","floor":7.0},{"not_picked":["Bane","Slice","Setup"],"picked":"SKIP","floor":10.0},{"not_picked":["PiercingWail","Concentrate"],"picked":"Backflip","floor":13.0},{"not_picked":["Wraith Form v2","Storm of Steel"],"picked":"Burst","floor":16.0},{"not_picked":["Blade Dance","Dodge and Roll+1"],"picked":"Concentrate","floor":18.0},{"not_picked":["Flying Knee","Flechettes+1","Dagger Throw"],"picked":"SKIP","floor":22.0},{"not_picked":["Bouncing Flask","Predator"],"picked":"Well Laid Plans","floor":25.0},{"not_picked":["Acrobatics","Corpse Explosion"],"picked":"Noxious Fumes","floor":27.0},{"not_picked":["Eviscerate","Calculated Gamble","Well Laid Plans"],"picked":"SKIP","floor":29.0},{"not_picked":["Terror","Dodge and Roll"],"picked":"Backflip","floor":30.0},{"not_picked":["Terror+1","Backstab"],"picked":"Outmaneuver+1","floor":31.0},{"not_picked":["Corpse Explosion","Adrenaline"],"picked":"Phantasmal Killer","floor":33.0},{"not_picked":["Flechettes+1","Dagger Throw"],"picked":"Outmaneuver+1","floor":35.0},{"not_picked":["Blur+1","Bane"],"picked":"Calculated Gamble","floor":38.0},{"not_picked":["Expertise","Infinite Blades"],"picked":"Quick Slash+1","floor":41.0},{"not_picked":["Backflip+1","Dagger Spray+1"],"picked":"Finisher+1","floor":45.0},{"not_picked":["Finisher+1","Blade Dance","Dagger Spray+1"],"picked":"SKIP","floor":47.0},{"not_picked":["Dodge and Roll","Cloak And Dagger","Poisoned Stab"],"picked":"SKIP","floor":48}],"player_experience":1150790,"relics_obtained":[{"floor":9.0,"key":"Bag of Preparation"},{"floor":20.0,"key":"Bottled Lightning"},{"floor":23.0,"key":"Orichalcum"},{"floor":26.0,"key":"Bottled Flame"},{"floor":39.0,"key":"Smiling Mask"},{"floor":43.0,"key":"Oddly Smooth Stone"},{"floor":45.0,"key":"Pen Nib"}],"event_choices":[{"damage_healed":0.0,"max_hp_gain":0.0,"max_hp_loss":0.0,"gold_gain":175.0,"event_name":"Liars Game","player_choice":"AGREE","floor":3.0,"gold_loss":0.0,"damage_taken":0.0,"cards_obtained":["Doubt"]},{"damage_healed":0.0,"max_hp_gain":0.0,"max_hp_loss":0.0,"gold_gain":0.0,"event_name":"Scrap Ooze","player_choice":"Success","floor":11.0,"gold_loss":0.0,"damage_taken":18.0,"relics_obtained":["Gremlin Horn"]},{"damage_healed":0.0,"max_hp_gain":0.0,"max_hp_loss":0.0,"gold_gain":0.0,"event_name":"Match and Keep!","player_choice":"2 cards matched","floor":14.0,"gold_loss":0.0,"damage_taken":0.0,"cards_obtained":["Neutralize","Unload"]},{"cards_removed":["Strike_G"],"damage_healed":0.0,"max_hp_gain":0.0,"max_hp_loss":0.0,"gold_gain":0.0,"event_name":"Beggar","player_choice":"Gave Gold","floor":28.0,"gold_loss":75.0,"damage_taken":0.0},{"damage_healed":0.0,"max_hp_gain":0.0,"max_hp_loss":0.0,"gold_gain":0.0,"event_name":"Tomb of Lord Red Mask","player_choice":"Paid","floor":37.0,"gold_loss":30.0,"damage_taken":0.0,"relics_obtained":["Red Mask"]}],"is_beta":false,"boss_relics":[{"not_picked":["Empty Cage","Coffee Dripper"],"picked":"Philosopher\u0027s Stone"},{"not_picked":["Calling Bell","Velvet Choker"],"picked":"Astrolabe"}],"items_purged_floors":[19,21,36],"is_endless":false,"potions_floor_spawned":[1,7,10,16,22,27,33,35,38,48],"ascension_level":0}