{"gold_per_floor":[367,244,257,257,269,303,313,313,313,313,149,159,15,48,48,145,145,161,12,31,48,63,94,113,139,151,163,200,212,53,53,53,156,156,174,28,28,0,16,16,31,31,57,85,85,85,105,105,105,105],"floor_reached":51,"playtime":1863,"items_purged":["Decay","Strike_R","Defend_R","Strike_R","Strike_R"],"score":748,"play_id":"fc9c356c-1759-4c0e-8fac-841b8a11e7a2","local_time":"20190506002553","is_ascension_mode":false,"campfire_choices":[{"data":"Clothesline","floor":8.0,"key":"SMITH"},{"data":"Bash","floor":10.0,"key":"SMITH"},{"data":"Inflame","floor":15.0,"key":"SMITH"},{"data":"Flame Barrier","floor":27.0,"key":"SMITH"},{"data":"Limit Break","floor":29.0,"key":"SMITH"},{"data":"Fiend Fire","floor":32,"key":"SMITH"},{"data":"Disarm","floor":40,"key":"SMITH"},{"data":"True Grit","floor":42,"key":"SMITH"},{"data":"Intimidate","floor":46,"key":"SMITH"},{"data":"Apotheosis","floor":49,"key":"SMITH"}],"neow_cost":"CURSE","seed_source_timestamp":156258488227000,"circlet_count":0,"master_deck":["Strike_R","Strike_R","Defend_R","Defend_R","Defend_R","Bash+1","Pommel Strike","Armaments+1","True Grit+1","Clothesline+1","Rampage","Inflame+1","Disarm+1","Flame Barrier+1","Metallicize","True Grit","Limit Break+1","Fiend Fire+1","Warcry+1","Feed","Dual Wield+1","Intimidate+1","Headbutt","Feel No Pain","RitualDagger","Impervious","Power Through+1","Dark Shackles","Madness","Madness","Headbutt+1","Combust","Apotheosis+1"],"special_seed":0,"relics":["Burning Blood","Centennial Puzzle","Smiling Mask","Question Card","Coffee Dripper","Vajra","Pantograph","MawBank","PreservedInsect","Bronze Scales","Runic Dome","Red Mask","Regal Pillow","Blood Vial"],"potions_floor_usage":[33,44,50,50],"damage_taken":[{"damage":7.0,"enemies":"2 Louse","floor":1.0,"turns":3.0},{"damage":1.0,"enemies":"Cultist","floor":3.0,"turns":4.0},{"damage":0.0,"enemies":"Jaw Worm","floor":5.0,"turns":5.0},{"damage":14.0,"enemies":"3 Sentries","floor":6.0,"turns":5.0},{"damage":2.0,"enemies":"Blue Slaver","floor":7.0,"turns":3.0},{"damage":3.0,"enemies":"Looter","floor":12.0,"turns":4.0},{"damage":25.0,"enemies":"Lagavulin","floor":14.0,"turns":7.0},{"damage":18.0,"enemies":"The Guardian","floor":16.0,"turns":10.0},{"damage":6.0,"enemies":"Chosen","floor":18.0,"turns":5.0},{"damage":8.0,"enemies":"Shell Parasite","floor":20.0,"turns":6.0},{"damage":8.0,"enemies":"Cultist and Chosen","floor":21.0,"turns":4.0},{"damage":13.0,"enemies":"Snake Plant","floor":22.0,"turns":3.0},{"damage":23.0,"enemies":"Slavers","floor":23.0,"turns":7.0},{"damage":25.0,"enemies":"3 Cultists","floor":24.0,"turns":6.0},{"damage":16.0,"enemies":"Gremlin Leader","floor":25.0,"turns":8.0},{"damage":28,"enemies":"Champ","floor":33,"turns":8},{"damage":1,"enemies":"Orb Walker","floor":35,"turns":5},{"damage":2,"enemies":"3 Darklings","floor":39,"turns":7},{"damage":8,"enemies":"4 Shapes","floor":41,"turns":4},{"damage":11,"enemies":"Giant Head","floor":44,"turns":6},{"damage":14,"enemies":"Spire Growth","floor":47,"turns":6},{"damage":24,"enemies":"Time Eater","floor":50,"turns":11}],"seed_played":"6040446236140737354","potions_obtained":[{"floor":1.0,"key":"Strength Potion"},{"floor":5.0,"key":"PowerPotion"},{"floor":6.0,"key":"LiquidBronze"},{"floor":14.0,"key":"Weak Potion"},{"floor":21.0,"key":"Block Potion"},{"floor":24.0,"key":"Strength Potion"},{"floor":33,"key":"Block Potion"},{"floor":35,"key":"Poison Potion"},{"floor":39,"key":"SteroidPotion"},{"floor":47,"key":"Dexterity Potion"}],"is_trial":false,"path_per_floor":["M","$","M","?","M","E","M","R","T","R","$","M","$","E","R","B",null,"M","$","M","M","M","E","M","E","T","R","T","R","$","?","R","B",null,"M","$","?","?","M","R","M","R","T","E","?","R","M","?","R","B",null],"character_chosen":"IRONCLAD","items_purchased":["Armaments","Inflame","Disarm","Metallicize","True Grit","Vajra","Feel No Pain","Strength Potion","Dark Shackles"],"campfire_rested":0,"item_purchase_floors":[2,11,11,13,13,19,30,30,36],"current_hp_per_floor":[79,79,80,80,80,72,76,76,76,76,76,79,79,60,60,48,80,80,80,78,76,69,52,37,30,30,30,30,30,30,24,24,27,87,87,87,76,76,80,80,81,81,81,76,76,76,70,70,70,72],"gold":105,"neow_bonus":"TWO_FIFTY_GOLD","is_prod":false,"is_daily":false,"chose_seed":false,"campfire_upgraded":10,"win_rate":1,"timestamp":1557127553,"path_taken":["M","$","M","?","M","E","M","R","T","R","$","M","$","E","R","BOSS","M","$","M","M","M","E","M","E","T","R","?","R","$","?","R","BOSS","M","$","?","?","M","R","M","R","T","E","?","R","?","?","R","BOSS"],"build_version":"2019-01-23","purchased_purges":5,"victory":true,"max_hp_per_floor":[80,80,80,80,80,80,80,80,80,80,80,80,80,80,80,80,80,80,80,80,80,80,80,84,87,87,87,87,87,87,87,87,87,87,87,87,87,87,87,87,90,90,90,90,90,90,90,90,90,90],"card_choices":[{"not_picked":["True Grit","Pummel"],"picked":"Pommel Strike","floor":1.0},{"not_picked":["Sword Boomerang","Corruption"],"picked":"True Grit","floor":3.0},{"not_picked":["Evolve","Armaments","Bloodletting"],"picked":"SKIP","floor":5.0},{"not_picked":["Iron Wave","True Grit"],"picked":"Clothesline","floor":6.0},{"not_picked":["Rage","Perfected Strike"],"picked":"Rampage","floor":7.0},{"not_picked":["True Grit","Dropkick"],"picked":"Flame Barrier","floor":12.0},{"not_picked":["Reckless Charge","Flame Barrier"],"picked":"Limit Break","floor":14.0},{"not_picked":["Offering","Berserk","Brutality"],"picked":"Fiend Fire","floor":16.0},{"not_picked":["Sword Boomerang","Clash","Bloodletting+1","Rampage"],"picked":"SKIP","floor":18.0},{"not_picked":["Rage+1","Armaments","Wild Strike"],"picked":"Warcry+1","floor":20.0},{"not_picked":["Body Slam","Reckless Charge","Evolve","Iron Wave"],"picked":"SKIP","floor":21.0},{"not_picked":["Blood for Blood+1","Second Wind","Pommel Strike"],"picked":"Feed","floor":22.0},{"not_picked":["Warcry","Barricade","Wild Strike"],"picked":"Dual Wield+1","floor":23.0},{"not_picked":["Iron Wave","Wild Strike","Cleave"],"picked":"Intimidate","floor":24.0},{"not_picked":["Searing Blow","Demon Form","Armaments"],"picked":"Headbutt","floor":25.0},{"not_picked":["Limit Break","Demon Form","Bludgeon"],"picked":"Impervious","floor":33},{"not_picked":["Sword Boomerang","Cleave+1","Dropkick"],"picked":"Power Through+1","floor":35},{"not_picked":["Blood for Blood","Combust+1","Thunderclap","Heavy Blade"],"picked":"SKIP","floor":39},{"not_picked":["Rampage","Armaments+1","Sentinel"],"picked":"Headbutt+1","floor":41},{"not_picked":["Evolve+1","Second Wind+1","Sword Boomerang","Thunderclap+1"],"picked":"SKIP","floor":44},{"not_picked":["Thunderclap+1","Wild Strike+1","Iron Wave","Intimidate"],"picked":"SKIP","floor":47},{"not_picked":["PanicButton","Mayhem","Jack Of All Trades"],"picked":"Apotheosis","floor":48}],"player_experience":717584,"relics_obtained":[{"floor":6.0,"key":"Centennial Puzzle"},{"floor":9.0,"key":"Smiling Mask"},{"floor":14.0,"key":"Question Card"},{"floor":23.0,"key":"Pantograph"},{"floor":25.0,"key":"MawBank"},{"floor":26.0,"key":"PreservedInsect"},{"floor":28.0,"key":"Bronze Scales"},{"floor":43,"key":"Regal Pillow"},{"floor":44,"key":"Blood Vial"}],"event_choices":[{"damage_healed":0.0,"max_hp_gain":0.0,"max_hp_loss":0.0,"gold_gain":0.0,"event_name":"Accursed Blacksmith","player_choice":"Forge","floor":4.0,"gold_loss":0.0,"damage_taken":0.0,"cards_upgraded":["Armaments"]},{"damage_healed":0,"gold_gain":0,"player_choice":"Joined the Cult","damage_taken":6,"max_hp_gain":0,"max_hp_loss":0,"event_name":"Nest","floor":31,"gold_loss":0,"cards_obtained":["RitualDagger"]},{"damage_healed":0,"gold_gain":0,"player_choice":"Embrace Madness","damage_taken":11,"max_hp_gain":0,"max_hp_loss":0,"event_name":"Winding Halls","floor":37,"gold_loss":0,"cards_obtained":["Madness","Madness"]},{"damage_healed":0,"gold_gain":0,"player_choice":"Paid","damage_taken":0,"relics_obtained":["Red Mask"],"max_hp_gain":0,"max_hp_loss":0,"event_name":"Tomb of Lord Red Mask","floor":38,"gold_loss":28},{"damage_healed":0,"gold_gain":0,"player_choice":"1 cards matched","damage_taken":0,"max_hp_gain":0,"max_hp_loss":0,"event_name":"Match and Keep!","floor":45,"gold_loss":0,"cards_obtained":["Combust"]},{"damage_healed":0,"gold_gain":0,"player_choice":"Memory 1","damage_taken":0,"max_hp_gain":0,"max_hp_loss":0,"event_name":"SensoryStone","floor":48,"gold_loss":0}],"is_beta":false,"boss_relics":[{"not_picked":["Philosopher\u0027s Stone","Orrery"],"picked":"Coffee Dripper"},{"not_picked":["Sozu","Snecko Eye"],"picked":"Runic Dome"}],"items_purged_floors":[2,11,13,30,36],"is_endless":false,"potions_floor_spawned":[1,5,6,14,21,24,33,35,39,47],"ascension_level":0}