{"gold_per_floor":[111,111,111,111,123,149,149,174,174,206,306,306,319,333,333,436,436,447,458,458,473,473,473,490,522,548,562,562,562,661,661,661,764,764,782,882,495,495,495,495,513,513,513,540,48,48,79,98,98,98],"floor_reached":51,"playtime":7739,"items_purged":["Blood for Blood","Rupture"],"score":953,"play_id":"55fd855e-4b2b-4e9f-ab0e-e861a90c4b29","local_time":"20190221225808","is_ascension_mode":true,"campfire_choices":[{"data":"Pommel Strike","floor":7,"key":"SMITH"},{"floor":12,"key":"REST"},{"data":"Inflame","floor":15,"key":"SMITH"},{"data":"Shockwave","floor":23,"key":"SMITH"},{"floor":28,"key":"REST"},{"data":"Pommel Strike","floor":32,"key":"SMITH"},{"data":"Whirlwind","floor":40,"key":"SMITH"},{"data":"Rampage","floor":42,"key":"SMITH"},{"data":"Evolve","floor":46,"key":"SMITH"},{"data":"Bash","floor":49,"key":"SMITH"}],"neow_cost":"NONE","seed_source_timestamp":264587018339182,"circlet_count":0,"master_deck":["Bash+1","Inflame+1","Pommel Strike+1","Iron Wave","Shockwave+1","Ghostly Armor","True Grit+1","Rampage+1","Twin Strike","Double Tap+1","Pommel Strike+1","Shrug It Off+1","Iron Wave+1","Reaper","Hemokinesis","Shrug It Off+1","Bloodletting+1","Shrug It Off+1","Metallicize","Shrug It Off+1","Whirlwind+1","Blind+1","Evolve+1","Exhume+1"],"relics":["Burning Blood","NeowsBlessing","Blue Candle","Strawberry","Orichalcum","Toxic Egg 2","Philosopher\u0027s Stone","StoneCalendar","Juzu Bracelet","Vajra","Pandora\u0027s Box","Unceasing Top","Sundial","Ginger","Letter Opener","Pantograph","Centennial Puzzle"],"potions_floor_usage":[10,19,21,25],"damage_taken":[{"damage":0,"enemies":"Jaw Worm","floor":1,"turns":1},{"damage":0,"enemies":"Small Slimes","floor":5,"turns":1},{"damage":0,"enemies":"Lagavulin","floor":6,"turns":1},{"damage":52,"enemies":"3 Sentries","floor":8,"turns":7},{"damage":20,"enemies":"Gremlin Nob","floor":10,"turns":5},{"damage":0,"enemies":"Cultist","floor":13,"turns":3},{"damage":3,"enemies":"Exordium Wildlife","floor":14,"turns":4},{"damage":47,"enemies":"The Guardian","floor":16,"turns":11},{"damage":18,"enemies":"Spheric Guardian","floor":18,"turns":4},{"damage":6,"enemies":"2 Thieves","floor":19,"turns":3},{"damage":9,"enemies":"Snake Plant","floor":21,"turns":4},{"damage":2,"enemies":"Snecko","floor":24,"turns":4},{"damage":33,"enemies":"Slavers","floor":25,"turns":6},{"damage":4,"enemies":"Chosen and Byrds","floor":27,"turns":4},{"damage":16,"enemies":"Champ","floor":33,"turns":7},{"damage":6,"enemies":"3 Shapes","floor":35,"turns":7},{"damage":6,"enemies":"Mind Bloom Boss Battle","floor":36,"turns":6},{"damage":16,"enemies":"3 Darklings","floor":41,"turns":7},{"damage":19,"enemies":"Nemesis","floor":44,"turns":7},{"damage":24,"enemies":"Reptomancer","floor":47,"turns":5},{"damage":8,"enemies":"Sphere and 2 Shapes","floor":48,"turns":4},{"damage":51,"enemies":"Awakened One","floor":50,"turns":11}],"seed_played":"-5266283687118970616","potions_obtained":[{"floor":1,"key":"Block Potion"},{"floor":10,"key":"Explosive Potion"},{"floor":14,"key":"SpeedPotion"},{"floor":18,"key":"Weak Potion"},{"floor":24,"key":"Poison Potion"},{"floor":41,"key":"Dexterity Potion"}],"is_trial":false,"path_per_floor":["M","?","$","?","M","E","R","E","T","E","?","R","M","M","R","B",null,"M","M","$","M","?","R","M","E","T","M","R","?","?","?","R","B",null,"M","?","$","?","?","R","M","R","T","E","$","R","E","M","R","B",null],"character_chosen":"IRONCLAD","items_purchased":["Sundial","Whirlwind","Pantograph","Exhume+1"],"campfire_rested":2,"item_purchase_floors":[37,37,45,45],"current_hp_per_floor":[78,62,62,62,68,74,74,35,35,21,21,47,53,56,56,15,69,57,57,57,54,46,46,50,23,23,25,51,51,51,51,51,41,76,87,87,87,83,83,83,81,81,81,68,68,68,50,48,48,28],"gold":98,"neow_bonus":"THREE_ENEMY_KILL","is_prod":false,"is_daily":false,"chose_seed":false,"campfire_upgraded":8,"win_rate":0,"timestamp":1550811488,"path_taken":["M","?","$","?","?","E","R","E","T","E","?","R","M","M","R","BOSS","M","M","$","?","?","R","?","E","T","M","R","?","?","?","R","BOSS","M","?","$","?","?","R","M","R","T","E","$","R","E","M","R","BOSS"],"build_version":"2019-01-23","purchased_purges":2,"victory":true,"max_hp_per_floor":[80,80,80,80,80,80,80,87,87,87,87,87,87,87,87,87,87,87,87,87,87,87,87,87,87,87,87,87,87,87,87,87,87,87,87,87,87,83,83,83,83,83,83,83,83,83,83,83,83,83],"card_choices":[{"not_picked":["Warcry","Armaments"],"picked":"Inflame","floor":1},{"not_picked":["Perfected Strike","Battle Trance"],"picked":"Iron Wave","floor":5},{"not_picked":["Warcry","Rampage"],"picked":"Shockwave","floor":6},{"not_picked":["Armaments","Sentinel"],"picked":"Ghostly Armor","floor":8},{"not_picked":["Intimidate","Wild Strike"],"picked":"True Grit","floor":10},{"not_picked":["Wild Strike","Thunderclap"],"picked":"Rampage","floor":13},{"not_picked":["Corruption","Thunderclap"],"picked":"Twin Strike","floor":14},{"not_picked":["Immolate","Exhume+1"],"picked":"Double Tap+1","floor":16},{"not_picked":["Perfected Strike+1","Corruption","Sword Boomerang"],"picked":"SKIP","floor":18},{"not_picked":["Sword Boomerang","Clash"],"picked":"Pommel Strike","floor":19},{"not_picked":["Rupture","Sword Boomerang"],"picked":"Shrug It Off+1","floor":21},{"not_picked":["Anger+1","Cleave","Perfected Strike"],"picked":"SKIP","floor":24},{"not_picked":["Anger+1","Rampage+1"],"picked":"Iron Wave+1","floor":25},{"not_picked":["Dark Embrace","Hemokinesis+1","Dropkick"],"picked":"SKIP","floor":27},{"not_picked":["Brutality","Exhume+1"],"picked":"Reaper","floor":33},{"not_picked":["Feel No Pain","Body Slam"],"picked":"Shrug It Off+1","floor":35},{"not_picked":["Jack Of All Trades+1","Enlightenment+1"],"picked":"Blind+1","floor":39},{"not_picked":["Brutality","Battle Trance+1","Corruption+1"],"picked":"SKIP","floor":41},{"not_picked":["Body Slam","Power Through+1"],"picked":"Evolve","floor":44},{"not_picked":["Clothesline","Armaments+1","Searing Blow"],"picked":"SKIP","floor":47},{"not_picked":["Dual Wield+1","Sword Boomerang+1","Rage+1"],"picked":"SKIP","floor":48}],"player_experience":394792,"relics_obtained":[{"floor":6,"key":"Blue Candle"},{"floor":8,"key":"Strawberry"},{"floor":9,"key":"Orichalcum"},{"floor":10,"key":"Toxic Egg 2"},{"floor":25,"key":"StoneCalendar"},{"floor":26,"key":"Juzu Bracelet"},{"floor":36,"key":"Unceasing Top"},{"floor":43,"key":"Ginger"},{"floor":44,"key":"Letter Opener"},{"floor":47,"key":"Centennial Puzzle"}],"event_choices":[{"damage_healed":0,"gold_gain":0,"player_choice":"Entered Light","damage_taken":16,"max_hp_gain":0,"max_hp_loss":0,"event_name":"Shining Light","floor":2,"gold_loss":0,"cards_upgraded":["Strike_R","Defend_R"]},{"damage_healed":0,"gold_gain":0,"cards_transformed":["Strike_R"],"player_choice":"Change","damage_taken":0,"max_hp_gain":0,"max_hp_loss":0,"event_name":"Living Wall","floor":4,"gold_loss":0,"cards_obtained":["Pommel Strike"]},{"damage_healed":0,"gold_gain":100,"player_choice":"Gold","damage_taken":0,"max_hp_gain":0,"max_hp_loss":0,"event_name":"Wheel of Change","floor":11,"gold_loss":0},{"damage_healed":0,"gold_gain":0,"player_choice":"","damage_taken":8,"max_hp_gain":0,"max_hp_loss":0,"event_name":"Knowing Skull","floor":22,"potions_obtained":[],"gold_loss":0,"cards_obtained":[]},{"cards_removed":["Strike_R"],"damage_healed":0,"gold_gain":0,"player_choice":"Purged","damage_taken":0,"max_hp_gain":0,"max_hp_loss":0,"event_name":"Purifier","floor":29,"gold_loss":0},{"damage_healed":0,"gold_gain":99,"player_choice":"Stole From Cult","damage_taken":0,"max_hp_gain":0,"max_hp_loss":0,"event_name":"Nest","floor":30,"gold_loss":0},{"damage_healed":0,"gold_gain":0,"player_choice":"Opened","damage_taken":0,"relics_obtained":["Vajra"],"max_hp_gain":0,"max_hp_loss":0,"event_name":"The Mausoleum","floor":31,"gold_loss":0},{"damage_healed":0,"gold_gain":0,"player_choice":"Fight","damage_taken":0,"max_hp_gain":0,"max_hp_loss":0,"event_name":"MindBloom","floor":36,"gold_loss":0},{"damage_healed":0,"gold_gain":0,"player_choice":"Max HP","damage_taken":0,"max_hp_gain":0,"max_hp_loss":4,"event_name":"Winding Halls","floor":38,"gold_loss":0},{"damage_healed":0,"gold_gain":0,"player_choice":"Memory 1","damage_taken":0,"max_hp_gain":0,"max_hp_loss":0,"event_name":"SensoryStone","floor":39,"gold_loss":0}],"is_beta":false,"boss_relics":[{"not_picked":["Black Blood","Orrery"],"picked":"Philosopher\u0027s Stone"},{"not_picked":["Runic Cube","Fusion Hammer"],"picked":"Pandora\u0027s Box"}],"items_purged_floors":[37,45],"is_endless":false,"potions_floor_spawned":[1,10,14,18,24,41],"ascension_level":6}