{"gold_per_floor":[218,168,78,178,189,217,217,250,277,277,336,336,356,370,370,475,475,486,506,285,285,45,45,64,64,64,82,82,7,63,79,79,174,174,193,239,253,353,145,172,172,172,223,223,243,259,259,284,284,284],"floor_reached":51,"playtime":3254,"items_purged":["Strike_R"],"score":969,"play_id":"2bae63ba-8b52-4cb4-b8ce-90fedbe0d0c8","local_time":"20190504234123","is_ascension_mode":true,"campfire_choices":[{"data":"Shrug It Off","floor":7,"key":"SMITH"},{"floor":10,"key":"REST"},{"floor":15,"key":"REST"},{"floor":23,"key":"REST"},{"data":"Demon Form","floor":25,"key":"SMITH"},{"floor":28,"key":"REST"},{"data":"Shrug It Off","floor":32,"key":"SMITH"},{"data":"Bash","floor":41,"key":"SMITH"},{"floor":47,"key":"REST"},{"data":"Pommel Strike","floor":49,"key":"SMITH"}],"neow_cost":"NONE","seed_source_timestamp":698816971496691,"circlet_count":0,"master_deck":["Strike_R+1","Strike_R+1","Strike_R+1","Defend_R+1","Defend_R+1","Defend_R+1","Defend_R+1","Bash+1","Shrug It Off+1","True Grit+1","Feed","Shockwave+1","Demon Form+1","Twin Strike","Shrug It Off+1","Disarm","Cleave+1","Pommel Strike+1","Iron Wave+1","Clothesline+1","Twin Strike+1","Demon Form+1","Perfected Strike+1","Perfected Strike+1","Bludgeon","Perfected Strike+1"],"relics":["Burning Blood","Pen Nib","Blue Candle","Regal Pillow","Potion Belt","Centennial Puzzle","Philosopher\u0027s Stone","War Paint","Bottled Tornado","Juzu Bracelet","Tiny Chest","Snecko Eye","Magic Flower","DollysMirror","Dream Catcher","Happy Flower","Ornamental Fan","Molten Egg 2"],"potions_floor_usage":[16,16,33,36,36,36],"damage_taken":[{"damage":4,"enemies":"Jaw Worm","floor":1,"turns":4},{"damage":0,"enemies":"Small Slimes","floor":5,"turns":3},{"damage":38,"enemies":"Gremlin Nob","floor":6,"turns":5},{"damage":38,"enemies":"Lagavulin","floor":8,"turns":8},{"damage":35,"enemies":"Lagavulin Event","floor":11,"turns":6},{"damage":5,"enemies":"Cultist","floor":13,"turns":5},{"damage":6,"enemies":"Looter","floor":14,"turns":3},{"damage":67,"enemies":"The Guardian","floor":16,"turns":22},{"damage":18,"enemies":"Shell Parasite","floor":18,"turns":8},{"damage":27,"enemies":"Spheric Guardian","floor":19,"turns":5},{"damage":31,"enemies":"Snake Plant","floor":24,"turns":5},{"damage":27,"enemies":"Shelled Parasite and Fungi","floor":27,"turns":5},{"damage":19,"enemies":"Book of Stabbing","floor":30,"turns":7},{"damage":1,"enemies":"Centurion and Healer","floor":31,"turns":5},{"damage":48,"enemies":"Collector","floor":33,"turns":6},{"damage":1,"enemies":"Orb Walker","floor":35,"turns":4},{"damage":16,"enemies":"2 Orb Walkers","floor":36,"turns":4},{"damage":3,"enemies":"3 Darklings","floor":37,"turns":6},{"damage":23,"enemies":"Reptomancer","floor":40,"turns":4},{"damage":9,"enemies":"Writhing Mass","floor":45,"turns":4},{"damage":6,"enemies":"Spire Growth","floor":46,"turns":3},{"damage":5,"enemies":"Giant Head","floor":48,"turns":4},{"damage":35,"enemies":"Time Eater","floor":50,"turns":6}],"seed_played":"3854836687005819633","potions_obtained":[{"floor":5,"key":"Swift Potion"},{"floor":13,"key":"SpeedPotion"},{"floor":14,"key":"PowerPotion"},{"floor":18,"key":"EssenceOfSteel"},{"floor":24,"key":"Fire Potion"},{"floor":33,"key":"Block Potion"},{"floor":35,"key":"Fire Potion"}],"is_trial":false,"path_per_floor":["M","?","$","?","M","E","R","E","T","R","?","?","M","M","R","B",null,"M","M","$","?","$","R","M","R","T","M","R","?","E","M","R","B",null,"M","?","M","?","$","E","R","?","T","T","M","M","R","E","R","B",null],"character_chosen":"IRONCLAD","items_purchased":["Inflame","Shrug It Off","War Paint","Bottled Tornado","DollysMirror"],"campfire_rested":5,"item_purchase_floors":[3,3,20,22,39],"current_hp_per_floor":[74,74,74,74,80,48,48,16,16,55,26,26,30,33,73,12,68,56,35,35,35,35,75,50,50,50,29,69,69,59,64,64,22,72,77,70,76,76,76,62,62,62,62,62,62,65,92,92,92,66],"gold":284,"neow_bonus":"HUNDRED_GOLD","is_prod":false,"is_daily":false,"chose_seed":false,"campfire_upgraded":5,"win_rate":0,"timestamp":1557031283,"path_taken":["M","?","$","?","?","E","R","E","T","R","?","?","M","M","R","BOSS","M","?","$","?","$","R","M","R","T","M","R","?","E","M","R","BOSS","M","?","M","?","$","E","R","?","T","?","M","M","R","E","R","BOSS"],"build_version":"2019-01-23","purchased_purges":1,"victory":true,"max_hp_per_floor":[80,80,80,80,80,80,80,80,80,80,80,80,83,86,86,86,86,86,86,86,86,86,86,86,86,86,86,86,86,89,89,89,89,89,89,92,92,92,92,92,92,92,92,92,92,92,92,92,92,92],"card_choices":[{"not_picked":["Havoc","Body Slam","Sever Soul"],"picked":"SKIP","floor":1},{"not_picked":["Ghostly Armor","Seeing Red","Hemokinesis"],"picked":"SKIP","floor":5},{"not_picked":["Perfected Strike","Wild Strike"],"picked":"True Grit","floor":6},{"not_picked":["Rampage","Sever Soul"],"picked":"Feed","floor":8},{"not_picked":["Anger","Reckless Charge","Rage"],"picked":"SKIP","floor":13},{"not_picked":["Flex","Intimidate"],"picked":"Shockwave","floor":14},{"not_picked":["Impervious","Immolate"],"picked":"Demon Form","floor":16},{"not_picked":["Headbutt","Power Through+1"],"picked":"Twin Strike","floor":18},{"not_picked":["Perfected Strike","True Grit"],"picked":"Shrug It Off","floor":19},{"not_picked":["Infernal Blade+1","Rupture"],"picked":"Shrug It Off","floor":24},{"not_picked":["Havoc","Twin Strike"],"picked":"Disarm","floor":27},{"not_picked":["Clash","Headbutt"],"picked":"Cleave+1","floor":30},{"not_picked":["Havoc","Immolate"],"picked":"Pommel Strike","floor":31},{"not_picked":["Inflame","Cleave+1"],"picked":"Iron Wave+1","floor":35},{"not_picked":["Reckless Charge","Clash"],"picked":"Clothesline+1","floor":36},{"not_picked":["Dropkick+1","Body Slam"],"picked":"Twin Strike+1","floor":37},{"not_picked":["Clash+1","Iron Wave+1"],"picked":"Perfected Strike+1","floor":40},{"not_picked":["True Grit+1","Havoc","Body Slam+1"],"picked":"SKIP","floor":45},{"not_picked":["Body Slam","Flex+1"],"picked":"Perfected Strike+1","floor":46},{"not_picked":["Thunderclap","Anger+1"],"picked":"Bludgeon","floor":47},{"not_picked":["Body Slam","Warcry"],"picked":"Perfected Strike+1","floor":48}],"player_experience":589709,"relics_obtained":[{"floor":6,"key":"Pen Nib"},{"floor":8,"key":"Blue Candle"},{"floor":9,"key":"Regal Pillow"},{"floor":11,"key":"Potion Belt"},{"floor":26,"key":"Juzu Bracelet"},{"floor":30,"key":"Tiny Chest"},{"floor":36,"key":"Magic Flower"},{"floor":40,"key":"Dream Catcher"},{"floor":43,"key":"Happy Flower"},{"floor":44,"key":"Ornamental Fan"},{"floor":48,"key":"Molten Egg 2"}],"event_choices":[{"cards_removed":["Strike_R"],"damage_healed":0,"gold_gain":0,"player_choice":"Card Removal","damage_taken":0,"max_hp_gain":0,"max_hp_loss":0,"event_name":"The Cleric","floor":2,"gold_loss":50},{"damage_healed":0,"gold_gain":100,"player_choice":"Gold","damage_taken":0,"max_hp_gain":0,"max_hp_loss":0,"event_name":"Wheel of Change","floor":4,"gold_loss":0},{"damage_healed":0,"gold_gain":0,"player_choice":"Searched \u00271\u0027 times","damage_taken":0,"max_hp_gain":0,"max_hp_loss":0,"event_name":"Dead Adventurer","floor":11,"gold_loss":0},{"damage_healed":0,"gold_gain":0,"player_choice":"Gave Potion","damage_taken":0,"relics_obtained":["Centennial Puzzle"],"max_hp_gain":0,"max_hp_loss":0,"event_name":"WeMeetAgain","floor":12,"gold_loss":0},{"damage_healed":0,"gold_gain":0,"player_choice":"Simplicity","damage_taken":0,"max_hp_gain":0,"max_hp_loss":0,"event_name":"Back to Basics","floor":21,"gold_loss":0,"cards_upgraded":["Strike_R","Strike_R","Strike_R","Defend_R","Defend_R","Defend_R","Defend_R"]},{"cards_removed":["Shrug It Off"],"damage_healed":0,"gold_gain":0,"player_choice":"Gave Gold","damage_taken":0,"max_hp_gain":0,"max_hp_loss":0,"event_name":"Beggar","floor":29,"gold_loss":75},{"damage_healed":0,"gold_gain":0,"player_choice":"Fight","damage_taken":0,"max_hp_gain":0,"max_hp_loss":0,"event_name":"Mysterious Sphere","floor":36,"gold_loss":0},{"damage_healed":0,"gold_gain":100,"player_choice":"Pray","damage_taken":0,"max_hp_gain":0,"max_hp_loss":0,"event_name":"Golden Shrine","floor":38,"gold_loss":0},{"cards_removed":["Inflame"],"damage_healed":0,"gold_gain":0,"player_choice":"Removed Power","damage_taken":0,"max_hp_gain":0,"max_hp_loss":0,"event_name":"Falling","floor":42,"gold_loss":0}],"is_beta":false,"boss_relics":[{"not_picked":["Fusion Hammer","Runic Cube"],"picked":"Philosopher\u0027s Stone"},{"not_picked":["Orrery","Astrolabe"],"picked":"Snecko Eye"}],"items_purged_floors":[20],"is_endless":false,"potions_floor_spawned":[5,13,14,18,24,33,35],"ascension_level":7}