{"gold_per_floor":[360,360,8,19,34,65,65,65,365,365,384,419,419,173,173,276,276,287,212,223,147,165,165,194,194,194,210,210,223,88,122,122,226,226,242,242],"floor_reached":36,"playtime":2587,"items_purged":["Strike_B","Strike_B"],"score":497,"play_id":"459efda0-5ac2-4ac4-8ad7-94284b330521","local_time":"20190505122438","is_ascension_mode":true,"campfire_choices":[{"data":"Echo Form","floor":7,"key":"SMITH"},{"floor":8,"key":"REST"},{"data":"Zap","floor":10,"key":"SMITH"},{"floor":13,"key":"REST"},{"floor":15,"key":"REST"},{"floor":23,"key":"REST"},{"floor":25,"key":"REST"},{"floor":32,"key":"REST"}],"neow_cost":"PERCENT_DAMAGE","seed_source_timestamp":745118017479611,"circlet_count":0,"master_deck":["Strike_B+1","Defend_B","Zap+1","Dualcast","Redo","Doom and Gloom+1","Skim","Echo Form+1","Leap","Conserve Battery","Hologram","Leap","Leap+1","Loop","Static Discharge","Coolheaded","Conserve Battery","Melter","Self Repair","Thunder Strike","Thunder Strike","Biased Cognition","Consume+1"],"relics":["Cracked Core","Runic Capacitor","WingedGreaves","Old Coin","Mercury Hourglass","Snecko Eye","Strawberry","Whetstone","Bronze Scales","Empty Cage"],"potions_floor_usage":[18,22,31,36],"damage_taken":[{"damage":7,"enemies":"Jaw Worm","floor":1,"turns":3},{"damage":5,"enemies":"Small Slimes","floor":4,"turns":3},{"damage":6,"enemies":"Cultist","floor":5,"turns":3},{"damage":20,"enemies":"Lagavulin","floor":6,"turns":5},{"damage":9,"enemies":"3 Louse","floor":11,"turns":2},{"damage":35,"enemies":"Gremlin Nob","floor":12,"turns":4},{"damage":42,"enemies":"Hexaghost","floor":16,"turns":9},{"damage":21,"enemies":"3 Byrds","floor":18,"turns":4},{"damage":7,"enemies":"Shell Parasite","floor":20,"turns":7},{"damage":10,"enemies":"Shelled Parasite and Fungi","floor":22,"turns":6},{"damage":25,"enemies":"Gremlin Leader","floor":24,"turns":6},{"damage":2,"enemies":"Snecko","floor":27,"turns":4},{"damage":12,"enemies":"Snake Plant","floor":29,"turns":4},{"damage":38,"enemies":"Book of Stabbing","floor":31,"turns":5},{"damage":8,"enemies":"Automaton","floor":33,"turns":7},{"damage":37,"enemies":"3 Shapes","floor":35,"turns":4},{"damage":48,"enemies":"3 Darklings","floor":36,"turns":3}],"seed_played":"5951379260158089195","potions_obtained":[{"floor":5,"key":"Energy Potion"},{"floor":12,"key":"Dexterity Potion"},{"floor":18,"key":"GamblersBrew"},{"floor":22,"key":"Dexterity Potion"},{"floor":24,"key":"LiquidBronze"}],"is_trial":false,"path_per_floor":["M","?","$","M","M","E","R","R","T","R","M","E","R","$","R","B",null,"M","?","M","$","M","R","E","R","T","M","?","M","$","E","R","B",null,"M","M"],"character_chosen":"DEFECT","items_purchased":["Doom and Gloom","Runic Capacitor","Conserve Battery","Hologram","Block Potion","Loop","Thunder Strike"],"campfire_rested":6,"item_purchase_floors":[3,3,14,14,14,21,30],"current_hp_per_floor":[47,72,72,67,61,41,41,63,63,63,54,19,41,41,63,21,75,54,54,47,47,37,59,41,65,65,63,63,51,51,27,51,50,82,45,0],"gold":242,"neow_bonus":"TWO_FIFTY_GOLD","is_prod":false,"is_daily":false,"chose_seed":false,"campfire_upgraded":2,"win_rate":0,"timestamp":1557077078,"path_taken":["M","?","$","M","M","E","R","R","T","R","M","E","R","$","R","BOSS","M","?","M","$","M","R","E","R","T","M","?","M","$","E","R","BOSS","M","?"],"build_version":"2019-01-23","purchased_purges":2,"victory":false,"max_hp_per_floor":[75,75,75,75,75,75,75,75,75,75,75,75,75,75,75,75,75,75,75,75,75,75,75,82,82,82,82,82,82,82,82,82,82,82,82,82],"card_choices":[{"not_picked":["Beam Cell","Steam"],"picked":"Redo","floor":1},{"not_picked":["Rebound","Scrape"],"picked":"Skim","floor":4},{"not_picked":["Go for the Eyes","Blizzard","Storm"],"picked":"SKIP","floor":5},{"not_picked":["Streamline","Steam Power"],"picked":"Echo Form","floor":6},{"not_picked":["Hologram","Reinforced Body"],"picked":"Leap","floor":11},{"not_picked":["Beam Cell","Steam Power","Go for the Eyes"],"picked":"SKIP","floor":12},{"not_picked":["Cold Snap","Steam Power"],"picked":"Leap","floor":18},{"not_picked":["Hologram","Hello World"],"picked":"Leap+1","floor":20},{"not_picked":["Redo","Beam Cell"],"picked":"Static Discharge","floor":22},{"not_picked":["Barrage","Stack"],"picked":"Coolheaded","floor":24},{"not_picked":["Sweeping Beam+1","Go for the Eyes"],"picked":"Conserve Battery","floor":27},{"not_picked":["Steam+1","Gash"],"picked":"Self Repair","floor":29},{"not_picked":["Stack","Genetic Algorithm"],"picked":"Thunder Strike","floor":31},{"not_picked":["All For One","Reboot"],"picked":"Biased Cognition","floor":33},{"not_picked":["Conserve Battery","Sweeping Beam"],"picked":"Consume+1","floor":35}],"player_experience":592963,"relics_obtained":[{"floor":6,"key":"WingedGreaves"},{"floor":9,"key":"Old Coin"},{"floor":12,"key":"Mercury Hourglass"},{"floor":24,"key":"Strawberry"},{"floor":26,"key":"Whetstone"},{"floor":31,"key":"Bronze Scales"}],"event_choices":[{"damage_healed":25,"gold_gain":0,"player_choice":"Banana","damage_taken":0,"max_hp_gain":0,"max_hp_loss":0,"event_name":"Big Fish","floor":2,"gold_loss":0},{"cards_removed":["Strike_B"],"damage_healed":0,"gold_gain":0,"player_choice":"Gave Gold","damage_taken":0,"max_hp_gain":0,"max_hp_loss":0,"event_name":"Beggar","floor":19,"gold_loss":75},{"damage_healed":0,"gold_gain":0,"cards_transformed":["Defend_B"],"player_choice":"Transformed","damage_taken":0,"max_hp_gain":0,"max_hp_loss":0,"event_name":"Transmorgrifier","floor":28,"gold_loss":0,"cards_obtained":["Melter"]}],"is_beta":false,"boss_relics":[{"not_picked":["Orrery","Tiny House"],"picked":"Snecko Eye"},{"not_picked":["Runic Dome","Velvet Choker"],"picked":"Empty Cage"}],"items_purged_floors":[3,14],"is_endless":false,"potions_floor_spawned":[5,12,18,22,24,29],"killed_by":"3 Darklings","ascension_level":3}