{"gold_per_floor":[110,130,130,130,6,33,33,91,91,118,135,169,169,185,185,287,287,301,301,316,333,248,276,291,324,324,324,31,46,46,59,59,164,164,183,87,99,99,119,119,153,172,172,183,211,222,254,270,270,270],"floor_reached":51,"playtime":1951,"items_purged":["Regret"],"score":874,"play_id":"31ce0d96-b978-4100-9a9b-21a24b167086","local_time":"20190506130328","is_ascension_mode":false,"campfire_choices":[{"floor":7.0,"key":"REST"},{"data":"Bash","floor":13,"key":"SMITH"},{"data":"Defend_R","floor":15,"key":"SMITH"},{"data":"Limit Break","floor":30,"key":"SMITH"},{"data":"True Grit","floor":32,"key":"SMITH"},{"data":"Discovery","floor":40,"key":"SMITH"},{"data":"Twin Strike","floor":49,"key":"SMITH"}],"neow_cost":"PERCENT_DAMAGE","seed_source_timestamp":201625254126200,"circlet_count":0,"master_deck":["Strike_R+1","Strike_R+1","Strike_R+1","Strike_R+1","Strike_R+1","Defend_R+1","Defend_R+1","Defend_R+1","Defend_R+1","Bash+1","Twin Strike+1","Uppercut+1","Iron Wave+1","Uppercut+1","Anger+1","Headbutt+1","Anger+1","Carnage+1","Whirlwind+1","Reaper+1","Shrug It Off+1","True Grit+1","Headbutt+1","Metallicize+1","Twin Strike+1","Immolate+1","Limit Break+1","Metallicize+1","Headbutt+1","Reaper+1","Discovery+1","Pommel Strike+1","True Grit+1","Headbutt+1","Shame","Perfected Strike+1","Immolate+1"],"special_seed":0,"relics":["Burning Blood","Mango","Molten Egg 2","Smiling Mask","Bag of Marbles","Gambling Chip","Boot","Cursed Key","Frozen Egg 2","Torii","Vajra","Art of War","Mercury Hourglass","Busted Crown","Ice Cream","Sundial","War Paint","Singing Bowl"],"potions_floor_usage":[23,33,50],"damage_taken":[{"damage":4.0,"enemies":"2 Louse","floor":1.0,"turns":4.0},{"damage":1.0,"enemies":"Jaw Worm","floor":2.0,"turns":4.0},{"damage":23.0,"enemies":"3 Sentries","floor":6.0,"turns":10.0},{"damage":10.0,"enemies":"3 Sentries","floor":8.0,"turns":6.0},{"damage":9,"enemies":"Lagavulin","floor":10,"turns":5},{"damage":5,"enemies":"Small Slimes","floor":11,"turns":3},{"damage":2,"enemies":"3 Sentries","floor":12,"turns":4},{"damage":0,"enemies":"3 Louse","floor":14,"turns":2},{"damage":21,"enemies":"The Guardian","floor":16,"turns":6},{"damage":4,"enemies":"Shell Parasite","floor":18,"turns":3},{"damage":1,"enemies":"2 Thieves","floor":20,"turns":3},{"damage":0,"enemies":"Cultist and Chosen","floor":21,"turns":4},{"damage":10,"enemies":"Gremlin Leader","floor":23,"turns":6},{"damage":16,"enemies":"Shelled Parasite and Fungi","floor":24,"turns":5},{"damage":1,"enemies":"Book of Stabbing","floor":25,"turns":3},{"damage":0,"enemies":"Centurion and Healer","floor":29,"turns":3},{"damage":1,"enemies":"Cultist and Chosen","floor":31,"turns":3},{"damage":30,"enemies":"Champ","floor":33,"turns":9},{"damage":0,"enemies":"3 Shapes","floor":35,"turns":2},{"damage":0,"enemies":"3 Darklings","floor":37,"turns":2},{"damage":0,"enemies":"Maw","floor":39,"turns":6},{"damage":19,"enemies":"Reptomancer","floor":41,"turns":5},{"damage":0,"enemies":"Sphere and 2 Shapes","floor":42,"turns":3},{"damage":6,"enemies":"3 Darklings","floor":44,"turns":3},{"damage":33,"enemies":"Nemesis","floor":45,"turns":5},{"damage":13,"enemies":"Maw","floor":46,"turns":6},{"damage":35,"enemies":"Giant Head","floor":47,"turns":7},{"damage":0,"enemies":"Jaw Worm Horde","floor":48,"turns":1},{"damage":21,"enemies":"Donu and Deca","floor":50,"turns":9}],"seed_played":"2755773246571126767","potions_obtained":[{"floor":8.0,"key":"SteroidPotion"},{"floor":10,"key":"PowerPotion"},{"floor":11,"key":"Energy Potion"},{"floor":25,"key":"SteroidPotion"},{"floor":31,"key":"PowerPotion"},{"floor":37,"key":"AttackPotion"},{"floor":46,"key":"PowerPotion"}],"is_trial":false,"path_per_floor":["M","M","?","?","$","E","R","?","T","E","M","E","R","M","R","B",null,"M","?","M","M","?","E","M","E","T","?","$","M","R","M","R","B",null,"M","$","M","?","M","R","E","M","T","M","E","M","E","M","R","B",null],"character_chosen":"IRONCLAD","items_purchased":["Iron Wave+1","Uppercut+1","Limit Break","Metallicize+1","Discovery"],"campfire_rested":1,"item_purchase_floors":[5,5,28,28,36],"current_hp_per_floor":[72,77,77,52,52,35,63,59,59,56,57,61,61,67,67,52,94,94,94,94,94,94,90,80,85,85,85,85,94,94,94,94,70,94,94,94,94,94,94,94,81,87,87,87,91,84,91,96,96,94],"gold":270,"neow_bonus":"ONE_RARE_RELIC","is_prod":false,"is_daily":false,"chose_seed":false,"campfire_upgraded":6,"win_rate":1,"timestamp":1557173008,"path_taken":["M","M","?","?","$","E","R","?","T","E","M","E","R","M","R","BOSS","M","?","M","M","?","E","M","E","T","?","$","M","R","M","R","BOSS","M","$","M","?","M","R","E","M","T","M","E","?","E","M","R","BOSS"],"build_version":"2019-01-23","purchased_purges":1,"victory":true,"max_hp_per_floor":[94,94,94,94,94,94,94,94,94,94,94,94,94,94,94,94,94,94,94,94,94,94,94,94,94,94,94,94,94,94,94,94,94,94,94,94,94,94,94,94,94,94,94,94,94,94,96,96,96,96],"card_choices":[{"not_picked":["Clash","Pummel"],"picked":"Twin Strike","floor":1.0},{"not_picked":["True Grit","Wild Strike"],"picked":"Uppercut","floor":2.0},{"not_picked":["Rupture","Seeing Red"],"picked":"Anger+1","floor":6.0},{"not_picked":["Clash+1","Thunderclap+1"],"picked":"Headbutt+1","floor":8.0},{"not_picked":["Heavy Blade+1","Fire Breathing"],"picked":"Anger+1","floor":10},{"not_picked":["True Grit","Flex"],"picked":"Carnage+1","floor":11},{"not_picked":["Burning Pact","Bloodletting","Reckless Charge+1"],"picked":"SKIP","floor":12},{"not_picked":["Berserk","Shrug It Off"],"picked":"Whirlwind+1","floor":14},{"not_picked":["Barricade","Double Tap"],"picked":"Reaper+1","floor":16},{"not_picked":["Body Slam+1","Clash+1"],"picked":"Shrug It Off+1","floor":18},{"not_picked":["Dual Wield","Rupture"],"picked":"True Grit","floor":20},{"not_picked":["Pommel Strike+1","Clash+1"],"picked":"Headbutt+1","floor":21},{"not_picked":["Uppercut+1","Intimidate"],"picked":"Metallicize+1","floor":23},{"not_picked":["Reckless Charge+1","Dual Wield"],"picked":"Twin Strike+1","floor":24},{"not_picked":["Ghostly Armor","Hemokinesis+1"],"picked":"Immolate+1","floor":25},{"not_picked":["Sword Boomerang+1","Evolve+1","Body Slam+1"],"picked":"SKIP","floor":29},{"not_picked":["Sever Soul+1","Whirlwind+1"],"picked":"Headbutt+1","floor":31},{"not_picked":["Double Tap","Fiend Fire+1"],"picked":"Reaper+1","floor":33},{"not_picked":["Cleave+1"],"picked":"SKIP","floor":35},{"not_picked":[],"picked":"Pommel Strike+1","floor":37},{"not_picked":[],"picked":"True Grit+1","floor":39},{"not_picked":["Clash+1"],"picked":"SKIP","floor":41},{"not_picked":[],"picked":"Headbutt+1","floor":42},{"not_picked":["Body Slam+1"],"picked":"SKIP","floor":44},{"not_picked":[],"picked":"Perfected Strike+1","floor":45},{"not_picked":["Twin Strike+1"],"picked":"SKIP","floor":46},{"not_picked":["Body Slam+1"],"picked":"Singing Bowl","floor":47},{"not_picked":[],"picked":"Immolate+1","floor":48}],"player_experience":728293,"relics_obtained":[{"floor":6.0,"key":"Smiling Mask"},{"floor":8.0,"key":"Bag of Marbles"},{"floor":10,"key":"Gambling Chip"},{"floor":12,"key":"Boot"},{"floor":23,"key":"Torii"},{"floor":25,"key":"Vajra"},{"floor":26,"key":"Art of War"},{"floor":41,"key":"Ice Cream"},{"floor":43,"key":"Sundial"},{"floor":45,"key":"War Paint"},{"floor":47,"key":"Singing Bowl"}],"event_choices":[{"damage_healed":0.0,"max_hp_gain":0.0,"max_hp_loss":0.0,"gold_gain":0.0,"event_name":"Living Wall","player_choice":"Grow","floor":3.0,"gold_loss":0.0,"damage_taken":0.0,"cards_upgraded":["Uppercut"]},{"damage_healed":0.0,"max_hp_gain":0.0,"max_hp_loss":0.0,"gold_gain":0.0,"event_name":"Scrap Ooze","player_choice":"Success","floor":4.0,"gold_loss":0.0,"damage_taken":25.0,"relics_obtained":["Molten Egg 2"]},{"damage_healed":0.0,"max_hp_gain":0.0,"max_hp_loss":0.0,"gold_gain":0.0,"event_name":"Dead Adventurer","player_choice":"Searched \u00271\u0027 times","floor":8.0,"gold_loss":0.0,"damage_taken":0.0},{"damage_healed":0,"gold_gain":0,"player_choice":"Simplicity","damage_taken":0,"max_hp_gain":0,"max_hp_loss":0,"event_name":"Back to Basics","floor":19,"gold_loss":0,"cards_upgraded":["Strike_R","Strike_R","Strike_R","Strike_R","Strike_R","Defend_R","Defend_R","Defend_R"]},{"damage_healed":0,"gold_gain":0,"player_choice":"Obtained Relic","damage_taken":0,"relics_obtained":["Frozen Egg 2"],"max_hp_gain":0,"max_hp_loss":0,"event_name":"Addict","floor":22,"gold_loss":85},{"damage_healed":0,"gold_gain":0,"player_choice":"Opened","damage_taken":0,"relics_obtained":["Mercury Hourglass"],"max_hp_gain":0,"max_hp_loss":0,"event_name":"The Mausoleum","floor":27,"gold_loss":0,"cards_obtained":["Writhe"]},{"cards_removed":["Writhe"],"damage_healed":0,"gold_gain":0,"player_choice":"Removed Curses","damage_taken":0,"max_hp_gain":0,"max_hp_loss":0,"event_name":"Fountain of Cleansing","floor":38,"gold_loss":0}],"is_beta":false,"boss_relics":[{"not_picked":["Runic Dome","Black Star"],"picked":"Cursed Key"},{"not_picked":["Calling Bell","Black Blood"],"picked":"Busted Crown"}],"items_purged_floors":[28],"is_endless":false,"potions_floor_spawned":[8,10,11,12,14,20,21,25,31,37,41,46,48],"ascension_level":0}