{"gold_per_floor":[212,230,40,58,74,103,103,127,127,144,144,144,144,33,33,137,137,148,167,177,177,177,177,189,189,240,240,258,2,2,2,2,104,104,114,134,134,154,154,154,154,154,180,196,196,206,60,73,73,73],"floor_reached":51,"playtime":1572,"items_purged":["Strike_B","Strike_B"],"score":797,"play_id":"369e1ea2-0fe5-444a-a1d9-1ef8dd1da392","local_time":"20190313150144","is_ascension_mode":false,"campfire_choices":[{"data":"Zap","floor":7,"key":"SMITH"},{"data":"Discovery","floor":13,"key":"SMITH"},{"data":"Heatsinks","floor":15,"key":"SMITH"},{"data":"Dualcast","floor":23,"key":"SMITH"},{"data":"Hello World","floor":25,"key":"SMITH"},{"data":"Fission","floor":27,"key":"SMITH"},{"data":"Storm","floor":32,"key":"SMITH"},{"data":"Coolheaded","floor":40,"key":"SMITH"},{"data":"White Noise","floor":42,"key":"SMITH"},{"data":"Defragment","floor":49,"key":"SMITH"}],"neow_cost":"NONE","seed_source_timestamp":0,"circlet_count":0,"master_deck":["Defend_B","Zap+1","Dualcast+1","Go for the Eyes+1","Rebound+1","Hello World+1","Discovery+1","Coolheaded+1","White Noise+1","Heatsinks+1","Fission+1","Storm+1","Ball Lightning","Ghostly","Ghostly","Ghostly","Ghostly","Ghostly","Glacier","Storm+1","Echo Form","Recycle+1","Steam Power+1","Buffer+1","Capacitor","Parasite","White Noise","Defragment+1","Capacitor","Fission","Loop+1"],"special_seed":0,"relics":["Cracked Core","Mummified Hand","Odd Mushroom","Torii","FossilizedHelix","Sozu","PreservedInsect","DataDisk","Astrolabe","Whetstone"],"potions_floor_usage":[6,18,50],"damage_taken":[{"damage":0.0,"enemies":"Cultist","floor":1.0,"turns":3.0},{"damage":3.0,"enemies":"Jaw Worm","floor":2.0,"turns":2.0},{"damage":0.0,"enemies":"Small Slimes","floor":4.0,"turns":3.0},{"damage":20,"enemies":"Gremlin Gang","floor":5,"turns":6},{"damage":5,"enemies":"Lagavulin","floor":6,"turns":7},{"damage":21,"enemies":"The Mushroom Lair","floor":8,"turns":4},{"damage":1,"enemies":"2 Fungi Beasts","floor":10,"turns":2},{"damage":11,"enemies":"The Guardian","floor":16,"turns":9},{"damage":0,"enemies":"3 Byrds","floor":18,"turns":2},{"damage":10,"enemies":"2 Thieves","floor":19,"turns":2},{"damage":0,"enemies":"3 Cultists","floor":20,"turns":3},{"damage":0,"enemies":"Centurion and Healer","floor":24,"turns":6},{"damage":0,"enemies":"Chosen and Byrds","floor":28,"turns":5},{"damage":0,"enemies":"Automaton","floor":33,"turns":11},{"damage":0,"enemies":"Orb Walker","floor":35,"turns":2},{"damage":1,"enemies":"3 Darklings","floor":36,"turns":4},{"damage":2,"enemies":"Writhing Mass","floor":38,"turns":3},{"damage":0,"enemies":"Jaw Worm Horde","floor":44,"turns":3},{"damage":0,"enemies":"Sphere and 2 Shapes","floor":46,"turns":3},{"damage":1,"enemies":"4 Shapes","floor":48,"turns":4},{"damage":0,"enemies":"Time Eater","floor":50,"turns":6}],"seed_played":"1425216952096054482","potions_obtained":[{"floor":1.0,"key":"Strength Potion"},{"floor":4.0,"key":"FocusPotion"},{"floor":5,"key":"Ancient Potion"},{"floor":16,"key":"AttackPotion"}],"is_trial":false,"path_per_floor":["M","M","$","M","M","E","R","?","T","M","?","?","R","$","R","B",null,"M","M","M","?","?","R","M","R","T","R","M","$","$","?","R","B",null,"M","M","?","M","$","R","?","R","T","M","?","M","$","M","R","B",null],"character_chosen":"DEFECT","items_purchased":["Hello World","Discovery","Coolheaded","Heatsinks","DataDisk","Fission"],"campfire_rested":0,"item_purchase_floors":[3,3,3,14,29,47],"current_hp_per_floor":[75,72,72,72,52,47,47,26,26,25,22,75,75,75,75,64,75,75,65,65,37,37,37,37,37,37,37,37,37,37,37,37,37,37,37,36,36,34,34,34,34,34,34,34,34,34,34,33,33,33],"gold":73,"neow_bonus":"HUNDRED_GOLD","is_prod":false,"is_daily":false,"chose_seed":false,"campfire_upgraded":10,"win_rate":0,"timestamp":1552510904,"path_taken":["M","M","$","M","M","E","R","?","T","M","?","?","R","$","R","BOSS","M","M","?","?","?","R","M","R","T","R","?","?","$","?","R","BOSS","M","M","?","M","$","R","?","R","T","M","?","?","$","M","R","BOSS"],"build_version":"2019-01-23","purchased_purges":2,"victory":true,"max_hp_per_floor":[75,75,75,75,75,75,75,75,75,75,75,75,75,75,75,75,75,75,75,75,37,37,37,37,37,37,37,37,37,37,37,37,37,37,37,37,37,37,37,37,35,35,35,35,35,35,35,35,35,35],"card_choices":[{"not_picked":["BootSequence","Compile Driver"],"picked":"Go for the Eyes","floor":1.0},{"not_picked":["Redo","Double Energy"],"picked":"Rebound","floor":2.0},{"not_picked":["Turbo","Barrage","Storm"],"picked":"SKIP","floor":4.0},{"not_picked":["Force Field","Melter"],"picked":"White Noise","floor":5},{"not_picked":["Redo","Aggregate","Hologram"],"picked":"SKIP","floor":6},{"not_picked":["Skim","BootSequence"],"picked":"Capacitor","floor":8},{"not_picked":["Sweeping Beam","Rebound","Streamline"],"picked":"SKIP","floor":10},{"not_picked":["Thunder Strike","Reboot"],"picked":"Fission","floor":16},{"not_picked":["Chaos","Ball Lightning"],"picked":"Storm+1","floor":18},{"not_picked":["Coolheaded","Hologram","Leap"],"picked":"SKIP","floor":19},{"not_picked":["Melter","Streamline"],"picked":"Ball Lightning","floor":20},{"not_picked":["Gash","Stack","Streamline"],"picked":"SKIP","floor":24},{"not_picked":["Leap","Barrage"],"picked":"Glacier","floor":28},{"not_picked":["Thunder Strike","Core Surge"],"picked":"Echo Form","floor":33},{"not_picked":["Leap+1","Barrage+1"],"picked":"Capacitor","floor":35},{"not_picked":["Conserve Battery","Leap","Go for the Eyes"],"picked":"SKIP","floor":36},{"not_picked":["Coolheaded","Auto Shields","Streamline+1"],"picked":"SKIP","floor":38},{"not_picked":["Glacier","Sweeping Beam+1"],"picked":"White Noise","floor":44},{"not_picked":["Rebound+1","Scrape+1"],"picked":"Capacitor","floor":46},{"not_picked":["Beam Cell","Rebound+1"],"picked":"Loop+1","floor":48}],"player_experience":1045234,"relics_obtained":[{"floor":6,"key":"Mummified Hand"},{"floor":8,"key":"Odd Mushroom"},{"floor":9,"key":"Torii"},{"floor":26,"key":"PreservedInsect"},{"floor":43,"key":"Whetstone"}],"event_choices":[{"damage_healed":0,"gold_gain":0,"player_choice":"Fought Mushrooms","damage_taken":0,"max_hp_gain":0,"max_hp_loss":0,"event_name":"Mushrooms","floor":8,"gold_loss":0},{"damage_healed":0,"gold_gain":0,"player_choice":"Success","damage_taken":3,"relics_obtained":["FossilizedHelix"],"max_hp_gain":0,"max_hp_loss":0,"event_name":"Scrap Ooze","floor":11,"gold_loss":0},{"cards_removed":["Capacitor"],"damage_healed":53,"gold_gain":0,"player_choice":"Offered Uncommon","damage_taken":0,"max_hp_gain":0,"max_hp_loss":0,"event_name":"Bonfire Elementals","floor":12,"gold_loss":0},{"damage_healed":0,"gold_gain":0,"player_choice":"Became a Ghost","damage_taken":0,"max_hp_gain":0,"max_hp_loss":38,"event_name":"Ghosts","floor":21,"gold_loss":0,"cards_obtained":["Ghostly","Ghostly","Ghostly","Ghostly","Ghostly"]},{"cards_removed":["Strike_B"],"damage_healed":0,"gold_gain":0,"player_choice":"Purged","damage_taken":0,"max_hp_gain":0,"max_hp_loss":0,"event_name":"Purifier","floor":22,"gold_loss":0},{"damage_healed":0,"gold_gain":0,"player_choice":"Read","damage_taken":0,"max_hp_gain":0,"max_hp_loss":0,"event_name":"The Library","floor":31,"gold_loss":0,"cards_obtained":["Storm"]},{"damage_healed":0,"gold_gain":0,"player_choice":"Ignored","damage_taken":0,"max_hp_gain":0,"max_hp_loss":0,"event_name":"Tomb of Lord Red Mask","floor":37,"gold_loss":0},{"damage_healed":0,"gold_gain":0,"player_choice":"Max HP","damage_taken":0,"max_hp_gain":0,"max_hp_loss":2,"event_name":"Winding Halls","floor":41,"gold_loss":0},{"damage_healed":0,"gold_gain":0,"cards_transformed":["Defend_B"],"player_choice":"Transformed","damage_taken":0,"max_hp_gain":0,"max_hp_loss":0,"event_name":"Transmorgrifier","floor":45,"gold_loss":0,"cards_obtained":["Defragment"]}],"is_beta":false,"boss_relics":[{"not_picked":["Calling Bell","Busted Crown"],"picked":"Sozu"},{"not_picked":["FrozenCore","Fusion Hammer"],"picked":"Astrolabe"}],"items_purged_floors":[14,29],"is_endless":false,"potions_floor_spawned":[1,4,5,16,18,20,28,36,44,46],"ascension_level":0}