{"gold_per_floor":[214,214,119,130,150,150,179,179,179,104,120,120,135,145,145,249,249,269,229,28,27,46,46,73,73,147,157,37,37,37,50,50,152,152,172,190,202,58,70,70,140,168,168,4,24,24,37,18,18,18],"floor_reached":51,"playtime":2098,"items_purged":["Strike_R"],"score":724,"play_id":"5ef16966-e824-4bbc-aaa5-974a60657c5b","local_time":"20190507140248","is_ascension_mode":false,"campfire_choices":[{"data":"Whirlwind","floor":6,"key":"SMITH"},{"data":"Clothesline","floor":8,"key":"SMITH"},{"data":"Disarm","floor":12,"key":"SMITH"},{"data":"Bash","floor":15,"key":"SMITH"},{"data":"True Grit","floor":23,"key":"SMITH"},{"data":"Anger","floor":25,"key":"SMITH"},{"data":"Defend_R","floor":30,"key":"SMITH"},{"data":"Defend_R","floor":32,"key":"SMITH"},{"data":"Perfected Strike","floor":40,"key":"SMITH"},{"data":"Corruption","floor":49,"key":"SMITH"}],"neow_cost":"NONE","seed_source_timestamp":291459580607400,"circlet_count":0,"master_deck":["Strike_R","Strike_R","Strike_R","Strike_R","Defend_R","Defend_R+1","Defend_R+1","Defend_R","Bash+1","Clothesline+1","Disarm+1","Pommel Strike","Whirlwind+1","Perfected Strike+1","Impervious","True Grit+1","Exhume","Hemokinesis+1","Flame Barrier+1","Shrug It Off+1","Feel No Pain+1","Perfected Strike+1","Flex+1","Exhume","Blood for Blood+1","Feel No Pain+1","Headbutt+1","Metallicize","Perfected Strike+1","Seeing Red+1","Twin Strike+1","Corruption+1","Inflame","Shockwave","Battle Trance","Disarm+1"],"relics":["Burning Blood","Unceasing Top","Meat on the Bone","Eternal Feather","Membership Card","FossilizedHelix","Gremlin Horn","ClockworkSouvenir","Mark of Pain","OrangePellets","Pear","Pen Nib","The Courier","Art of War"],"potions_floor_usage":[16,24,33,33,33,50,50,50],"damage_taken":[{"damage":1,"enemies":"Jaw Worm","floor":1,"turns":3},{"damage":1,"enemies":"Cultist","floor":4,"turns":3},{"damage":0,"enemies":"Small Slimes","floor":5,"turns":3},{"damage":31,"enemies":"3 Sentries","floor":7,"turns":4},{"damage":5,"enemies":"Red Slaver","floor":11,"turns":5},{"damage":2,"enemies":"Looter","floor":13,"turns":4},{"damage":1,"enemies":"2 Fungi Beasts","floor":14,"turns":4},{"damage":19,"enemies":"Hexaghost","floor":16,"turns":7},{"damage":5,"enemies":"Chosen","floor":18,"turns":5},{"damage":31,"enemies":"2 Thieves","floor":21,"turns":5},{"damage":24,"enemies":"Cultist and Chosen","floor":22,"turns":8},{"damage":18,"enemies":"Book of Stabbing","floor":24,"turns":12},{"damage":28,"enemies":"Centurion and Healer","floor":27,"turns":9},{"damage":1,"enemies":"Snecko","floor":31,"turns":5},{"damage":17,"enemies":"Collector","floor":33,"turns":8},{"damage":0,"enemies":"3 Shapes","floor":35,"turns":5},{"damage":30,"enemies":"3 Darklings","floor":36,"turns":5},{"damage":2,"enemies":"Writhing Mass","floor":37,"turns":8},{"damage":3,"enemies":"Sphere and 2 Shapes","floor":39,"turns":9},{"damage":59,"enemies":"Giant Head","floor":42,"turns":11},{"damage":12,"enemies":"Transient","floor":45,"turns":5},{"damage":15,"enemies":"Maw","floor":47,"turns":8},{"damage":24,"enemies":"Donu and Deca","floor":50,"turns":10}],"seed_played":"-7155555299047212469","potions_obtained":[{"floor":4,"key":"Strength Potion"},{"floor":5,"key":"PowerPotion"},{"floor":18,"key":"SkillPotion"},{"floor":24,"key":"PowerPotion"},{"floor":31,"key":"SteroidPotion"},{"floor":33,"key":"BloodPotion"},{"floor":35,"key":"Weak Potion"},{"floor":36,"key":"AttackPotion"}],"is_trial":false,"path_per_floor":["M","?","$","M","M","R","E","R","T","$","M","R","M","M","R","B",null,"M","?","$","M","M","R","E","R","T","M","$","?","R","M","R","B",null,"M","M","M","$","M","R","T","E","T","$","M","?","M","$","R","B",null],"character_chosen":"IRONCLAD","items_purchased":["Disarm","Pommel Strike","Membership Card","ClockworkSouvenir","Dexterity Potion","OrangePellets","Metallicize","Perfected Strike","Corruption","Inflame","Shockwave","Battle Trance","Art of War","SpeedPotion"],"campfire_rested":0,"item_purchase_floors":[3,3,20,28,28,38,38,38,44,44,44,44,44,48],"current_hp_per_floor":[80,80,80,80,80,80,55,55,55,55,56,56,60,65,65,52,80,80,80,80,55,49,61,49,61,61,51,51,51,63,68,80,69,80,80,56,60,60,63,80,90,49,49,49,55,55,58,58,79,70],"gold":18,"neow_bonus":"HUNDRED_GOLD","is_prod":false,"is_daily":false,"chose_seed":false,"campfire_upgraded":10,"win_rate":1,"timestamp":1557262968,"path_taken":["M","?","?","M","M","R","E","R","T","$","M","R","M","M","R","BOSS","M","?","$","M","M","R","E","R","T","M","?","?","R","M","R","BOSS","M","M","M","$","M","R","?","E","T","$","M","?","M","$","R","BOSS"],"build_version":"2019-01-23","purchased_purges":1,"victory":true,"max_hp_per_floor":[80,80,80,80,80,80,80,80,80,80,80,80,80,80,80,80,80,80,80,80,80,80,80,80,80,80,80,80,80,80,80,80,80,80,80,80,80,80,80,80,90,90,90,90,90,90,90,90,90,90],"card_choices":[{"not_picked":["Iron Wave","Flex"],"picked":"Clothesline","floor":1},{"not_picked":["Havoc","Warcry"],"picked":"Whirlwind","floor":4},{"not_picked":["Clash","Iron Wave"],"picked":"Perfected Strike","floor":5},{"not_picked":["Iron Wave","Body Slam"],"picked":"Impervious","floor":7},{"not_picked":["Pummel","Havoc"],"picked":"True Grit","floor":11},{"not_picked":["Bloodletting","Sword Boomerang","Havoc"],"picked":"SKIP","floor":13},{"not_picked":["Clash","Pommel Strike"],"picked":"Anger","floor":14},{"not_picked":["Barricade","Fiend Fire"],"picked":"Exhume","floor":16},{"not_picked":["Heavy Blade+1","Reckless Charge"],"picked":"Hemokinesis+1","floor":18},{"not_picked":["Uppercut","Warcry+1"],"picked":"Flame Barrier+1","floor":21},{"not_picked":["Flex+1","Rupture+1"],"picked":"Shrug It Off+1","floor":22},{"not_picked":["Carnage","Armaments"],"picked":"Feel No Pain+1","floor":24},{"not_picked":["Armaments","Twin Strike"],"picked":"Perfected Strike+1","floor":27},{"not_picked":["Bloodletting","Sentinel+1"],"picked":"Flex+1","floor":31},{"not_picked":["Fiend Fire","Bludgeon"],"picked":"Exhume","floor":33},{"not_picked":["Anger","Clash+1"],"picked":"Blood for Blood+1","floor":35},{"not_picked":["Heavy Blade","Thunderclap"],"picked":"Feel No Pain+1","floor":36},{"not_picked":["Shrug It Off","Anger+1"],"picked":"Headbutt+1","floor":37},{"not_picked":["Havoc","Power Through"],"picked":"Seeing Red+1","floor":39},{"not_picked":["Hemokinesis+1","Anger+1"],"picked":"Twin Strike+1","floor":42},{"not_picked":["Perfected Strike","Heavy Blade+1"],"picked":"Disarm+1","floor":45},{"not_picked":["Combust","Evolve","Searing Blow"],"picked":"SKIP","floor":47}],"player_experience":749598,"relics_obtained":[{"floor":7,"key":"Unceasing Top"},{"floor":9,"key":"Meat on the Bone"},{"floor":24,"key":"FossilizedHelix"},{"floor":26,"key":"Gremlin Horn"},{"floor":41,"key":"Pear"},{"floor":42,"key":"Pen Nib"},{"floor":43,"key":"The Courier"}],"event_choices":[{"damage_healed":0,"gold_gain":0,"player_choice":"Ignored","damage_taken":0,"max_hp_gain":0,"max_hp_loss":0,"event_name":"NoteForYourself","floor":2,"gold_loss":0},{"damage_healed":0,"gold_gain":0,"player_choice":"Upgrade","damage_taken":0,"max_hp_gain":0,"max_hp_loss":0,"event_name":"Designer","floor":19,"gold_loss":40,"cards_upgraded":["Perfected Strike"]},{"damage_healed":0,"gold_gain":0,"player_choice":"Ignored","damage_taken":0,"max_hp_gain":0,"max_hp_loss":0,"event_name":"N\u0027loth","floor":29,"gold_loss":0},{"cards_removed":["Anger"],"damage_healed":0,"gold_gain":0,"player_choice":"Removed Attack","damage_taken":0,"max_hp_gain":0,"max_hp_loss":0,"event_name":"Falling","floor":46,"gold_loss":0}],"is_beta":false,"boss_relics":[{"not_picked":["Empty Cage","Black Star"],"picked":"Eternal Feather"},{"not_picked":["Runic Pyramid","Calling Bell"],"picked":"Mark of Pain"}],"items_purged_floors":[10],"is_endless":false,"potions_floor_spawned":[4,5,18,24,31,33,35,36,45],"ascension_level":0}