{"gold_per_floor":[109,124,141,191,161,190,251,251,251,251,216,231,34,63,63,160,160,177,196,196,211,223,248,248,267,267,298,398,77,77,127,127,229,229,247,260,260,33,53,84,84,84,84,119,134,234,244,394,394,419],"floor_reached":51,"playtime":2459,"items_purged":["Strike_R+1"],"score":928,"play_id":"70f7e4fb-7e1b-4517-8130-7827b8de7059","local_time":"20190503152357","is_ascension_mode":false,"campfire_choices":[{"data":"Uppercut","floor":8.0,"key":"SMITH"},{"data":"Carnage","floor":10.0,"key":"SMITH"},{"data":"Armaments","floor":15.0,"key":"SMITH"},{"data":"Fiend Fire","floor":24,"key":"SMITH"},{"data":"Corruption","floor":32,"key":"SMITH"},{"data":"Limit Break","floor":41,"key":"SMITH"},{"data":"Apotheosis","floor":49,"key":"SMITH"}],"neow_cost":"PERCENT_DAMAGE","seed_source_timestamp":1829340872019900,"circlet_count":0,"master_deck":["Strike_R+1","Strike_R+1","Strike_R+1","Strike_R+1","Defend_R+1","Defend_R+1","Defend_R+1","Defend_R+1","Bash","Clothesline","Armaments+1","Feel No Pain","Uppercut+1","Carnage+1","Reaper+1","Anger","Flame Barrier","Fiend Fire+1","True Grit","Feel No Pain","Feel No Pain","Battle Trance+1","Pommel Strike","Warcry+1","Immolate","Spot Weakness","Corruption+1","Shrug It Off","Limit Break+1","Shrug It Off+1","Shockwave+1","Warcry+1","Warcry+1","HandOfGreed","Apotheosis+1","Blind","Headbutt","Shockwave","Pommel Strike+1"],"special_seed":0,"relics":["Burning Blood","Self Forming Clay","Champion Belt","Lantern","Orichalcum","Whetstone","Runic Dome","Ornamental Fan","Pantograph","Red Skull","Ginger","Bottled Tornado","Pen Nib","Boot","Coffee Dripper","Anchor","FossilizedHelix","Bottled Lightning","Darkstone Periapt","Dead Branch"],"potions_floor_usage":[23,27,33,50,50,50],"damage_taken":[{"damage":12.0,"enemies":"Jaw Worm","floor":1.0,"turns":5.0},{"damage":0.0,"enemies":"2 Louse","floor":2.0,"turns":3.0},{"damage":0.0,"enemies":"Small Slimes","floor":3.0,"turns":3.0},{"damage":0.0,"enemies":"Looter","floor":5.0,"turns":4.0},{"damage":33.0,"enemies":"Lagavulin","floor":6.0,"turns":10.0},{"damage":25.0,"enemies":"Gremlin Nob","floor":7.0,"turns":4.0},{"damage":7.0,"enemies":"Exordium Wildlife","floor":12.0,"turns":3.0},{"damage":5.0,"enemies":"3 Sentries","floor":14.0,"turns":6.0},{"damage":38.0,"enemies":"Slime Boss","floor":16.0,"turns":12.0},{"damage":0,"enemies":"Chosen","floor":18,"turns":4},{"damage":11,"enemies":"2 Thieves","floor":19,"turns":3},{"damage":3,"enemies":"Snake Plant","floor":21,"turns":3},{"damage":5,"enemies":"Chosen and Byrds","floor":22,"turns":7},{"damage":25,"enemies":"Gremlin Leader","floor":23,"turns":5},{"damage":10,"enemies":"Centurion and Healer","floor":25,"turns":7},{"damage":15,"enemies":"Slavers","floor":27,"turns":6},{"damage":3,"enemies":"Colosseum Slavers","floor":28,"turns":2},{"damage":3,"enemies":"Colosseum Nobs","floor":28,"turns":5},{"damage":36,"enemies":"Automaton","floor":33,"turns":11},{"damage":22,"enemies":"3 Darklings","floor":35,"turns":8},{"damage":1,"enemies":"3 Shapes","floor":36,"turns":5},{"damage":1,"enemies":"3 Darklings","floor":39,"turns":4},{"damage":4,"enemies":"Giant Head","floor":40,"turns":7},{"damage":0,"enemies":"Nemesis","floor":44,"turns":5},{"damage":0,"enemies":"Jaw Worm Horde","floor":45,"turns":4},{"damage":0,"enemies":"Transient","floor":47,"turns":5},{"damage":0,"enemies":"Mind Bloom Boss Battle","floor":48,"turns":11},{"damage":15,"enemies":"Awakened One","floor":50,"turns":4}],"seed_played":"-3806889593383646431","potions_obtained":[{"floor":2.0,"key":"SteroidPotion"},{"floor":7.0,"key":"BloodPotion"},{"floor":12.0,"key":"FearPotion"},{"floor":16.0,"key":"PowerPotion"},{"floor":18,"key":"Weak Potion"},{"floor":23,"key":"LiquidBronze"},{"floor":33,"key":"Strength Potion"},{"floor":40,"key":"AttackPotion"}],"is_trial":false,"path_per_floor":["M","M","M","?","M","E","?","R","T","R","?","M","$","E","R","B",null,"M","M","?","M","M","E","R","M","T","E","?","$","?","T","R","B",null,"M","M","?","$","M","E","R","?","T","E","M","?","M","?","R","B",null],"character_chosen":"IRONCLAD","items_purchased":["Orichalcum","Anger","Pen Nib","Corruption","Shrug It Off","Strength Potion","Anchor"],"campfire_rested":0,"item_purchase_floors":[13,13,29,29,29,29,38],"current_hp_per_floor":[66,72,78,78,84,57,38,38,38,38,62,61,61,70,70,44,96,96,96,96,96,96,90,90,86,86,82,88,88,69,69,69,77,101,94,99,99,99,101,101,101,91,91,97,101,101,101,101,101,92],"gold":419,"neow_bonus":"TWENTY_PERCENT_HP_BONUS","is_prod":false,"is_daily":false,"chose_seed":false,"campfire_upgraded":7,"win_rate":1,"timestamp":1556922237,"path_taken":["M","M","M","?","M","E","?","R","T","R","?","M","$","E","R","BOSS","M","M","?","M","M","E","R","M","T","E","?","$","?","?","R","BOSS","M","M","?","$","M","E","R","?","T","E","M","?","?","?","R","BOSS"],"build_version":"2019-01-23","purchased_purges":1,"victory":true,"max_hp_per_floor":[96,96,96,96,96,96,96,96,96,96,96,96,96,96,96,96,96,96,96,96,96,96,96,96,96,96,96,96,96,101,101,101,101,101,101,101,101,101,101,101,101,101,101,101,101,101,101,101,101,101],"card_choices":[{"not_picked":["Anger","Clash"],"picked":"Clothesline","floor":1.0},{"not_picked":["Pommel Strike","Flame Barrier"],"picked":"Armaments","floor":2.0},{"not_picked":["True Grit","Heavy Blade"],"picked":"Feel No Pain","floor":3.0},{"not_picked":["Power Through","Body Slam"],"picked":"Uppercut","floor":5.0},{"not_picked":["Thunderclap","Heavy Blade"],"picked":"Carnage","floor":6.0},{"not_picked":["Burning Pact","Shrug It Off"],"picked":"Reaper","floor":12.0},{"not_picked":["Blood for Blood","Wild Strike"],"picked":"Flame Barrier","floor":14.0},{"not_picked":["Berserk","Dark Embrace"],"picked":"Fiend Fire","floor":16.0},{"not_picked":["Clash+1","Hemokinesis","True Grit"],"picked":"SKIP","floor":18},{"not_picked":["Clash+1","Hemokinesis"],"picked":"True Grit","floor":18},{"not_picked":["Dual Wield","Dropkick"],"picked":"Feel No Pain","floor":19},{"not_picked":["Heavy Blade","Clash"],"picked":"Feel No Pain","floor":21},{"not_picked":["Anger","Wild Strike"],"picked":"Battle Trance+1","floor":22},{"not_picked":["Warcry","Wild Strike"],"picked":"Pommel Strike","floor":23},{"not_picked":["Sword Boomerang","Havoc"],"picked":"Warcry+1","floor":25},{"not_picked":["Feed","Havoc"],"picked":"Immolate","floor":27},{"not_picked":["Pummel","Pommel Strike+1"],"picked":"Spot Weakness","floor":28},{"not_picked":["Demon Form","Berserk"],"picked":"Limit Break","floor":33},{"not_picked":["Seeing Red","Rupture+1"],"picked":"Shrug It Off+1","floor":35},{"not_picked":["Flame Barrier+1","Havoc+1"],"picked":"Shockwave+1","floor":36},{"not_picked":["Sword Boomerang","Armaments"],"picked":"Warcry+1","floor":39},{"not_picked":["Bloodletting+1","Sever Soul+1"],"picked":"Warcry+1","floor":40},{"not_picked":["Panache","Deep Breath"],"picked":"HandOfGreed","floor":42},{"not_picked":["Magnetism","Metamorphosis"],"picked":"Apotheosis","floor":42},{"not_picked":["Impatience","Panacea"],"picked":"Blind","floor":42},{"not_picked":["Clash+1","Dropkick","Entrench+1"],"picked":"SKIP","floor":44},{"not_picked":["Warcry","Thunderclap"],"picked":"Headbutt","floor":45},{"not_picked":["Sword Boomerang+1","Shockwave","Second Wind+1"],"picked":"SKIP","floor":47},{"not_picked":["Sword Boomerang+1","Second Wind+1"],"picked":"Shockwave","floor":47},{"not_picked":["Burning Pact","Bludgeon"],"picked":"Pommel Strike+1","floor":48}],"player_experience":711502,"relics_obtained":[{"floor":6.0,"key":"Self Forming Clay"},{"floor":7.0,"key":"Champion Belt"},{"floor":9.0,"key":"Lantern"},{"floor":14.0,"key":"Whetstone"},{"floor":23,"key":"Ornamental Fan"},{"floor":26,"key":"Pantograph"},{"floor":27,"key":"Red Skull"},{"floor":28,"key":"Ginger"},{"floor":28,"key":"Bottled Tornado"},{"floor":31,"key":"Boot"},{"floor":40,"key":"FossilizedHelix"},{"floor":43,"key":"Bottled Lightning"},{"floor":44,"key":"Darkstone Periapt"},{"floor":48,"key":"Dead Branch"}],"event_choices":[{"damage_healed":0.0,"max_hp_gain":0.0,"max_hp_loss":0.0,"gold_gain":50.0,"event_name":"Golden Wing","player_choice":"Gained Gold","floor":4.0,"gold_loss":0.0,"damage_taken":0.0},{"damage_healed":0.0,"max_hp_gain":0.0,"max_hp_loss":0.0,"gold_gain":30.0,"event_name":"Dead Adventurer","player_choice":"Searched \u00273\u0027 times","floor":7.0,"gold_loss":0.0,"damage_taken":0.0},{"damage_healed":24.0,"max_hp_gain":0.0,"max_hp_loss":0.0,"gold_gain":0.0,"event_name":"The Cleric","player_choice":"Healed","floor":11.0,"gold_loss":35.0,"damage_taken":0.0},{"damage_healed":0,"gold_gain":0,"player_choice":"Simplicity","damage_taken":0,"max_hp_gain":0,"max_hp_loss":0,"event_name":"Back to Basics","floor":20,"gold_loss":0,"cards_upgraded":["Strike_R","Strike_R","Strike_R","Strike_R","Defend_R","Defend_R","Defend_R","Defend_R"]},{"damage_healed":0,"gold_gain":0,"player_choice":"Fight","damage_taken":0,"max_hp_gain":0,"max_hp_loss":0,"event_name":"Colosseum","floor":28,"gold_loss":0},{"damage_healed":0,"gold_gain":0,"player_choice":"Fought Nobs","damage_taken":0,"max_hp_gain":0,"max_hp_loss":0,"event_name":"Colosseum","floor":28,"gold_loss":0},{"damage_healed":0,"gold_gain":0,"player_choice":"Shed Blood","damage_taken":24,"max_hp_gain":5,"max_hp_loss":0,"event_name":"Forgotten Altar","floor":30,"gold_loss":0},{"damage_healed":0,"gold_gain":0,"player_choice":"Ignored","damage_taken":0,"max_hp_gain":0,"max_hp_loss":0,"event_name":"Tomb of Lord Red Mask","floor":37,"gold_loss":0},{"damage_healed":0,"gold_gain":0,"player_choice":"Memory 3","damage_taken":10,"max_hp_gain":0,"max_hp_loss":0,"event_name":"SensoryStone","floor":42,"gold_loss":0},{"damage_healed":0,"gold_gain":100,"player_choice":"Pray","damage_taken":0,"max_hp_gain":0,"max_hp_loss":0,"event_name":"Golden Shrine","floor":46,"gold_loss":0},{"damage_healed":0,"gold_gain":0,"player_choice":"Fight","damage_taken":0,"max_hp_gain":0,"max_hp_loss":0,"event_name":"MindBloom","floor":48,"gold_loss":0}],"is_beta":false,"boss_relics":[{"not_picked":["Ectoplasm","Eternal Feather"],"picked":"Runic Dome"},{"not_picked":["Snecko Eye","Black Star"],"picked":"Coffee Dripper"}],"items_purged_floors":[38],"is_endless":false,"potions_floor_spawned":[2,7,12,16,18,23,28,33,40,44],"ascension_level":0}