{"gold_per_floor":[115,115,129,129,147,174,187,198,252,262,282,294,294,308,308,406,406,420,345,359,359,359,359,359,378,378,378,393,308,308,325,325,325],"floor_reached":33,"playtime":1609,"items_purged":["Strike_G"],"score":354,"play_id":"53e0da00-179d-4699-b605-3c9576500cf2","local_time":"20190507174503","is_ascension_mode":true,"campfire_choices":[{"floor":13,"key":"REST"},{"floor":15,"key":"REST"},{"floor":23,"key":"REST"},{"floor":27,"key":"REST"},{"floor":32,"key":"REST"}],"neow_cost":"NONE","seed_source_timestamp":431039001797931,"circlet_count":0,"master_deck":["Defend_G","Defend_G","Defend_G","Defend_G","Defend_G","Strike_G","Strike_G","Strike_G","Strike_G","Survivor","Neutralize","Poisoned Stab","Poisoned Stab","Footwork","Footwork","Adrenaline","Bouncing Flask+1","Bouncing Flask+1","Poisoned Stab+1","Well Laid Plans+1"],"relics":["Ring of the Snake","NeowsBlessing","Thread and Needle","Snake Skull","White Beast Statue","MutagenicStrength","Question Card","Toxic Egg 2"],"potions_floor_usage":[1,8,14,14,16,20,20,25,28,31,33],"damage_taken":[{"damage":0,"enemies":"Jaw Worm","floor":1,"turns":1},{"damage":0,"enemies":"Cultist","floor":3,"turns":1},{"damage":0,"enemies":"Small Slimes","floor":5,"turns":1},{"damage":54,"enemies":"3 Sentries","floor":6,"turns":14},{"damage":0,"enemies":"3 Louse","floor":7,"turns":5},{"damage":0,"enemies":"Lots of Slimes","floor":8,"turns":4},{"damage":1,"enemies":"Large Slime","floor":10,"turns":5},{"damage":0,"enemies":"3 Louse","floor":11,"turns":4},{"damage":0,"enemies":"Blue Slaver","floor":12,"turns":4},{"damage":0,"enemies":"Exordium Thugs","floor":14,"turns":4},{"damage":22,"enemies":"The Guardian","floor":16,"turns":11},{"damage":22,"enemies":"Chosen","floor":18,"turns":8},{"damage":10,"enemies":"3 Byrds","floor":20,"turns":6},{"damage":11,"enemies":"Centurion and Healer","floor":25,"turns":5},{"damage":13,"enemies":"Snake Plant","floor":28,"turns":3},{"damage":28,"enemies":"3 Cultists","floor":31,"turns":7},{"damage":65,"enemies":"Automaton","floor":33,"turns":6}],"seed_played":"-9064654895115743161","potions_obtained":[{"floor":1,"key":"Fruit Juice"},{"floor":7,"key":"GhostInAJar"},{"floor":8,"key":"Strength Potion"},{"floor":11,"key":"Dexterity Potion"},{"floor":12,"key":"Explosive Potion"},{"floor":16,"key":"Poison Potion"},{"floor":18,"key":"Strength Potion"},{"floor":20,"key":"Weak Potion"},{"floor":25,"key":"SpeedPotion"},{"floor":28,"key":"Dexterity Potion"},{"floor":31,"key":"Poison Potion"}],"is_trial":false,"path_per_floor":["M","?","M","$","M","E","M","M","T","M","M","M","R","M","R","B",null,"M","$","M","?","?","R","?","M","T","R","M","?","?","M","R","B"],"character_chosen":"THE_SILENT","items_purchased":[],"campfire_rested":5,"item_purchase_floors":[],"current_hp_per_floor":[68,68,68,68,68,14,14,14,14,13,13,13,35,35,57,35,65,43,43,33,33,33,55,55,44,44,66,53,53,53,25,47,0],"gold":325,"neow_bonus":"THREE_ENEMY_KILL","is_prod":false,"is_daily":false,"chose_seed":false,"campfire_upgraded":0,"win_rate":0,"timestamp":1557243903,"path_taken":["M","?","M","$","?","E","M","M","T","M","?","M","R","M","R","BOSS","M","$","M","?","?","R","?","?","T","R","M","?","?","M","R","BOSS"],"build_version":"2019-01-23","purchased_purges":1,"victory":false,"max_hp_per_floor":[75,75,75,75,75,75,75,75,75,75,75,75,75,75,75,75,75,75,75,75,75,75,75,75,75,75,75,75,75,75,75,75,75],"card_choices":[{"not_picked":["Flechettes","Acrobatics","Bane"],"picked":"SKIP","floor":1},{"not_picked":["Prepared","Dodge and Roll","Flying Knee"],"picked":"SKIP","floor":3},{"not_picked":["Distraction","Bane","Heel Hook"],"picked":"SKIP","floor":5},{"not_picked":["Distraction","Bane","Heel Hook"],"picked":"SKIP","floor":5},{"not_picked":["Bane","Setup"],"picked":"Poisoned Stab","floor":6},{"not_picked":["Concentrate","Expertise"],"picked":"Poisoned Stab","floor":7},{"not_picked":["Backflip","Deadly Poison"],"picked":"Footwork","floor":8},{"not_picked":["Wraith Form v2","Expertise","Outmaneuver"],"picked":"SKIP","floor":10},{"not_picked":["Poisoned Stab","PiercingWail","Acrobatics"],"picked":"SKIP","floor":11},{"not_picked":["Quick Slash","Flying Knee"],"picked":"Footwork","floor":12},{"not_picked":["Cloak And Dagger","Flying Knee","Prepared"],"picked":"SKIP","floor":14},{"not_picked":["Unload","Corpse Explosion"],"picked":"Adrenaline","floor":16},{"not_picked":["Dagger Throw+1","Dodge and Roll","Slice"],"picked":"SKIP","floor":18},{"not_picked":["Terror","Backflip"],"picked":"Bouncing Flask+1","floor":20},{"not_picked":["Deadly Poison","Dagger Spray","Acrobatics"],"picked":"SKIP","floor":25},{"not_picked":["Sucker Punch","Masterful Stab+1","Escape Plan+1"],"picked":"Poisoned Stab+1","floor":28},{"not_picked":["Poisoned Stab+1","Accuracy","Acrobatics+1"],"picked":"Well Laid Plans+1","floor":31}],"player_experience":425730,"relics_obtained":[{"floor":6,"key":"Thread and Needle"},{"floor":9,"key":"Snake Skull"},{"floor":26,"key":"Question Card"}],"event_choices":[{"damage_healed":0,"gold_gain":0,"player_choice":"Bought 0 Potions","damage_taken":0,"max_hp_gain":0,"max_hp_loss":0,"event_name":"The Woman in Blue","floor":2,"gold_loss":0},{"damage_healed":0,"gold_gain":0,"player_choice":"Inject Mutagens","damage_taken":0,"relics_obtained":["MutagenicStrength"],"max_hp_gain":0,"max_hp_loss":0,"event_name":"Drug Dealer","floor":21,"gold_loss":0},{"damage_healed":0,"gold_gain":0,"player_choice":"Ignored","damage_taken":0,"max_hp_gain":0,"max_hp_loss":0,"event_name":"Vampires","floor":22,"gold_loss":0},{"damage_healed":0,"gold_gain":0,"player_choice":"Copied","damage_taken":0,"max_hp_gain":0,"max_hp_loss":0,"event_name":"Duplicator","floor":24,"gold_loss":0,"cards_obtained":["Bouncing Flask"]},{"damage_healed":0,"gold_gain":0,"player_choice":"Obtained Relic","damage_taken":0,"relics_obtained":["Toxic Egg 2"],"max_hp_gain":0,"max_hp_loss":0,"event_name":"Addict","floor":29,"gold_loss":85},{"damage_healed":0,"gold_gain":0,"player_choice":"Ignored","damage_taken":0,"max_hp_gain":0,"max_hp_loss":0,"event_name":"Cursed Tome","floor":30,"gold_loss":0}],"is_beta":false,"boss_relics":[{"not_picked":["Sozu","Astrolabe"],"picked":"White Beast Statue"}],"items_purged_floors":[19],"is_endless":false,"potions_floor_spawned":[1,7,8,11,12,16,18,20,25,28,31],"killed_by":"Automaton","ascension_level":8}