{"gold_per_floor":[165,184,184,198,218,231,231,231,284,284,298,332,332,347,347,478,478,503,524,524,564,273,293,293,293,293,317,317,89,89,104,104,225,225,250,1249,1249,1273,838,838,422,422,422,446,668,148,148,148,148,148],"floor_reached":51,"playtime":2919,"items_purged":["Strike_B","Shame","Normality","Normality","Regret"],"score":770,"play_id":"245757d5-4cb6-4a9b-8405-5ab46c676293","local_time":"20190501032850","is_ascension_mode":false,"campfire_choices":[{"data":"Zap","floor":7.0,"key":"SMITH"},{"data":"Zap","floor":10.0,"key":"SMITH"},{"data":"Defragment","floor":13.0,"key":"SMITH"},{"data":"Hologram","floor":15.0,"key":"SMITH"},{"data":"Defragment","floor":24.0,"key":"SMITH"},{"data":"Multi-Cast","floor":28.0,"key":"SMITH"},{"data":"Reinforced Body","floor":30.0,"key":"SMITH"},{"data":"Seek","floor":32.0,"key":"SMITH"},{"data":"Amplify","floor":40.0,"key":"SMITH"},{"data":"1","floor":47,"key":"LIFT"},{"data":"2","floor":49,"key":"LIFT"}],"neow_cost":"NONE","seed_source_timestamp":0,"circlet_count":0,"master_deck":["Strike_B","Strike_B","Strike_B+1","Defend_B","Defend_B","Defend_B","Defend_B","Zap+1","Dualcast","Conserve Battery","Conserve Battery","Zap+1","Hologram+1","Seek+1","Ball Lightning","Glacier","Hello World","Defragment+1","Machine Learning","Meteor Strike+1","Reinforced Body+1","Coolheaded+1","Defragment+1","Multi-Cast+1","Reinforced Body","Echo Form","Skim+1","Heatsinks+1","Storm","Meteor Strike+1","Amplify+1","Capacitor","Ball Lightning","The Bomb","Hello World","Stack"],"special_seed":0,"relics":["Tiny House","Golden Idol","Pen Nib","Bottled Tornado","Snecko Eye","Red Mask","Membership Card","Tiny Chest","Anchor","Question Card","Lee\u0027s Waffle","Orichalcum","Cursed Key","Bag of Preparation","DollysMirror","Dream Catcher","Chemical X","Whetstone","Juzu Bracelet","Singing Bowl","Girya","Letter Opener","Cauldron"],"potions_floor_usage":[50,50,50,50,50,50],"damage_taken":[{"damage":6.0,"enemies":"Jaw Worm","floor":1.0,"turns":4.0},{"damage":0.0,"enemies":"Cultist","floor":2.0,"turns":3.0},{"damage":0.0,"enemies":"Small Slimes","floor":4.0,"turns":4.0},{"damage":2.0,"enemies":"Blue Slaver","floor":5.0,"turns":4.0},{"damage":0.0,"enemies":"Exordium Wildlife","floor":6.0,"turns":3.0},{"damage":2.0,"enemies":"2 Fungi Beasts","floor":11.0,"turns":4.0},{"damage":0.0,"enemies":"Lagavulin","floor":12.0,"turns":5.0},{"damage":0.0,"enemies":"3 Louse","floor":14.0,"turns":4.0},{"damage":30.0,"enemies":"The Guardian","floor":16.0,"turns":9.0},{"damage":15.0,"enemies":"3 Byrds","floor":18.0,"turns":5.0},{"damage":1.0,"enemies":"Spheric Guardian","floor":19.0,"turns":4.0},{"damage":27.0,"enemies":"Masked Bandits","floor":21.0,"turns":4.0},{"damage":0.0,"enemies":"Snecko","floor":23.0,"turns":4.0},{"damage":1.0,"enemies":"Snake Plant","floor":27.0,"turns":3.0},{"damage":0.0,"enemies":"Centurion and Healer","floor":31.0,"turns":7.0},{"damage":2.0,"enemies":"Champ","floor":33.0,"turns":10.0},{"damage":25.0,"enemies":"3 Darklings","floor":35.0,"turns":7.0},{"damage":10.0,"enemies":"Orb Walker","floor":38.0,"turns":3.0},{"damage":1,"enemies":"4 Shapes","floor":44,"turns":3},{"damage":0,"enemies":"Donu and Deca","floor":50,"turns":3}],"seed_played":"-2003941511941832643","potions_obtained":[{"floor":0.0,"key":"PowerPotion"},{"floor":2.0,"key":"EssenceOfSteel"},{"floor":4.0,"key":"LiquidBronze"},{"floor":5.0,"key":"Regen Potion"},{"floor":21.0,"key":"FearPotion"},{"floor":31.0,"key":"SpeedPotion"},{"floor":33.0,"key":"SpeedPotion"},{"floor":35.0,"key":"PowerPotion"},{"floor":46,"key":"EntropicBrew"}],"is_trial":false,"path_per_floor":["M","M","?","M","M","M","R","?","T","R","M","E","R","M","R","B",null,"M","M","?","?","$","M","R","?","T","M","R","$","R","M","R","B",null,"M","?","?","M","$","R","$","?","T","M","?","$","R","?","R","B",null],"character_chosen":"DEFECT","items_purchased":["Membership Card","Tiny Chest","Lee\u0027s Waffle","Orichalcum","Bag of Preparation","Storm","DollysMirror","Regen Potion","Dream Catcher","Amplify","Chemical X","Whetstone","Juzu Bracelet","Capacitor","Ball Lightning","Dexterity Potion","Girya","Letter Opener","Cauldron","Hello World","Stack"],"campfire_rested":0,"item_purchase_floors":[22,22,29,29,39,39,39,39,39,39,41,41,41,41,41,41,46,46,46,46,46],"current_hp_per_floor":[74,74,74,74,72,80,80,74,74,74,72,72,72,72,72,42,74,59,58,58,31,31,31,31,31,31,30,30,81,81,81,81,79,81,56,56,56,46,46,46,46,46,46,47,47,47,47,47,47,56],"gold":148,"neow_bonus":"BOSS_RELIC","is_prod":false,"is_daily":false,"chose_seed":false,"campfire_upgraded":9,"win_rate":0,"timestamp":1556702930,"path_taken":["M","M","?","M","M","?","R","?","T","R","M","E","R","M","R","BOSS","M","M","?","?","$","M","R","?","T","M","R","$","R","M","R","BOSS","M","?","?","?","$","R","$","?","T","M","?","?","R","?","R","BOSS"],"build_version":"2019-01-23","purchased_purges":5,"victory":true,"max_hp_per_floor":[80,80,80,80,80,80,80,74,74,74,74,74,74,74,74,74,74,74,74,74,74,74,74,74,74,74,74,74,81,81,81,81,81,81,81,81,81,81,81,81,81,81,81,83,83,83,83,83,83,83],"card_choices":[{"not_picked":["Hologram","Redo"],"picked":"Conserve Battery","floor":0.0},{"not_picked":["Barrage","Compile Driver","Turbo"],"picked":"SKIP","floor":1.0},{"not_picked":["Go for the Eyes","Gash"],"picked":"Conserve Battery","floor":2.0},{"not_picked":["Gash","Sweeping Beam"],"picked":"Ball Lightning","floor":4.0},{"not_picked":["BootSequence","Leap"],"picked":"Glacier","floor":5.0},{"not_picked":["Steam","Gash"],"picked":"Hello World","floor":6.0},{"not_picked":["Melter","Conserve Battery","Beam Cell"],"picked":"SKIP","floor":11.0},{"not_picked":["Lockon","Tempest"],"picked":"Defragment","floor":12.0},{"not_picked":["Steam","Chill"],"picked":"Machine Learning","floor":14.0},{"not_picked":["Echo Form","Seek"],"picked":"Meteor Strike","floor":16.0},{"not_picked":["Sweeping Beam+1","Ball Lightning+1"],"picked":"Reinforced Body","floor":18.0},{"not_picked":["Skim","Conserve Battery"],"picked":"Coolheaded+1","floor":19.0},{"not_picked":["Sweeping Beam","Glacier"],"picked":"Multi-Cast","floor":21.0},{"not_picked":["White Noise","Stack","Chaos+1"],"picked":"SKIP","floor":23.0},{"not_picked":["Go for the Eyes+1","Conserve Battery","Beam Cell","Leap"],"picked":"SKIP","floor":27.0},{"not_picked":["Heatsinks","Auto Shields","Rebound"],"picked":"Reinforced Body","floor":31.0},{"not_picked":["Hyperbeam","Reboot","Creative AI"],"picked":"Echo Form","floor":33.0},{"not_picked":["Compile Driver","Consume","Chill+1"],"picked":"Skim+1","floor":35.0},{"not_picked":["Barrage+1","Conserve Battery+1","Reinforced Body"],"picked":"Heatsinks+1","floor":38.0},{"not_picked":["Impatience","Forethought","Trip"],"picked":"The Bomb","floor":42},{"not_picked":["Fusion","Aggregate+1","Stack","Conserve Battery+1"],"picked":"Singing Bowl","floor":44}],"player_experience":1343693,"relics_obtained":[{"floor":9.0,"key":"Pen Nib"},{"floor":12.0,"key":"Bottled Tornado"},{"floor":21.0,"key":"Red Mask"},{"floor":26.0,"key":"Question Card"},{"floor":43,"key":"Singing Bowl"}],"event_choices":[{"damage_healed":0.0,"max_hp_gain":0.0,"max_hp_loss":0.0,"gold_gain":0.0,"event_name":"Match and Keep!","player_choice":"3 cards matched","floor":3.0,"gold_loss":0.0,"damage_taken":0.0,"cards_obtained":["Zap","Hologram","Seek"]},{"damage_healed":0.0,"max_hp_gain":0.0,"max_hp_loss":6.0,"gold_gain":0.0,"event_name":"Golden Idol","player_choice":"Lose Max HP","floor":8.0,"gold_loss":0.0,"damage_taken":0.0,"relics_obtained":["Golden Idol"]},{"damage_healed":0.0,"max_hp_gain":0.0,"max_hp_loss":0.0,"gold_gain":0.0,"event_name":"The Library","player_choice":"Read","floor":20.0,"gold_loss":0.0,"damage_taken":0.0,"cards_obtained":["Defragment"]},{"damage_healed":0.0,"max_hp_gain":0.0,"max_hp_loss":0.0,"gold_gain":0.0,"event_name":"Masked Bandits","player_choice":"Fought Bandits","floor":21.0,"gold_loss":0.0,"damage_taken":0.0},{"damage_healed":0.0,"max_hp_gain":0.0,"max_hp_loss":0.0,"gold_gain":0.0,"event_name":"Addict","player_choice":"Stole Relic","floor":25.0,"gold_loss":0.0,"damage_taken":0.0,"relics_obtained":["Anchor"],"cards_obtained":["Shame"]},{"damage_healed":0.0,"max_hp_gain":0.0,"max_hp_loss":0.0,"gold_gain":999.0,"event_name":"MindBloom","player_choice":"Gold","floor":36.0,"gold_loss":0.0,"damage_taken":0.0,"cards_obtained":["Normality","Normality"]},{"damage_healed":0.0,"max_hp_gain":0.0,"max_hp_loss":0.0,"gold_gain":0.0,"event_name":"NoteForYourself","player_choice":"Ignored","floor":37.0,"gold_loss":0.0,"damage_taken":0.0},{"damage_healed":0,"gold_gain":0,"player_choice":"Memory 1","damage_taken":0,"max_hp_gain":0,"max_hp_loss":0,"event_name":"SensoryStone","floor":42,"gold_loss":0},{"damage_healed":0,"gold_gain":222,"player_choice":"Wore Mask","damage_taken":0,"max_hp_gain":0,"max_hp_loss":0,"event_name":"Tomb of Lord Red Mask","floor":45,"gold_loss":0},{"damage_healed":0,"gold_gain":0,"player_choice":"Ignored","damage_taken":0,"max_hp_gain":0,"max_hp_loss":0,"event_name":"Mysterious Sphere","floor":48,"gold_loss":0}],"is_beta":false,"boss_relics":[{"not_picked":["White Beast Statue","Pandora\u0027s Box"],"picked":"Snecko Eye"},{"not_picked":["Inserter","Eternal Feather"],"picked":"Cursed Key"}],"items_purged_floors":[22,29,39,41,46],"is_endless":false,"potions_floor_spawned":[2,4,5,21,31,33,35],"ascension_level":0}