{"gold_per_floor":[109,18,18,18,18,48,48,63,63,63,74,149,160,171,171,273,273,287,287,303,138,151,151,151],"floor_reached":24,"playtime":1859,"items_purged":["Strike_B"],"score":206,"play_id":"36a6c21a-3b87-45a9-ac28-cf620008d704","local_time":"20190114015608","is_ascension_mode":true,"campfire_choices":[{"floor":7,"key":"REST"},{"data":"Capacitor","floor":10,"key":"SMITH"},{"floor":15,"key":"REST"},{"data":"Biased Cognition","floor":23,"key":"SMITH"}],"neow_cost":"NONE","seed_source_timestamp":330305362375083,"circlet_count":0,"master_deck":["Strike_B+1","Defend_B","Defend_B","Defend_B","Defend_B","Zap","Dualcast","Go for the Eyes+1","Capacitor+1","Redo","Stack","Fusion","Coolheaded","Redo","Static Discharge","Conserve Battery","Thunder Strike","Glacier","Biased Cognition+1","Barrage","Barrage","Finesse","Compile Driver"],"relics":["Cracked Core","Dream Catcher","Oddly Smooth Stone","Whetstone","Sozu"],"potions_floor_usage":[],"damage_taken":[{"damage":2,"enemies":"2 Louse","floor":1,"turns":3},{"damage":40,"enemies":"Gremlin Nob","floor":6,"turns":5},{"damage":4,"enemies":"Small Slimes","floor":8,"turns":4},{"damage":4,"enemies":"Cultist","floor":11,"turns":3},{"damage":26,"enemies":"Gremlin Gang","floor":13,"turns":3},{"damage":0,"enemies":"Red Slaver","floor":14,"turns":3},{"damage":21,"enemies":"The Guardian","floor":16,"turns":12},{"damage":0,"enemies":"Shell Parasite","floor":18,"turns":10},{"damage":14,"enemies":"Chosen","floor":20,"turns":6},{"damage":8,"enemies":"Centurion and Healer","floor":22,"turns":9},{"damage":43,"enemies":"Chosen and Byrds","floor":24,"turns":10}],"seed_played":"-3427352158649507511","potions_obtained":[{"floor":14,"key":"Poison Potion"}],"is_trial":false,"path_per_floor":["M","$","?","?","$","E","R","M","T","R","M","?","M","M","R","B",null,"M","?","M","$","M","R","M"],"character_chosen":"DEFECT","items_purchased":["Capacitor","Redo","Finesse"],"campfire_rested":2,"item_purchase_floors":[2,2,21],"current_hp_per_floor":[73,73,70,70,70,30,52,48,48,48,44,33,7,7,29,8,75,75,61,47,47,39,39,0],"gold":151,"neow_bonus":"REMOVE_CARD","is_prod":false,"is_daily":false,"chose_seed":false,"campfire_upgraded":2,"win_rate":0,"timestamp":1547452568,"path_taken":["M","$","?","?","$","E","R","M","T","R","M","?","M","M","R","BOSS","M","?","M","$","M","R","M"],"build_version":"2019-01-10","purchased_purges":1,"victory":false,"max_hp_per_floor":[75,75,75,75,75,75,75,75,75,75,75,75,75,75,75,75,75,75,80,80,80,80,80,80],"card_choices":[{"not_picked":["Beam Cell","Rip and Tear"],"picked":"Go for the Eyes","floor":1},{"not_picked":["Stack","Self Repair"],"picked":"Fusion","floor":6},{"not_picked":["Leap","Beam Cell"],"picked":"Coolheaded","floor":7},{"not_picked":["Doom and Gloom","Sweeping Beam"],"picked":"Redo","floor":8},{"not_picked":["Beam Cell","Coolheaded"],"picked":"Static Discharge","floor":11},{"not_picked":["Hologram","Streamline"],"picked":"Conserve Battery","floor":13},{"not_picked":["Double Energy","Steam"],"picked":"Thunder Strike","floor":14},{"not_picked":["Leap","Beam Cell"],"picked":"Glacier","floor":15},{"not_picked":["Creative AI","Reboot"],"picked":"Biased Cognition","floor":16},{"not_picked":["Static Discharge","Rebound"],"picked":"Barrage","floor":18},{"not_picked":["Reinforced Body+1","Leap+1"],"picked":"Barrage","floor":20},{"not_picked":["Leap+1","Go for the Eyes"],"picked":"Compile Driver","floor":22}],"player_experience":209842,"relics_obtained":[{"floor":6,"key":"Oddly Smooth Stone"},{"floor":9,"key":"Whetstone"}],"event_choices":[{"damage_healed":0,"gold_gain":0,"player_choice":"Success","damage_taken":3,"relics_obtained":["Dream Catcher"],"max_hp_gain":0,"max_hp_loss":0,"event_name":"Scrap Ooze","floor":3,"gold_loss":0},{"damage_healed":0,"gold_gain":0,"cards_transformed":["Strike_B"],"player_choice":"Change","damage_taken":0,"max_hp_gain":0,"max_hp_loss":0,"event_name":"Living Wall","floor":4,"gold_loss":0,"cards_obtained":["Stack"]},{"damage_healed":0,"gold_gain":75,"player_choice":"Gather Gold","damage_taken":11,"max_hp_gain":0,"max_hp_loss":0,"event_name":"World of Goop","floor":12,"gold_loss":0},{"damage_healed":0,"gold_gain":0,"player_choice":"Shed Blood","damage_taken":19,"max_hp_gain":5,"max_hp_loss":0,"event_name":"Forgotten Altar","floor":19,"gold_loss":0}],"is_beta":false,"boss_relics":[{"not_picked":["Inserter","Orrery"],"picked":"Sozu"}],"items_purged_floors":[21],"is_endless":false,"potions_floor_spawned":[14,18],"killed_by":"Chosen and Byrds","ascension_level":1}