{"gold_per_floor":[113,34,48,67,67,96,96,126,179,192,192,66,83,83,83,83],"floor_reached":16,"playtime":1312,"items_purged":["Strike_G"],"score":149,"play_id":"b16b712b-6c7e-453e-8c76-cea031bf2f1d","local_time":"20190426233544","is_ascension_mode":true,"campfire_choices":[{"floor":7,"key":"REST"},{"floor":11,"key":"REST"},{"floor":15,"key":"REST"}],"neow_cost":"NONE","seed_source_timestamp":9238325805994,"circlet_count":0,"master_deck":["Defend_G","Defend_G","Defend_G","Defend_G","Defend_G","Strike_G","Strike_G","Strike_G","Survivor","Neutralize","Flying Knee","Leg Sweep","Dagger Spray","Backflip","Blur","PiercingWail","Flying Knee","Quick Slash","Backflip"],"relics":["Ring of the Snake","Pen Nib","Mummified Hand","Bag of Preparation","Juzu Bracelet"],"potions_floor_usage":[6],"damage_taken":[{"damage":3,"enemies":"2 Louse","floor":1,"turns":4},{"damage":1,"enemies":"Cultist","floor":3,"turns":3},{"damage":1,"enemies":"Small Slimes","floor":4,"turns":3},{"damage":42,"enemies":"Lagavulin","floor":6,"turns":15},{"damage":28,"enemies":"3 Sentries","floor":8,"turns":14},{"damage":1,"enemies":"Looter","floor":10,"turns":3},{"damage":4,"enemies":"Large Slime","floor":13,"turns":7},{"damage":48,"enemies":"Hexaghost","floor":16,"turns":14}],"seed_played":"-3237729902603149562","potions_obtained":[{"floor":3,"key":"Block Potion"},{"floor":6,"key":"Energy Potion"},{"floor":13,"key":"Fire Potion"}],"is_trial":false,"path_per_floor":["M","$","M","M","?","E","R","E","T","M","R","$","M","$","R","B"],"character_chosen":"THE_SILENT","items_purchased":["Leg Sweep","Backflip"],"campfire_rested":3,"item_purchase_floors":[2,12],"current_hp_per_floor":[60,60,59,58,58,16,37,9,9,8,29,29,25,25,46,0],"gold":83,"neow_bonus":"RANDOM_COMMON_RELIC","is_prod":false,"is_daily":false,"chose_seed":false,"campfire_upgraded":0,"win_rate":0,"timestamp":1556339744,"path_taken":["M","$","M","M","?","E","R","E","T","M","R","?","M","$","R","BOSS"],"build_version":"2019-01-23","purchased_purges":1,"victory":false,"max_hp_per_floor":[70,70,70,70,70,70,70,70,70,70,70,70,70,70,70,70],"card_choices":[{"not_picked":["Flechettes","PiercingWail"],"picked":"Flying Knee","floor":1},{"not_picked":["Outmaneuver","Cloak And Dagger"],"picked":"Dagger Spray","floor":3},{"not_picked":["Underhanded Strike","Prepared"],"picked":"Backflip","floor":4},{"not_picked":["A Thousand Cuts","Expertise"],"picked":"PiercingWail","floor":6},{"not_picked":["Heel Hook","Doppelganger"],"picked":"Flying Knee","floor":8},{"not_picked":["Finisher","Blade Dance"],"picked":"Quick Slash","floor":10},{"not_picked":["Expertise","Sucker Punch","Prepared"],"picked":"SKIP","floor":13}],"player_experience":464421,"relics_obtained":[{"floor":6,"key":"Mummified Hand"},{"floor":8,"key":"Bag of Preparation"},{"floor":9,"key":"Juzu Bracelet"}],"event_choices":[{"damage_healed":0,"gold_gain":0,"cards_transformed":["Strike_G"],"player_choice":"Transformed","damage_taken":0,"max_hp_gain":0,"max_hp_loss":0,"event_name":"Transmorgrifier","floor":5,"gold_loss":0,"cards_obtained":["Blur"]}],"is_beta":false,"boss_relics":[],"items_purged_floors":[12],"is_endless":false,"potions_floor_spawned":[3,6,13],"killed_by":"Hexaghost","ascension_level":7}