{"gold_per_floor":[117,217,217,236,71,71,71,71,71,89,143,173,173,25,25,126,126,139,104,104,16,30,30,30,40,64,64,77,87,102,113,113,218,268,282,295,295,305,322,322,322,322,373,373,390,390,401,417,417,417],"floor_reached":50,"playtime":29045,"items_purged":[],"score":521,"play_id":"4b1c2907-c461-44e0-a1be-efb9152a136b","local_time":"20190429223440","is_ascension_mode":false,"campfire_choices":[{"data":"Dualcast","floor":6,"key":"SMITH"},{"data":"Jack Of All Trades","floor":8,"key":"SMITH"},{"floor":13,"key":"REST"},{"floor":15,"key":"REST"},{"floor":23,"key":"REST"},{"floor":27,"key":"REST"},{"floor":32,"key":"REST"},{"floor":40,"key":"REST"},{"floor":42,"key":"REST"},{"data":"Buffer","floor":46,"key":"SMITH"},{"floor":49,"key":"REST"}],"neow_cost":"NONE","seed_source_timestamp":117693305414136,"circlet_count":0,"master_deck":["Defend_B+1","Defend_B","Zap","Dualcast+1","Coolheaded","Stack","BootSequence","Jack Of All Trades+1","Compile Driver","Loop","Machine Learning","FTL","All For One+1","Reinforced Body+1","Cold Snap+1","Melter+1","Steam","Heatsinks","Bite","Bite","Bite","Bite","Bite","Panacea+1","Gash","Doom and Gloom","Consume+1","Genetic Algorithm+1","Gash","Static Discharge","Buffer+1","Leap","Redo+1","Loop+1","Auto Shields+1","Coolheaded","Writhe","Jack Of All Trades","Discovery","Purity","Gash+1","Barrage+1","Streamline+1"],"relics":["Cracked Core","NeowsBlessing","Sundial","Pen Nib","Astrolabe","Happy Flower","Tiny House","Lantern"],"potions_floor_usage":[33,33,33,50],"damage_taken":[{"damage":0,"enemies":"2 Louse","floor":1,"turns":1},{"damage":0,"enemies":"Cultist","floor":3,"turns":1},{"damage":0,"enemies":"Jaw Worm","floor":4,"turns":1},{"damage":13,"enemies":"3 Louse","floor":10,"turns":4},{"damage":32,"enemies":"Lagavulin","floor":12,"turns":7},{"damage":47,"enemies":"Hexaghost","floor":16,"turns":10},{"damage":16,"enemies":"3 Byrds","floor":18,"turns":6},{"damage":0,"enemies":"Spheric Guardian","floor":22,"turns":1},{"damage":28,"enemies":"Snake Plant","floor":25,"turns":5},{"damage":29,"enemies":"Centurion and Healer","floor":28,"turns":5},{"damage":9,"enemies":"3 Cultists","floor":29,"turns":7},{"damage":0,"enemies":"Cultist and Chosen","floor":30,"turns":6},{"damage":23,"enemies":"Snake Plant","floor":31,"turns":5},{"damage":51,"enemies":"Collector","floor":33,"turns":8},{"damage":0,"enemies":"Orb Walker","floor":35,"turns":3},{"damage":16,"enemies":"3 Darklings","floor":36,"turns":6},{"damage":45,"enemies":"Transient","floor":38,"turns":5},{"damage":16,"enemies":"4 Shapes","floor":39,"turns":7},{"damage":0,"enemies":"Sphere and 2 Shapes","floor":45,"turns":5},{"damage":0,"enemies":"Maw","floor":47,"turns":8},{"damage":37,"enemies":"Jaw Worm Horde","floor":48,"turns":7},{"damage":87,"enemies":"Donu and Deca","floor":50,"turns":6}],"seed_played":"7881291754213497046","potions_obtained":[{"floor":1,"key":"Fire Potion"},{"floor":10,"key":"Weak Potion"},{"floor":12,"key":"Ancient Potion"},{"floor":34,"key":"Energy Potion"},{"floor":36,"key":"FearPotion"},{"floor":38,"key":"Ancient Potion"}],"is_trial":false,"path_per_floor":["M","?","M","M","$","R","?","R","T","M","T","E","R","$","R","B",null,"M","$","?","$","M","R","?","M","T","R","M","M","M","M","R","B",null,"M","M","?","M","M","R","?","R","T","?","M","R","M","M","R","B"],"character_chosen":"DEFECT","items_purchased":["Jack Of All Trades","Reprogram","Machine Learning","FTL","Heatsinks","Panacea"],"campfire_rested":8,"item_purchase_floors":[5,5,14,14,19,21],"current_hp_per_floor":[75,75,75,75,75,75,60,60,60,47,47,15,37,37,59,14,75,59,59,59,59,59,75,75,55,55,75,50,49,59,44,66,27,80,80,68,68,27,15,39,59,80,80,70,78,78,80,45,69,0],"gold":417,"neow_bonus":"THREE_ENEMY_KILL","is_prod":false,"is_daily":false,"chose_seed":false,"campfire_upgraded":3,"win_rate":0.0,"timestamp":1556602480,"path_taken":["M","?","?","M","$","R","?","R","T","M","?","E","R","$","R","BOSS","M","$","?","$","M","R","?","M","T","R","?","M","M","M","R","BOSS","M","?","?","M","M","R","?","R","T","?","M","R","M","M","R","BOSS"],"build_version":"2019-01-23","purchased_purges":0,"victory":false,"max_hp_per_floor":[75,75,75,75,75,75,75,75,75,75,75,75,75,75,75,75,75,75,75,75,75,75,75,75,75,75,75,75,75,75,75,75,75,80,80,80,80,80,80,80,80,80,80,80,80,80,80,80,80,80],"card_choices":[{"not_picked":["Beam Cell","Steam"],"picked":"Coolheaded","floor":1},{"not_picked":["Hello World","Steam Power"],"picked":"Stack","floor":3},{"not_picked":["Reinforced Body","Leap"],"picked":"BootSequence","floor":4},{"not_picked":["Steam Power","Stack"],"picked":"Compile Driver","floor":10},{"not_picked":["Redo","Storm"],"picked":"Loop","floor":12},{"not_picked":["Electrodynamics","Multi-Cast"],"picked":"All For One","floor":16},{"not_picked":["Compile Driver","Cold Snap"],"picked":"Steam","floor":18},{"not_picked":["Ball Lightning","Compile Driver"],"picked":"Gash","floor":22},{"not_picked":["Loop","Rip and Tear+1"],"picked":"Doom and Gloom","floor":25},{"not_picked":["Steam","Glacier+1"],"picked":"Consume+1","floor":28},{"not_picked":["Hologram+1","Tempest"],"picked":"Genetic Algorithm+1","floor":29},{"not_picked":["Barrage+1","Go for the Eyes"],"picked":"Gash","floor":30},{"not_picked":["Compile Driver","Steam Power"],"picked":"Static Discharge","floor":31},{"not_picked":["Creative AI","Amplify"],"picked":"Buffer","floor":33},{"not_picked":["Hologram","Ball Lightning"],"picked":"Leap","floor":34},{"not_picked":["Blizzard+1","Ball Lightning+1"],"picked":"Redo+1","floor":35},{"not_picked":["Stack","Steam Power"],"picked":"Loop+1","floor":36},{"not_picked":["Scrape+1","Sweeping Beam"],"picked":"Auto Shields+1","floor":38},{"not_picked":["Streamline+1","Double Energy"],"picked":"Coolheaded","floor":39},{"not_picked":["Dramatic Entrance","Madness"],"picked":"Jack Of All Trades","floor":44},{"not_picked":["Master of Strategy","Sadistic Nature"],"picked":"Discovery","floor":44},{"not_picked":["Good Instincts","Discovery"],"picked":"Purity","floor":44},{"not_picked":["Ball Lightning","Barrage+1"],"picked":"Gash+1","floor":45},{"not_picked":["Chaos","Cold Snap+1"],"picked":"Barrage+1","floor":47},{"not_picked":["All For One","Ball Lightning+1"],"picked":"Streamline+1","floor":48}],"player_experience":26393,"relics_obtained":[{"floor":9,"key":"Sundial"},{"floor":11,"key":"Pen Nib"},{"floor":12,"key":"Blood Vial"},{"floor":26,"key":"Happy Flower"},{"floor":43,"key":"Lantern"}],"event_choices":[{"damage_healed":0,"gold_gain":100,"player_choice":"Gold","damage_taken":0,"max_hp_gain":0,"max_hp_loss":0,"event_name":"Wheel of Change","floor":2,"gold_loss":0},{"damage_healed":0,"gold_gain":0,"player_choice":"Entered Light","damage_taken":15,"max_hp_gain":0,"max_hp_loss":0,"event_name":"Shining Light","floor":7,"gold_loss":0,"cards_upgraded":["Defend_B","Defend_B"]},{"damage_healed":0,"gold_gain":0,"player_choice":"Became a vampire (Vial)","damage_taken":0,"max_hp_gain":0,"max_hp_loss":0,"event_name":"Vampires","floor":20,"relics_lost":["Blood Vial"],"gold_loss":0,"cards_obtained":["Bite","Bite","Bite","Bite","Bite"]},{"damage_healed":0,"gold_gain":0,"player_choice":"Upgraded","damage_taken":0,"max_hp_gain":0,"max_hp_loss":0,"event_name":"Upgrade Shrine","floor":24,"gold_loss":0,"cards_upgraded":["Panacea"]},{"cards_removed":["Defend_B"],"damage_healed":0,"gold_gain":0,"player_choice":"Removed Skill","damage_taken":0,"max_hp_gain":0,"max_hp_loss":0,"event_name":"Falling","floor":37,"gold_loss":0},{"damage_healed":20,"gold_gain":0,"player_choice":"Writhe","damage_taken":0,"max_hp_gain":0,"max_hp_loss":0,"event_name":"Winding Halls","floor":41,"gold_loss":0,"cards_obtained":["Writhe"]},{"damage_healed":0,"gold_gain":0,"player_choice":"Memory 3","damage_taken":10,"max_hp_gain":0,"max_hp_loss":0,"event_name":"SensoryStone","floor":44,"gold_loss":0}],"is_beta":false,"boss_relics":[{"not_picked":["Ectoplasm","Runic Dome"],"picked":"Astrolabe"},{"not_picked":["Black Star","Calling Bell"],"picked":"Tiny House"}],"items_purged_floors":[],"is_endless":false,"potions_floor_spawned":[1,10,12,25,29,31,36,38,48],"killed_by":"Donu and Deca","ascension_level":0}