{"gold_per_floor":[114,0,0,15,15,15,15,15,15,29,29,43,68,83,83,183,183,195,175,175,175,195,195,195],"floor_reached":24,"playtime":1244,"items_purged":[],"score":265,"play_id":"17f76f7b-3f38-481c-b7b9-591d9d7797e6","local_time":"20190318232151","is_ascension_mode":true,"campfire_choices":[{"data":"Demon Form","floor":6,"key":"SMITH"},{"data":"Whirlwind","floor":8,"key":"SMITH"},{"floor":15,"key":"REST"},{"data":"True Grit","floor":23,"key":"SMITH"}],"neow_cost":"NONE","seed_source_timestamp":431127199755734,"circlet_count":0,"master_deck":["Strike_R","Strike_R","Strike_R","Strike_R","Strike_R","Defend_R","Defend_R","Defend_R+1","Defend_R+1","Bash","Demon Form+1","Whirlwind+1","Evolve","True Grit+1","Shrug It Off","Wild Strike+1"],"relics":["Burning Blood","Gremlin Horn","The Courier","Mark of Pain"],"potions_floor_usage":[16,16,20,22,24],"damage_taken":[{"damage":23,"enemies":"Jaw Worm","floor":1,"turns":5},{"damage":7,"enemies":"Small Slimes","floor":4,"turns":4},{"damage":6,"enemies":"Cultist","floor":10,"turns":3},{"damage":0,"enemies":"2 Fungi Beasts","floor":12,"turns":1},{"damage":18,"enemies":"Gremlin Nob","floor":13,"turns":4},{"damage":15,"enemies":"Lots of Slimes","floor":14,"turns":4},{"damage":22,"enemies":"Hexaghost","floor":16,"turns":8},{"damage":12,"enemies":"Chosen","floor":18,"turns":5},{"damage":20,"enemies":"Shell Parasite","floor":20,"turns":5},{"damage":16,"enemies":"Chosen and Byrds","floor":22,"turns":6},{"damage":42,"enemies":"Slavers","floor":24,"turns":3}],"seed_played":"-7763512389716680895","potions_obtained":[{"floor":10,"key":"LiquidBronze"},{"floor":13,"key":"Block Potion"},{"floor":14,"key":"Poison Potion"},{"floor":18,"key":"Fire Potion"},{"floor":19,"key":"SmokeBomb"},{"floor":22,"key":"FearPotion"}],"is_trial":false,"path_per_floor":["M","$","?","M","$","R","?","R","T","M","$","M","E","M","R","B",null,"M","?","M","?","M","R","E"],"character_chosen":"IRONCLAD","items_purchased":["Whirlwind","Evolve"],"campfire_rested":1,"item_purchase_floors":[2,2],"current_hp_per_floor":[55,55,55,54,54,54,38,38,38,38,38,44,32,23,47,31,68,62,62,48,48,38,38,0],"gold":195,"neow_bonus":"ONE_RANDOM_RARE_CARD","is_prod":false,"is_daily":false,"chose_seed":false,"campfire_upgraded":3,"win_rate":0,"timestamp":1552969311,"path_taken":["M","$","?","M","$","R","?","R","T","M","?","?","E","M","R","BOSS","M","?","?","?","M","R","E"],"build_version":"2019-01-23","purchased_purges":0,"victory":false,"max_hp_per_floor":[80,80,80,80,80,80,80,80,80,80,80,80,80,80,80,80,80,80,80,80,80,80,80,80],"card_choices":[{"not_picked":["Flex","Thunderclap","Perfected Strike"],"picked":"SKIP","floor":1},{"not_picked":["Reckless Charge","Dual Wield","Carnage"],"picked":"SKIP","floor":4},{"not_picked":["Second Wind","Armaments","Iron Wave"],"picked":"SKIP","floor":10},{"not_picked":["Wild Strike","Perfected Strike"],"picked":"True Grit","floor":12},{"not_picked":["Headbutt","Uppercut","Dropkick"],"picked":"SKIP","floor":13},{"not_picked":["Clothesline","Armaments"],"picked":"Shrug It Off","floor":14},{"not_picked":["Armaments","Warcry+1"],"picked":"Wild Strike+1","floor":18},{"not_picked":["True Grit","Ghostly Armor","Havoc"],"picked":"SKIP","floor":22}],"player_experience":409731,"relics_obtained":[{"floor":9,"key":"Gremlin Horn"},{"floor":13,"key":"The Courier"}],"event_choices":[{"damage_healed":0,"gold_gain":0,"player_choice":"Left Gold","damage_taken":0,"max_hp_gain":0,"max_hp_loss":0,"event_name":"World of Goop","floor":3,"gold_loss":0},{"damage_healed":0,"gold_gain":0,"player_choice":"Entered Light","damage_taken":16,"max_hp_gain":0,"max_hp_loss":0,"event_name":"Shining Light","floor":7,"gold_loss":0,"cards_upgraded":["Defend_R","Defend_R"]},{"damage_healed":0,"gold_gain":0,"player_choice":"Bought 1 Potion","damage_taken":0,"max_hp_gain":0,"max_hp_loss":0,"event_name":"The Woman in Blue","floor":19,"gold_loss":0},{"damage_healed":0,"gold_gain":0,"player_choice":"Leave","damage_taken":0,"max_hp_gain":0,"max_hp_loss":0,"event_name":"FaceTrader","floor":21,"gold_loss":0}],"is_beta":false,"boss_relics":[{"not_picked":["Runic Cube","Black Blood"],"picked":"Mark of Pain"}],"items_purged_floors":[],"is_endless":false,"potions_floor_spawned":[10,13,14,18,22],"killed_by":"Slavers","ascension_level":7}