{"gold_per_floor":[116,191,191,206,131,164,181,181,181,9,23,23,23,56,56,129,129,139,139,1,0,17,17,17,17,17,32,48,62,62,76,76,152,152,168,183,233,243,296,296],"floor_reached":40,"playtime":1681,"items_purged":[],"score":800,"play_id":"798054f6-8188-41b3-a2a0-25cf070f3472","local_time":"20190504213547","is_ascension_mode":true,"campfire_choices":[{"data":"Noxious Fumes","floor":8.0,"key":"SMITH"},{"data":"Neutralize","floor":13.0,"key":"SMITH"},{"data":"Bane","floor":15.0,"key":"SMITH"},{"data":"Adrenaline","floor":23.0,"key":"SMITH"},{"data":"Catalyst","floor":25.0,"key":"SMITH"},{"data":"Blur","floor":30.0,"key":"SMITH"},{"floor":32.0,"key":"REST"}],"neow_cost":"NONE","seed_source_timestamp":1988281084565025,"circlet_count":0,"master_deck":["AscendersBane","Defend_G","Defend_G","Defend_G","Defend_G","Defend_G","Strike_G","Strike_G","Strike_G","Strike_G","Survivor","Neutralize+1","Noxious Fumes+1","PiercingWail","Backflip","Dash","Bane+1","Adrenaline+1","Footwork","Catalyst+1","Blur+1","Dodge and Roll+1","Adrenaline"],"special_seed":0,"relics":["Ring of the Serpent","NeowsBlessing","Dodecahedron","Oddly Smooth Stone","Snake Skull","Strawberry","Gambling Chip","Busted Crown","Regal Pillow"],"potions_floor_usage":[],"damage_taken":[{"damage":0.0,"enemies":"Jaw Worm","floor":1.0,"turns":1.0},{"damage":0.0,"enemies":"2 Louse","floor":4.0,"turns":1.0},{"damage":0.0,"enemies":"3 Sentries","floor":6.0,"turns":2.0},{"damage":7.0,"enemies":"Small Slimes","floor":7.0,"turns":4.0},{"damage":6.0,"enemies":"Red Slaver","floor":11.0,"turns":5.0},{"damage":27.0,"enemies":"Gremlin Nob","floor":14.0,"turns":5.0},{"damage":10.0,"enemies":"Slime Boss","floor":16.0,"turns":10.0},{"damage":12.0,"enemies":"Chosen","floor":18.0,"turns":6.0},{"damage":0.0,"enemies":"2 Thieves","floor":22.0,"turns":4.0},{"damage":12.0,"enemies":"Chosen and Byrds","floor":27.0,"turns":6.0},{"damage":7.0,"enemies":"Snecko","floor":28.0,"turns":7.0},{"damage":2.0,"enemies":"Cultist and Chosen","floor":29.0,"turns":6.0},{"damage":4.0,"enemies":"Chosen and Byrds","floor":31.0,"turns":6.0},{"damage":22.0,"enemies":"Collector","floor":33.0,"turns":9.0},{"damage":0.0,"enemies":"3 Darklings","floor":35.0,"turns":6.0},{"damage":9.0,"enemies":"3 Shapes","floor":36.0,"turns":6.0},{"damage":9.0,"enemies":"Writhing Mass","floor":38.0,"turns":7.0},{"damage":56,"enemies":"Giant Head","floor":40,"turns":11}],"seed_played":"-1311130177501951543","potions_obtained":[{"floor":1.0,"key":"Energy Potion"},{"floor":6.0,"key":"Poison Potion"},{"floor":14.0,"key":"Dexterity Potion"},{"floor":28.0,"key":"GamblersBrew"},{"floor":33.0,"key":"EntropicBrew"}],"is_trial":false,"path_per_floor":["M","?","?","M","?","E","M","R","T","$","M","$","R","E","R","B",null,"M","?","$","?","M","R","?","R","T","M","M","M","R","M","R","B",null,"M","M","?","M","T","E"],"character_chosen":"THE_SILENT","items_purchased":["Snake Skull","Footwork","AttackPotion"],"campfire_rested":1,"item_purchase_floors":[10,20,20],"current_hp_per_floor":[59,48,66,66,66,66,59,59,59,59,53,53,53,33,33,23,61,49,49,49,49,49,49,49,49,49,37,30,28,28,24,45,23,61,61,52,52,58,58,2],"gold":296,"neow_bonus":"THREE_ENEMY_KILL","is_prod":false,"is_daily":false,"chose_seed":false,"campfire_upgraded":6,"win_rate":0,"timestamp":1556973347,"path_taken":["M","?","?","M","?","E","M","R","T","$","M","$","R","E","R","BOSS","M","?","$","?","M","R","?","R","T","M","M","M","R","M","R","BOSS","M","M","?","?","?","E"],"build_version":"2019-01-23","purchased_purges":0,"victory":false,"max_hp_per_floor":[66,66,66,66,66,66,66,66,66,66,66,66,66,73,73,73,73,73,73,73,73,73,73,73,73,73,73,73,73,73,73,73,73,73,73,73,73,73,73,73],"card_choices":[{"not_picked":["Choke","Dagger Throw"],"picked":"Noxious Fumes","floor":1.0},{"not_picked":["Dodge and Roll","Underhanded Strike"],"picked":"PiercingWail","floor":4.0},{"not_picked":["Slice","Backstab"],"picked":"Backflip","floor":6.0},{"not_picked":["Dodge and Roll","Dagger Spray"],"picked":"Dash","floor":7.0},{"not_picked":["Unload","Dagger Throw","Outmaneuver"],"picked":"SKIP","floor":11.0},{"not_picked":["Prepared","Dagger Spray"],"picked":"Bane","floor":14.0},{"not_picked":["Doppelganger","Storm of Steel"],"picked":"Adrenaline","floor":16.0},{"not_picked":["Skewer","Dagger Spray+1","Outmaneuver+1"],"picked":"SKIP","floor":18.0},{"not_picked":["Deflect","Blade Dance","Bane"],"picked":"SKIP","floor":22.0},{"not_picked":["Quick Slash","Flying Knee+1","Flechettes"],"picked":"SKIP","floor":27.0},{"not_picked":["Slice","Predator+1"],"picked":"Blur","floor":28.0},{"not_picked":["Flechettes","Concentrate"],"picked":"Dodge and Roll+1","floor":29.0},{"not_picked":["Endless Agony","Prepared","Sucker Punch+1"],"picked":"SKIP","floor":31.0},{"not_picked":["After Image","Venomology"],"picked":"Adrenaline","floor":33.0},{"not_picked":["Blade Dance"],"picked":"SKIP","floor":35.0},{"not_picked":["Terror"],"picked":"SKIP","floor":36.0},{"not_picked":["Underhanded Strike"],"picked":"SKIP","floor":38.0}],"player_experience":751446,"relics_obtained":[{"floor":6.0,"key":"Dodecahedron"},{"floor":9.0,"key":"Oddly Smooth Stone"},{"floor":14.0,"key":"Strawberry"},{"floor":26.0,"key":"Gambling Chip"},{"floor":39.0,"key":"Regal Pillow"}],"event_choices":[{"damage_healed":0.0,"max_hp_gain":0.0,"max_hp_loss":0.0,"gold_gain":75.0,"event_name":"World of Goop","player_choice":"Gather Gold","floor":2.0,"gold_loss":0.0,"damage_taken":11.0},{"damage_healed":22.0,"max_hp_gain":0.0,"max_hp_loss":0.0,"gold_gain":0.0,"event_name":"Big Fish","player_choice":"Banana","floor":3.0,"gold_loss":0.0,"damage_taken":0.0},{"cards_removed":["Strike_G"],"damage_healed":0.0,"max_hp_gain":0.0,"max_hp_loss":0.0,"gold_gain":0.0,"event_name":"The Cleric","player_choice":"Card Removal","floor":5.0,"gold_loss":75.0,"damage_taken":0.0},{"damage_healed":0.0,"max_hp_gain":0.0,"max_hp_loss":0.0,"gold_gain":0.0,"event_name":"Cursed Tome","player_choice":"Ignored","floor":19.0,"gold_loss":0.0,"damage_taken":0.0},{"damage_healed":0.0,"max_hp_gain":0.0,"max_hp_loss":0.0,"gold_gain":0.0,"event_name":"Masked Bandits","player_choice":"Paid Fearfully","floor":21.0,"gold_loss":1.0,"damage_taken":0.0},{"damage_healed":0.0,"max_hp_gain":0.0,"max_hp_loss":0.0,"gold_gain":0.0,"event_name":"The Library","player_choice":"Read","floor":24.0,"gold_loss":0.0,"damage_taken":0.0,"cards_obtained":["Catalyst"]},{"damage_healed":0.0,"max_hp_gain":0.0,"max_hp_loss":0.0,"gold_gain":50.0,"event_name":"Golden Shrine","player_choice":"Pray","floor":37.0,"gold_loss":0.0,"damage_taken":0.0}],"is_beta":false,"boss_relics":[{"not_picked":["Orrery","Coffee Dripper"],"picked":"Ring of the Serpent"},{"not_picked":["Runic Dome","Snecko Eye"],"picked":"Busted Crown"}],"items_purged_floors":[],"is_endless":false,"potions_floor_spawned":[1,6,14,28,33,36],"killed_by":"Giant Head","ascension_level":18}