{"gold_per_floor":[110,127,137,137,157,157,167,167,239,239,291,301,301,315,315,411,411,384,408,418,418],"floor_reached":21,"playtime":1937,"items_purged":[],"score":182,"play_id":"9ba82a90-f346-4385-a0c9-3f1f6e8daa36","local_time":"20190114213416","is_ascension_mode":true,"campfire_choices":[{"data":"Caltrops","floor":6,"key":"SMITH"},{"data":"Blade Dance","floor":10,"key":"SMITH"},{"data":"Neutralize","floor":13,"key":"SMITH"},{"data":"Footwork","floor":15,"key":"SMITH"}],"neow_cost":"NONE","seed_source_timestamp":400914603349621,"circlet_count":0,"master_deck":["Defend_G+1","Defend_G+1","Defend_G","Defend_G","Defend_G","Strike_G","Strike_G","Strike_G","Strike_G","Strike_G","Survivor+1","Neutralize+1","Well Laid Plans","Blade Dance+1","Predator","Footwork+1","Caltrops+1","Blade Dance+1","Cloak And Dagger","Footwork+1","Corpse Explosion","Blade Dance"],"relics":["Ring of the Snake","Kunai","War Paint","Sozu","Boot"],"potions_floor_usage":[21,21],"damage_taken":[{"damage":0,"enemies":"Small Slimes","floor":1,"turns":5},{"damage":4,"enemies":"2 Louse","floor":2,"turns":3},{"damage":3,"enemies":"Jaw Worm","floor":3,"turns":5},{"damage":4,"enemies":"Red Slaver","floor":5,"turns":5},{"damage":2,"enemies":"3 Louse","floor":7,"turns":3},{"damage":0,"enemies":"Large Slime","floor":12,"turns":5},{"damage":8,"enemies":"Exordium Thugs","floor":14,"turns":5},{"damage":14,"enemies":"Hexaghost","floor":16,"turns":11},{"damage":13,"enemies":"2 Thieves","floor":18,"turns":5},{"damage":0,"enemies":"Chosen","floor":20,"turns":4},{"damage":19,"enemies":"Colosseum Slavers","floor":21,"turns":4},{"damage":40,"enemies":"Colosseum Nobs","floor":21,"turns":5}],"seed_played":"7132562306899570326","potions_obtained":[{"floor":7,"key":"GamblersBrew"},{"floor":14,"key":"SpeedPotion"},{"floor":16,"key":"Poison Potion"}],"is_trial":false,"path_per_floor":["M","M","M","?","M","R","M","?","T","R","T","M","R","M","R","B",null,"M","T","M","?"],"character_chosen":"THE_SILENT","items_purchased":[],"campfire_rested":0,"item_purchase_floors":[],"current_hp_per_floor":[70,66,63,49,45,45,43,43,43,43,43,43,43,35,35,21,70,57,57,57,0],"gold":418,"neow_bonus":"THREE_CARDS","is_prod":false,"is_daily":false,"chose_seed":false,"campfire_upgraded":4,"win_rate":0,"timestamp":1547523256,"path_taken":["M","M","M","?","M","R","M","?","T","R","?","M","R","M","R","BOSS","M","?","M","?"],"build_version":"2019-01-10","purchased_purges":0,"victory":false,"max_hp_per_floor":[70,70,70,70,70,70,70,70,70,70,70,70,70,70,70,70,70,70,70,70,70],"card_choices":[{"not_picked":["PiercingWail","Expertise"],"picked":"Well Laid Plans","floor":0},{"not_picked":["PiercingWail","Underhanded Strike"],"picked":"Blade Dance","floor":1},{"not_picked":["All Out Attack","Terror"],"picked":"Predator","floor":2},{"not_picked":["Dodge and Roll","Sucker Punch"],"picked":"Footwork","floor":3},{"not_picked":["Calculated Gamble","Eviscerate"],"picked":"Caltrops","floor":5},{"not_picked":["Heel Hook","Dagger Spray"],"picked":"Blade Dance","floor":7},{"not_picked":["Flying Knee","PiercingWail"],"picked":"Cloak And Dagger","floor":12},{"not_picked":["Glass Knife","Reflex"],"picked":"Footwork","floor":14},{"not_picked":["Bullet Time","Malaise"],"picked":"Corpse Explosion","floor":16},{"not_picked":["Well Laid Plans+1","Bane"],"picked":"Blade Dance","floor":18},{"not_picked":["Sucker Punch+1","Skewer","Endless Agony"],"picked":"SKIP","floor":20}],"player_experience":212710,"relics_obtained":[{"floor":9,"key":"Kunai"},{"floor":11,"key":"War Paint"},{"floor":19,"key":"Boot"}],"event_choices":[{"damage_healed":0,"gold_gain":0,"player_choice":"Entered Light","damage_taken":14,"max_hp_gain":0,"max_hp_loss":0,"event_name":"Shining Light","floor":4,"gold_loss":0,"cards_upgraded":["Footwork","Defend_G"]},{"damage_healed":0,"gold_gain":0,"player_choice":"Grow","damage_taken":0,"max_hp_gain":0,"max_hp_loss":0,"event_name":"Living Wall","floor":8,"gold_loss":0,"cards_upgraded":["Blade Dance"]},{"damage_healed":0,"gold_gain":0,"player_choice":"Fight","damage_taken":0,"max_hp_gain":0,"max_hp_loss":0,"event_name":"Colosseum","floor":21,"gold_loss":0},{"damage_healed":0,"gold_gain":0,"player_choice":"Fought Nobs","damage_taken":0,"max_hp_gain":0,"max_hp_loss":0,"event_name":"Colosseum","floor":21,"gold_loss":0}],"is_beta":false,"boss_relics":[{"not_picked":["Runic Pyramid","Philosopher\u0027s Stone"],"picked":"Sozu"}],"items_purged_floors":[],"is_endless":false,"potions_floor_spawned":[7,14,16,20],"killed_by":"Colosseum Nobs","ascension_level":1}