{"gold_per_floor":[112,62,80,92,167,167,185,203,228,228,242,255,286,301,301,396,396,410,410,425,330,341,341,440,440,440,440,517,517,529,15,15,113,113,123,136,136,136,151,151,151,51,77,91,105,105,105,122,122,122],"floor_reached":51,"playtime":3738,"items_purged":["Strike_G+1"],"score":766,"play_id":"a5da9eb2-c240-4ee0-b48c-df6205dfd391","local_time":"20190321012208","is_ascension_mode":true,"campfire_choices":[{"data":"Blade Dance","floor":6,"key":"SMITH"},{"data":"Footwork","floor":10,"key":"SMITH"},{"floor":15,"key":"REST"},{"floor":23,"key":"REST"},{"floor":25,"key":"REST"},{"data":"Accuracy","floor":27,"key":"SMITH"},{"data":"Accuracy","floor":29,"key":"SMITH"},{"floor":32,"key":"REST"},{"data":"Cloak And Dagger","floor":40,"key":"SMITH"},{"data":"Footwork","floor":47,"key":"SMITH"},{"floor":49,"key":"REST"}],"neow_cost":"NONE","seed_source_timestamp":608632547881768,"circlet_count":0,"master_deck":["Defend_G+1","Defend_G+1","Defend_G+1","Defend_G+1","Defend_G+1","Strike_G+1","Strike_G+1","Strike_G+1","Survivor","Neutralize","Quick Slash","Blade Dance+1","Dodge and Roll","Infinite Blades","Footwork+1","Backflip","Dodge and Roll","Accuracy+1","Dodge and Roll","Accuracy+1","Cloak And Dagger+1","Footwork+1","Cloak And Dagger","Backflip","Finisher","Dramatic Entrance","Predator","Infinite Blades+1"],"relics":["Ring of the Serpent","Whetstone","Boot","Oddly Smooth Stone","Dream Catcher","Mercury Hourglass","Ice Cream","Sozu","Orichalcum","Bag of Marbles"],"potions_floor_usage":[16,16,16,20,50],"damage_taken":[{"damage":1,"enemies":"Jaw Worm","floor":1,"turns":3},{"damage":5,"enemies":"Small Slimes","floor":3,"turns":4},{"damage":0,"enemies":"Cultist","floor":4,"turns":3},{"damage":10,"enemies":"Gremlin Gang","floor":7,"turns":5},{"damage":6,"enemies":"2 Fungi Beasts","floor":8,"turns":3},{"damage":1,"enemies":"Looter","floor":11,"turns":3},{"damage":0,"enemies":"Blue Slaver","floor":12,"turns":4},{"damage":10,"enemies":"Lagavulin","floor":13,"turns":8},{"damage":11,"enemies":"3 Louse","floor":14,"turns":5},{"damage":24,"enemies":"Hexaghost","floor":16,"turns":12},{"damage":15,"enemies":"Shell Parasite","floor":18,"turns":9},{"damage":8,"enemies":"3 Byrds","floor":20,"turns":6},{"damage":32,"enemies":"Snecko","floor":22,"turns":7},{"damage":22,"enemies":"Centurion and Healer","floor":30,"turns":5},{"damage":7,"enemies":"Automaton","floor":33,"turns":12},{"damage":7,"enemies":"3 Darklings","floor":35,"turns":6},{"damage":2,"enemies":"Orb Walker","floor":36,"turns":4},{"damage":4,"enemies":"Writhing Mass","floor":39,"turns":7},{"damage":6,"enemies":"Maw","floor":44,"turns":8},{"damage":10,"enemies":"4 Shapes","floor":45,"turns":5},{"damage":10,"enemies":"3 Darklings","floor":48,"turns":5},{"damage":14,"enemies":"Awakened One","floor":50,"turns":13}],"seed_played":"4731472525976138420","potions_obtained":[{"floor":4,"key":"SteroidPotion"},{"floor":12,"key":"EssenceOfSteel"},{"floor":13,"key":"SteroidPotion"},{"floor":18,"key":"PowerPotion"},{"floor":22,"key":"GhostInAJar"},{"floor":33,"key":"SkillPotion"}],"is_trial":false,"path_per_floor":["M","?","M","M","?","R","M","M","T","R","M","M","E","M","R","B",null,"M","?","M","$","M","R","?","R","T","R","T","R","M","$","R","B",null,"M","M","?","?","M","R","?","?","T","M","M","?","R","M","R","B",null],"character_chosen":"THE_SILENT","items_purchased":["Dodge and Roll","SteroidPotion","Footwork","Cloak And Dagger","Ice Cream"],"campfire_rested":5,"item_purchase_floors":[21,21,31,31,31],"current_hp_per_floor":[69,69,64,64,57,57,47,41,41,41,40,40,30,19,40,16,70,55,55,47,47,15,36,36,57,57,57,57,57,35,35,56,49,70,63,61,61,61,57,57,57,57,57,51,41,41,41,31,50,36],"gold":122,"neow_bonus":"RANDOM_COMMON_RELIC","is_prod":false,"is_daily":false,"chose_seed":false,"campfire_upgraded":6,"win_rate":0,"timestamp":1553149328,"path_taken":["M","?","M","M","?","R","M","?","T","R","M","M","E","?","R","BOSS","M","?","M","$","M","R","?","R","T","R","?","R","M","?","R","BOSS","M","M","?","?","?","R","?","?","T","?","M","?","R","M","R","BOSS"],"build_version":"2019-01-23","purchased_purges":1,"victory":true,"max_hp_per_floor":[70,70,70,70,70,70,70,70,70,70,70,70,70,70,70,70,70,70,70,70,70,70,70,70,70,70,70,70,70,70,70,70,70,70,70,70,66,66,66,66,66,66,66,66,66,66,66,66,66,66],"card_choices":[{"not_picked":["Dodge and Roll","PiercingWail"],"picked":"Quick Slash","floor":1},{"not_picked":["Prepared","Leg Sweep"],"picked":"Blade Dance","floor":3},{"not_picked":["Calculated Gamble","Masterful Stab"],"picked":"Dodge and Roll","floor":4},{"not_picked":["Acrobatics","Dash"],"picked":"Infinite Blades","floor":7},{"not_picked":["Cloak And Dagger","Calculated Gamble"],"picked":"Footwork","floor":8},{"not_picked":["Acrobatics","Underhanded Strike"],"picked":"Backflip","floor":11},{"not_picked":["Eviscerate","Dagger Spray"],"picked":"Dodge and Roll","floor":12},{"not_picked":["Dagger Throw","Venomology","Poisoned Stab"],"picked":"SKIP","floor":13},{"not_picked":["Dagger Spray","Slice","Setup"],"picked":"SKIP","floor":14},{"not_picked":["Grand Finale","Tools of the Trade"],"picked":"Die Die Die","floor":16},{"not_picked":["Flying Knee","Bane+1"],"picked":"Accuracy","floor":18},{"not_picked":["Riddle With Holes","Concentrate","Outmaneuver"],"picked":"SKIP","floor":20},{"not_picked":["Eviscerate","Flechettes"],"picked":"Accuracy","floor":22},{"not_picked":["Sucker Punch","Bane"],"picked":"Cloak And Dagger","floor":30},{"not_picked":["Flying Knee+1","Leg Sweep"],"picked":"Backflip","floor":35},{"not_picked":["PiercingWail","Outmaneuver","Setup+1"],"picked":"SKIP","floor":36},{"not_picked":["Dagger Throw+1","Bane+1"],"picked":"Finisher","floor":39},{"not_picked":["Chrysalis","Good Instincts"],"picked":"Dramatic Entrance","floor":41},{"not_picked":["Calculated Gamble","Bane","Cloak And Dagger"],"picked":"SKIP","floor":44},{"not_picked":["Flechettes","Tactician+1","Riddle With Holes+1"],"picked":"SKIP","floor":45},{"not_picked":["Endless Agony","Quick Slash+1","Dagger Throw+1"],"picked":"SKIP","floor":48},{"not_picked":["Dodge and Roll","Prepared"],"picked":"Infinite Blades+1","floor":49}],"player_experience":414752,"relics_obtained":[{"floor":9,"key":"Boot"},{"floor":13,"key":"Oddly Smooth Stone"},{"floor":26,"key":"Dream Catcher"},{"floor":28,"key":"Mercury Hourglass"},{"floor":43,"key":"Bag of Marbles"}],"event_choices":[{"cards_removed":["Strike_G"],"damage_healed":0,"gold_gain":0,"player_choice":"Card Removal","damage_taken":0,"max_hp_gain":0,"max_hp_loss":0,"event_name":"The Cleric","floor":2,"gold_loss":50},{"damage_healed":0,"gold_gain":75,"player_choice":"Touch","damage_taken":7,"max_hp_gain":0,"max_hp_loss":0,"event_name":"FaceTrader","floor":5,"gold_loss":0},{"damage_healed":0,"gold_gain":0,"player_choice":"Simplicity","damage_taken":0,"max_hp_gain":0,"max_hp_loss":0,"event_name":"Back to Basics","floor":19,"gold_loss":0,"cards_upgraded":["Defend_G","Defend_G","Defend_G","Defend_G","Defend_G","Strike_G","Strike_G"]},{"damage_healed":0,"gold_gain":99,"player_choice":"Stole From Cult","damage_taken":0,"max_hp_gain":0,"max_hp_loss":0,"event_name":"Nest","floor":24,"gold_loss":0},{"damage_healed":0,"gold_gain":0,"player_choice":"Max HP","damage_taken":0,"max_hp_gain":0,"max_hp_loss":4,"event_name":"Winding Halls","floor":37,"gold_loss":0},{"damage_healed":0,"gold_gain":0,"player_choice":"Ignored","damage_taken":0,"max_hp_gain":0,"max_hp_loss":0,"event_name":"SecretPortal","floor":38,"gold_loss":0},{"damage_healed":0,"gold_gain":0,"player_choice":"Memory 1","damage_taken":0,"max_hp_gain":0,"max_hp_loss":0,"event_name":"SensoryStone","floor":41,"gold_loss":0},{"damage_healed":0,"gold_gain":0,"player_choice":"Paid Gold","damage_taken":0,"relics_obtained":["Orichalcum"],"max_hp_gain":0,"max_hp_loss":0,"event_name":"WeMeetAgain","floor":42,"gold_loss":100},{"damage_healed":0,"gold_gain":0,"cards_transformed":["Die Die Die"],"player_choice":"Transformed","damage_taken":0,"max_hp_gain":0,"max_hp_loss":0,"event_name":"Transmorgrifier","floor":46,"gold_loss":0,"cards_obtained":["Predator"]}],"is_beta":false,"boss_relics":[{"not_picked":["Cursed Key","Calling Bell"],"picked":"Ring of the Serpent"},{"not_picked":["Tiny House","Busted Crown"],"picked":"Sozu"}],"items_purged_floors":[31],"is_endless":false,"potions_floor_spawned":[4,12,13,14,18,22,33,44,45,48],"ascension_level":3}