{"gold_per_floor":[110,127,139,139,158,187,187,218,245,245,255,310,320,330,330,429,429,449,449,410,442,110,143,143,143,167,199,214,228,228,243,243,344,344,354,354,210,210,432,457,457,113,113,113,124,155,168,197,197,197],"floor_reached":51,"playtime":1814,"items_purged":["Regret","Defend_R"],"score":883,"play_id":"ce1d77e7-0583-4377-bd33-ae7fc21e4709","local_time":"20190506233856","is_ascension_mode":false,"campfire_choices":[{"data":"Perfected Strike","floor":7,"key":"SMITH"},{"data":"Armaments","floor":15,"key":"SMITH"},{"data":"Uppercut","floor":24,"key":"SMITH"},{"data":"Clothesline","floor":30,"key":"SMITH"},{"data":"Perfected Strike","floor":32,"key":"SMITH"},{"data":"Limit Break","floor":41,"key":"SMITH"},{"data":"Fiend Fire","floor":49,"key":"SMITH"}],"neow_cost":"NONE","seed_source_timestamp":239902517563900,"circlet_count":0,"master_deck":["Strike_R","Strike_R","Strike_R+1","Strike_R+1","Defend_R","Defend_R","Bash","Anger","Metallicize","Armaments+1","Perfected Strike+1","Perfected Strike+1","Flame Barrier","Immolate","Pommel Strike","Uppercut+1","Limit Break+1","Clothesline+1","Headbutt","Power Through","Power Through","Evolve","Impervious","Perfected Strike+1","Pommel Strike+1","Flame Barrier+1","Warcry+1","Fiend Fire+1","Flex+1","Corruption","PanicButton","PanicButton","Whirlwind+1","Dark Shackles","Normality","Madness","Madness","Warcry+1","Headbutt","Perfected Strike+1"],"relics":["Burning Blood","Lantern","Whetstone","Cursed Key","Red Mask","Pantograph","PreservedInsect","Nloth\u0027s Gift","Potion Belt","Mango","Velvet Choker","Shuriken","Oddly Smooth Stone","Blood Vial","Dodecahedron","Sundial"],"potions_floor_usage":[6,23,27,27,33,47,48,50,50,50,50],"damage_taken":[{"damage":4,"enemies":"Small Slimes","floor":1,"turns":3},{"damage":1,"enemies":"Cultist","floor":2,"turns":3},{"damage":3,"enemies":"2 Louse","floor":3,"turns":3},{"damage":5,"enemies":"Looter","floor":5,"turns":4},{"damage":21,"enemies":"Gremlin Nob","floor":6,"turns":4},{"damage":9,"enemies":"Lagavulin","floor":8,"turns":7},{"damage":0,"enemies":"Exordium Thugs","floor":11,"turns":3},{"damage":2,"enemies":"Blue Slaver","floor":13,"turns":3},{"damage":0,"enemies":"3 Louse","floor":14,"turns":3},{"damage":36,"enemies":"The Guardian","floor":16,"turns":11},{"damage":0,"enemies":"Spheric Guardian","floor":18,"turns":3},{"damage":27,"enemies":"Masked Bandits","floor":21,"turns":4},{"damage":3,"enemies":"Gremlin Leader","floor":23,"turns":7},{"damage":0,"enemies":"Book of Stabbing","floor":27,"turns":4},{"damage":0,"enemies":"Chosen","floor":28,"turns":3},{"damage":2,"enemies":"Snecko","floor":29,"turns":2},{"damage":3,"enemies":"Centurion and Healer","floor":31,"turns":7},{"damage":88,"enemies":"Automaton","floor":33,"turns":13},{"damage":0,"enemies":"3 Shapes","floor":35,"turns":3},{"damage":3,"enemies":"Nemesis","floor":40,"turns":5},{"damage":18,"enemies":"3 Darklings","floor":45,"turns":6},{"damage":6,"enemies":"Giant Head","floor":46,"turns":7},{"damage":0,"enemies":"Spire Growth","floor":47,"turns":3},{"damage":19,"enemies":"Reptomancer","floor":48,"turns":4},{"damage":31,"enemies":"Time Eater","floor":50,"turns":8}],"seed_played":"-7883076956858079866","potions_obtained":[{"floor":0,"key":"EssenceOfSteel"},{"floor":0,"key":"EntropicBrew"},{"floor":0,"key":"Regen Potion"},{"floor":3,"key":"PowerPotion"},{"floor":8,"key":"SkillPotion"},{"floor":14,"key":"FearPotion"},{"floor":29,"key":"SteroidPotion"},{"floor":33,"key":"GamblersBrew"},{"floor":35,"key":"Fire Potion"},{"floor":46,"key":"Regen Potion"},{"floor":48,"key":"Block Potion"}],"is_trial":false,"path_per_floor":["M","M","M","?","M","E","R","E","T","?","M","?","M","M","R","B",null,"M","?","$","?","$","E","R","?","T","E","M","M","R","M","R","B",null,"M","?","$","?","?","E","R","$","T","?","M","E","M","E","R","B",null],"character_chosen":"IRONCLAD","items_purchased":["Power Through","Evolve","Pantograph","Corruption","Oddly Smooth Stone","Dark Shackles"],"campfire_rested":0,"item_purchase_floors":[20,22,22,37,42,42],"current_hp_per_floor":[80,80,80,80,80,65,65,62,62,62,68,68,72,78,78,48,80,80,80,80,59,59,62,62,62,62,91,94,94,94,94,94,12,94,94,94,94,84,84,87,87,87,87,75,65,67,75,64,64,93],"gold":197,"neow_bonus":"THREE_SMALL_POTIONS","is_prod":false,"is_daily":false,"chose_seed":false,"campfire_upgraded":7,"win_rate":1,"timestamp":1557211136,"path_taken":["M","M","M","?","M","E","R","E","T","?","M","?","M","M","R","BOSS","M","?","$","?","$","E","R","?","T","E","M","M","R","?","R","BOSS","M","?","$","?","?","E","R","$","T","?","M","E","M","E","R","BOSS"],"build_version":"2019-01-23","purchased_purges":2,"victory":true,"max_hp_per_floor":[80,80,80,80,80,80,80,80,80,80,80,80,80,80,80,80,80,80,80,80,80,80,80,80,80,80,94,94,94,94,94,94,94,94,94,94,94,94,94,94,94,94,94,94,94,94,94,94,94,94],"card_choices":[{"not_picked":["Warcry","Wild Strike"],"picked":"Anger","floor":1},{"not_picked":["Warcry","Clash"],"picked":"Metallicize","floor":2},{"not_picked":["Battle Trance","Body Slam"],"picked":"Armaments","floor":3},{"not_picked":["Heavy Blade","Evolve"],"picked":"Perfected Strike","floor":5},{"not_picked":["Shrug It Off","Rage"],"picked":"Perfected Strike","floor":6},{"not_picked":["Burning Pact","Body Slam"],"picked":"Flame Barrier","floor":8},{"not_picked":["Dual Wield","Infernal Blade"],"picked":"Immolate","floor":11},{"not_picked":["Flex","True Grit"],"picked":"Pommel Strike","floor":13},{"not_picked":["Metallicize","Clash"],"picked":"Uppercut","floor":14},{"not_picked":["Dark Embrace","Berserk"],"picked":"Limit Break","floor":16},{"not_picked":["Iron Wave","Cleave"],"picked":"Clothesline","floor":18},{"not_picked":["Armaments","Havoc+1"],"picked":"Power Through","floor":21},{"not_picked":["Havoc","Shrug It Off"],"picked":"Impervious","floor":23},{"not_picked":["Heavy Blade","Thunderclap"],"picked":"Perfected Strike","floor":27},{"not_picked":["Anger+1","Whirlwind"],"picked":"Pommel Strike+1","floor":28},{"not_picked":["Reaper","Pommel Strike"],"picked":"Flame Barrier+1","floor":29},{"not_picked":["Pommel Strike","Rage"],"picked":"Warcry+1","floor":31},{"not_picked":["Bludgeon","Berserk"],"picked":"Fiend Fire","floor":33},{"not_picked":["Limit Break","Intimidate"],"picked":"Flex+1","floor":35},{"not_picked":["Impatience","Deep Breath"],"picked":"PanicButton","floor":38},{"not_picked":["Impatience","Purity"],"picked":"PanicButton","floor":38},{"not_picked":["Rampage+1","Exhume"],"picked":"Whirlwind+1","floor":40},{"not_picked":["Heavy Blade+1","Thunderclap"],"picked":"Warcry+1","floor":45},{"not_picked":["Body Slam+1","Carnage+1"],"picked":"Headbutt","floor":46},{"not_picked":["Thunderclap","Armaments"],"picked":"Perfected Strike+1","floor":47},{"not_picked":["Whirlwind","Cleave","Entrench+1"],"picked":"SKIP","floor":48}],"player_experience":740740,"relics_obtained":[{"floor":6,"key":"Lantern"},{"floor":8,"key":"Whetstone"},{"floor":9,"key":"Juzu Bracelet"},{"floor":21,"key":"Red Mask"},{"floor":23,"key":"PreservedInsect"},{"floor":26,"key":"Potion Belt"},{"floor":27,"key":"Mango"},{"floor":40,"key":"Shuriken"},{"floor":43,"key":"Blood Vial"},{"floor":46,"key":"Dodecahedron"},{"floor":48,"key":"Sundial"}],"event_choices":[{"cards_removed":["Strike_R"],"damage_healed":0,"gold_gain":0,"player_choice":"Purged","damage_taken":0,"max_hp_gain":0,"max_hp_loss":0,"event_name":"Purifier","floor":4,"gold_loss":0},{"damage_healed":0,"gold_gain":0,"player_choice":"Forge","damage_taken":0,"max_hp_gain":0,"max_hp_loss":0,"event_name":"Accursed Blacksmith","floor":10,"gold_loss":0,"cards_upgraded":["Perfected Strike"]},{"damage_healed":0,"gold_gain":55,"player_choice":"Gained Gold","damage_taken":0,"max_hp_gain":0,"max_hp_loss":0,"event_name":"Golden Wing","floor":12,"gold_loss":0},{"damage_healed":0,"gold_gain":0,"player_choice":"Read","damage_taken":0,"max_hp_gain":0,"max_hp_loss":0,"event_name":"The Library","floor":19,"gold_loss":0,"cards_obtained":["Headbutt"]},{"damage_healed":0,"gold_gain":0,"player_choice":"Fought Bandits","damage_taken":0,"max_hp_gain":0,"max_hp_loss":0,"event_name":"Masked Bandits","floor":21,"gold_loss":0},{"damage_healed":0,"gold_gain":0,"player_choice":"Traded Relic","damage_taken":0,"relics_obtained":["Nloth\u0027s Gift"],"max_hp_gain":0,"max_hp_loss":0,"event_name":"N\u0027loth","floor":25,"relics_lost":["Juzu Bracelet"],"gold_loss":0},{"cards_removed":["Defend_R"],"damage_healed":0,"gold_gain":0,"player_choice":"Removed Skill","damage_taken":0,"max_hp_gain":0,"max_hp_loss":0,"event_name":"Falling","floor":36,"gold_loss":0},{"damage_healed":0,"gold_gain":0,"player_choice":"Memory 3","damage_taken":10,"max_hp_gain":0,"max_hp_loss":0,"event_name":"SensoryStone","floor":38,"gold_loss":0},{"damage_healed":0,"gold_gain":222,"player_choice":"Wore Mask","damage_taken":0,"max_hp_gain":0,"max_hp_loss":0,"event_name":"Tomb of Lord Red Mask","floor":39,"gold_loss":0},{"damage_healed":0,"gold_gain":0,"player_choice":"Embrace Madness","damage_taken":12,"max_hp_gain":0,"max_hp_loss":0,"event_name":"Winding Halls","floor":44,"gold_loss":0,"cards_obtained":["Madness","Madness"]}],"is_beta":false,"boss_relics":[{"not_picked":["Runic Cube","Fusion Hammer"],"picked":"Cursed Key"},{"not_picked":["Astrolabe","Empty Cage"],"picked":"Velvet Choker"}],"items_purged_floors":[37,42],"is_endless":false,"potions_floor_spawned":[3,8,11,14,18,29,33,35,46,48],"ascension_level":0}