{"gold_per_floor":[112,16,16,16,16,16,35,35,59,59,83,106,106,150,150,249,249,262,262],"floor_reached":19,"playtime":1083,"items_purged":[],"score":314,"play_id":"fe2a55a8-47ae-4ffe-b32b-dda39229455c","local_time":"20190507195508","is_ascension_mode":true,"campfire_choices":[{"data":"Footwork","floor":6.0,"key":"SMITH"},{"data":"Envenom","floor":8.0,"key":"SMITH"},{"data":"Noxious Fumes","floor":10.0,"key":"SMITH"},{"data":"Well Laid Plans","floor":13.0,"key":"SMITH"},{"floor":15.0,"key":"REST"}],"neow_cost":"NONE","seed_source_timestamp":35032337280539,"circlet_count":0,"master_deck":["AscendersBane","Survivor","Neutralize","Choke","Outmaneuver","Dash","Blur","Venomology","Envenom+1","Accuracy","Footwork+1","Well Laid Plans+1","Riddle With Holes","PiercingWail","Noxious Fumes+1","Deadly Poison","Footwork","Cloak And Dagger","Acrobatics","Footwork","Grand Finale"],"special_seed":0,"relics":["Pandora\u0027s Box","Golden Idol","Art of War","Ancient Tea Set","Cursed Key"],"potions_floor_usage":[18,19,19],"damage_taken":[{"damage":0.0,"enemies":"Cultist","floor":1.0,"turns":3.0},{"damage":6.0,"enemies":"Small Slimes","floor":7.0,"turns":5.0},{"damage":0.0,"enemies":"2 Louse","floor":11.0,"turns":4.0},{"damage":6.0,"enemies":"Exordium Wildlife","floor":12.0,"turns":6.0},{"damage":32.0,"enemies":"Gremlin Nob","floor":14.0,"turns":5.0},{"damage":25.0,"enemies":"Slime Boss","floor":16.0,"turns":13.0},{"damage":37,"enemies":"Chosen","floor":18,"turns":7},{"damage":14,"enemies":"Shell Parasite","floor":19,"turns":1}],"seed_played":"-3846650680387716744","potions_obtained":[{"floor":1.0,"key":"EssenceOfSteel"},{"floor":14.0,"key":"Swift Potion"},{"floor":16.0,"key":"PowerPotion"}],"is_trial":false,"path_per_floor":["M","$","?","?","?","R","M","R","T","R","M","M","R","E","R","B",null,"M","M"],"character_chosen":"THE_SILENT","items_purchased":["Noxious Fumes","Deadly Poison"],"campfire_rested":1,"item_purchase_floors":[2,2],"current_hp_per_floor":[59,59,59,59,59,59,53,53,53,53,53,47,47,15,33,8,47,10,0],"gold":262,"neow_bonus":"BOSS_RELIC","is_prod":false,"is_daily":false,"chose_seed":false,"campfire_upgraded":4,"win_rate":0,"timestamp":1557226508,"path_taken":["M","?","?","?","?","R","M","R","T","R","M","M","R","E","R","BOSS","M","M"],"build_version":"2019-01-23","purchased_purges":0,"victory":false,"max_hp_per_floor":[66,66,66,66,60,60,60,60,60,60,60,60,60,60,60,60,60,60,60],"card_choices":[{"not_picked":["Deflect","Outmaneuver"],"picked":"PiercingWail","floor":1.0},{"not_picked":["Dagger Spray","Riddle With Holes"],"picked":"Footwork","floor":7.0},{"not_picked":["Prepared","Distraction"],"picked":"Cloak And Dagger","floor":11.0},{"not_picked":["Dagger Spray","Slice"],"picked":"Acrobatics","floor":12.0},{"not_picked":["Riddle With Holes","Backflip"],"picked":"Footwork","floor":14.0},{"not_picked":["Phantasmal Killer","Wraith Form v2"],"picked":"Grand Finale","floor":16.0},{"not_picked":["Slice","Cloak And Dagger","Flechettes"],"picked":"SKIP","floor":18}],"player_experience":758039,"relics_obtained":[{"floor":9.0,"key":"Art of War"},{"floor":14.0,"key":"Ancient Tea Set"}],"event_choices":[{"damage_healed":0.0,"max_hp_gain":0.0,"max_hp_loss":0.0,"gold_gain":0.0,"event_name":"Liars Game","player_choice":"Ignored","floor":3.0,"gold_loss":0.0,"damage_taken":0.0},{"damage_healed":0.0,"max_hp_gain":0.0,"max_hp_loss":0.0,"gold_gain":0.0,"event_name":"The Cleric","player_choice":"Leave","floor":4.0,"gold_loss":0.0,"damage_taken":0.0},{"damage_healed":0.0,"max_hp_gain":0.0,"max_hp_loss":6.0,"gold_gain":0.0,"event_name":"Golden Idol","player_choice":"Lose Max HP","floor":5.0,"gold_loss":0.0,"damage_taken":0.0,"relics_obtained":["Golden Idol"]}],"is_beta":false,"boss_relics":[{"not_picked":["Black Star","Calling Bell"],"picked":"Cursed Key"}],"items_purged_floors":[],"is_endless":false,"potions_floor_spawned":[1,14,16],"killed_by":"Shell Parasite","ascension_level":18}