{"gold_per_floor":[109,127,127,127,127,152,115,145,145,111,130,130,141,153,153,249,249,262,275,200,200,200,233,247,247,247,5,5,65,65,105,105,235,235,274,54,98,116,157,214,279,279,326,336,363,363,363,406,406,456],"floor_reached":51,"playtime":2291,"items_purged":["Strike_R"],"score":857,"play_id":"6e3a2ca4-e013-4382-b921-e8151b1a709f","local_time":"20190507001737","is_ascension_mode":false,"campfire_choices":[{"data":"Uppercut","floor":12,"key":"SMITH"},{"data":"Immolate","floor":15,"key":"SMITH"},{"data":"Carnage","floor":25,"key":"SMITH"},{"data":"HandOfGreed","floor":28,"key":"SMITH"},{"data":"Flame Barrier","floor":32,"key":"SMITH"},{"data":"Bash","floor":42,"key":"SMITH"},{"floor":49,"key":"REST"}],"neow_cost":"NONE","seed_source_timestamp":241749269235400,"circlet_count":0,"master_deck":["Strike_R","Strike_R","Strike_R+1","Defend_R","Defend_R","Defend_R","Defend_R","Bash+1","Pommel Strike+1","Spot Weakness","Clothesline+1","Carnage+1","Cleave","Uppercut+1","Immolate+1","Shrug It Off","Warcry","Offering","Warcry+1","Inflame+1","Headbutt","True Grit+1","HandOfGreed+1","Spot Weakness","Flame Barrier+1","Armaments+1","Demon Form+1","Dual Wield+1","Inflame+1","Shrug It Off","Headbutt+1","Feed","Parasite","Clothesline+1","Disarm+1"],"relics":["Burning Blood","Dream Catcher","Frozen Egg 2","Anchor","Meat on the Bone","Gremlin Horn","Snecko Eye","Enchiridion","Pear","Oddly Smooth Stone","Pen Nib","Eternal Feather","Bag of Marbles","Du-Vu Doll","Red Skull","Nunchaku"],"potions_floor_usage":[33,50,50,50],"damage_taken":[{"damage":0,"enemies":"Small Slimes","floor":1,"turns":4},{"damage":1,"enemies":"2 Louse","floor":2,"turns":3},{"damage":21,"enemies":"Lagavulin","floor":6,"turns":7},{"damage":8,"enemies":"3 Sentries","floor":8,"turns":7},{"damage":1,"enemies":"Jaw Worm","floor":11,"turns":2},{"damage":0,"enemies":"Looter","floor":13,"turns":2},{"damage":0,"enemies":"Exordium Thugs","floor":14,"turns":3},{"damage":54,"enemies":"The Guardian","floor":16,"turns":10},{"damage":12,"enemies":"2 Thieves","floor":18,"turns":3},{"damage":7,"enemies":"Shell Parasite","floor":19,"turns":4},{"damage":15,"enemies":"Gremlin Leader","floor":23,"turns":3},{"damage":1,"enemies":"3 Cultists","floor":24,"turns":3},{"damage":6,"enemies":"Book of Stabbing","floor":29,"turns":4},{"damage":3,"enemies":"Sentry and Sphere","floor":31,"turns":4},{"damage":41,"enemies":"Champ","floor":33,"turns":10},{"damage":0,"enemies":"Orb Walker","floor":35,"turns":3},{"damage":8,"enemies":"3 Darklings","floor":37,"turns":2},{"damage":19,"enemies":"Maw","floor":38,"turns":6},{"damage":39,"enemies":"Spire Growth","floor":39,"turns":5},{"damage":4,"enemies":"Reptomancer","floor":40,"turns":3},{"damage":0,"enemies":"Jaw Worm Horde","floor":41,"turns":4},{"damage":13,"enemies":"Maw","floor":44,"turns":5},{"damage":40,"enemies":"Giant Head","floor":45,"turns":8},{"damage":5,"enemies":"Writhing Mass","floor":48,"turns":5},{"damage":51,"enemies":"Awakened One","floor":50,"turns":14}],"seed_played":"5750407133372588128","potions_obtained":[{"floor":1,"key":"Regen Potion"},{"floor":2,"key":"Weak Potion"},{"floor":11,"key":"Block Potion"},{"floor":24,"key":"PowerPotion"},{"floor":35,"key":"PowerPotion"}],"is_trial":false,"path_per_floor":["M","M","?","?","?","E","$","E","T","$","M","R","M","M","R","B",null,"M","M","?","?","?","E","M","R","T","$","R","E","?","M","R","B",null,"M","$","M","M","M","E","M","R","T","M","E","?","?","M","R","B",null],"character_chosen":"IRONCLAD","items_purchased":["Carnage","Uppercut","HandOfGreed","Spot Weakness","Bag of Marbles"],"campfire_rested":1,"item_purchase_floors":[7,10,27,27,36],"current_hp_per_floor":[80,80,73,57,57,42,42,40,40,40,57,57,63,69,69,33,80,74,73,73,73,57,58,63,63,63,63,63,63,63,66,66,43,90,90,90,88,75,54,56,62,80,80,73,51,51,51,52,90,57],"gold":456,"neow_bonus":"RANDOM_COMMON_RELIC","is_prod":false,"is_daily":false,"chose_seed":false,"campfire_upgraded":6,"win_rate":1,"timestamp":1557213457,"path_taken":["M","M","?","?","?","E","?","E","T","?","M","R","M","M","R","BOSS","M","M","?","?","?","E","M","R","T","$","R","E","?","?","R","BOSS","M","$","M","M","M","E","M","R","T","M","E","?","?","?","R","BOSS"],"build_version":"2019-01-23","purchased_purges":1,"victory":true,"max_hp_per_floor":[80,80,80,80,80,80,80,80,80,80,80,80,80,80,80,80,80,80,80,80,80,80,90,90,90,90,90,90,90,90,90,90,90,90,90,90,90,90,90,90,90,90,90,90,90,90,90,90,90,90],"card_choices":[{"not_picked":["Reckless Charge","Sword Boomerang"],"picked":"Pommel Strike","floor":1},{"not_picked":["Intimidate","Wild Strike"],"picked":"Spot Weakness","floor":2},{"not_picked":["Thunderclap","Reckless Charge"],"picked":"Clothesline","floor":6},{"not_picked":["Rupture+1","Pummel"],"picked":"Cleave","floor":8},{"not_picked":["Reckless Charge","Intimidate"],"picked":"Immolate","floor":11},{"not_picked":["Cleave","Clash"],"picked":"Shrug It Off","floor":13},{"not_picked":["Hemokinesis","Wild Strike"],"picked":"Warcry","floor":14},{"not_picked":["Dark Embrace+1","Berserk+1"],"picked":"Offering","floor":16},{"not_picked":["Cleave","Body Slam"],"picked":"Warcry+1","floor":18},{"not_picked":["Sword Boomerang+1","Armaments","Heavy Blade"],"picked":"SKIP","floor":19},{"not_picked":["Cleave","Sword Boomerang"],"picked":"Headbutt","floor":23},{"not_picked":["Cleave","Perfected Strike"],"picked":"True Grit+1","floor":24},{"not_picked":["Body Slam","Twin Strike"],"picked":"Flame Barrier","floor":29},{"not_picked":["Blood for Blood","Havoc"],"picked":"Armaments+1","floor":31},{"not_picked":["Dark Embrace+1","Exhume"],"picked":"Demon Form+1","floor":33},{"not_picked":["Reckless Charge+1","Iron Wave"],"picked":"Dual Wield+1","floor":35},{"not_picked":["True Grit","Heavy Blade"],"picked":"Inflame+1","floor":37},{"not_picked":["Second Wind","Havoc+1"],"picked":"Shrug It Off","floor":38},{"not_picked":["Second Wind+1","Wild Strike"],"picked":"Metallicize+1","floor":39},{"not_picked":["Dropkick","Armaments","Body Slam"],"picked":"SKIP","floor":40},{"not_picked":["Dropkick","Armaments","Body Slam"],"picked":"SKIP","floor":40},{"not_picked":["Clash+1","Clothesline+1"],"picked":"Headbutt+1","floor":41},{"not_picked":["Intimidate","Anger"],"picked":"Feed","floor":44},{"not_picked":["Twin Strike","Perfected Strike","Combust+1"],"picked":"SKIP","floor":45},{"not_picked":["Flame Barrier","Warcry+1"],"picked":"Clothesline+1","floor":48},{"not_picked":["Evolve+1","Sword Boomerang+1"],"picked":"Disarm+1","floor":49}],"player_experience":742554,"relics_obtained":[{"floor":6,"key":"Anchor"},{"floor":8,"key":"Meat on the Bone"},{"floor":9,"key":"Gremlin Horn"},{"floor":22,"key":"Enchiridion"},{"floor":23,"key":"Pear"},{"floor":26,"key":"Oddly Smooth Stone"},{"floor":29,"key":"Pen Nib"},{"floor":40,"key":"Du-Vu Doll"},{"floor":43,"key":"Red Skull"},{"floor":45,"key":"Nunchaku"}],"event_choices":[{"damage_healed":0,"gold_gain":0,"player_choice":"Success","damage_taken":7,"relics_obtained":["Frozen Egg 2"],"max_hp_gain":0,"max_hp_loss":0,"event_name":"Scrap Ooze","floor":3,"gold_loss":0},{"damage_healed":0,"gold_gain":0,"player_choice":"Entered Light","damage_taken":16,"max_hp_gain":0,"max_hp_loss":0,"event_name":"Shining Light","floor":4,"gold_loss":0,"cards_upgraded":["Strike_R","Pommel Strike"]},{"damage_healed":0,"gold_gain":0,"player_choice":"Ignored","damage_taken":0,"max_hp_gain":0,"max_hp_loss":0,"event_name":"Liars Game","floor":5,"gold_loss":0},{"cards_removed":["Strike_R"],"damage_healed":0,"gold_gain":0,"player_choice":"Gave Gold","damage_taken":0,"max_hp_gain":0,"max_hp_loss":0,"event_name":"Beggar","floor":20,"gold_loss":75},{"damage_healed":0,"gold_gain":0,"player_choice":"Read","damage_taken":0,"max_hp_gain":0,"max_hp_loss":0,"event_name":"The Library","floor":21,"gold_loss":0,"cards_obtained":["Inflame"]},{"damage_healed":0,"gold_gain":0,"player_choice":"Obtained Book","damage_taken":16,"max_hp_gain":0,"max_hp_loss":0,"event_name":"Cursed Tome","floor":22,"gold_loss":0},{"damage_healed":0,"gold_gain":0,"player_choice":"Upgraded","damage_taken":0,"max_hp_gain":0,"max_hp_loss":0,"event_name":"Upgrade Shrine","floor":30,"gold_loss":0,"cards_upgraded":["Clothesline"]},{"cards_removed":["Metallicize"],"damage_healed":0,"gold_gain":0,"player_choice":"Removed Power","damage_taken":0,"max_hp_gain":0,"max_hp_loss":0,"event_name":"Falling","floor":46,"gold_loss":0},{"damage_healed":0,"gold_gain":0,"player_choice":"Ignored","damage_taken":0,"max_hp_gain":0,"max_hp_loss":0,"event_name":"SecretPortal","floor":47,"gold_loss":0}],"is_beta":false,"boss_relics":[{"not_picked":["Ectoplasm","Astrolabe"],"picked":"Snecko Eye"},{"not_picked":["White Beast Statue","Tiny House"],"picked":"Eternal Feather"}],"items_purged_floors":[36],"is_endless":false,"potions_floor_spawned":[1,2,11,13,23,24,29,31,35,38,40,44],"ascension_level":0}