{"gold_per_floor":[119,129,92,102,177,177,196,196,196,206,206,271,271,286,286,383,383,394,394,408,427,446,446,546,495,495,495,514,514,514],"floor_reached":30,"playtime":2237,"items_purged":[],"score":222,"play_id":"9629dad0-8a7b-41db-9688-8ad7af9fb2af","local_time":"20181228225845","is_ascension_mode":false,"campfire_choices":[{"data":"Clothesline","floor":6,"key":"SMITH"},{"data":"Pommel Strike","floor":8,"key":"SMITH"},{"floor":13,"key":"REST"},{"data":"Shockwave","floor":15,"key":"SMITH"},{"data":"Inflame","floor":23,"key":"SMITH"},{"data":"Whirlwind","floor":27,"key":"SMITH"}],"neow_cost":"NONE","seed_source_timestamp":73368575794538,"circlet_count":0,"master_deck":["Strike_R","Strike_R","Strike_R","Strike_R","Strike_R","Defend_R","Defend_R+1","Defend_R","Defend_R","Bash","Clothesline+1","True Grit+1","Whirlwind+1","Pommel Strike+1","Heavy Blade","Inflame","Shockwave+1","Shockwave","Offering","Burning Pact+1","Iron Wave+1","Inflame+1","Heavy Blade+1","True Grit"],"relics":["Burning Blood","Dream Catcher","Coffee Dripper","Mercury Hourglass","Pantograph","Torii"],"potions_floor_usage":[30],"damage_taken":[{"damage":8,"enemies":"Cultist","floor":1,"turns":5},{"damage":3,"enemies":"Jaw Worm","floor":2,"turns":3},{"damage":7,"enemies":"2 Louse","floor":4,"turns":3},{"damage":4,"enemies":"Blue Slaver","floor":7,"turns":4},{"damage":9,"enemies":"Red Slaver","floor":10,"turns":3},{"damage":0,"enemies":"Gremlin Gang","floor":14,"turns":2},{"damage":39,"enemies":"Slime Boss","floor":16,"turns":10},{"damage":38,"enemies":"3 Byrds","floor":18,"turns":7},{"damage":22,"enemies":"2 Thieves","floor":20,"turns":3},{"damage":30,"enemies":"Centurion and Healer","floor":21,"turns":6},{"damage":25,"enemies":"Snake Plant","floor":22,"turns":4},{"damage":3,"enemies":"Cultist and Chosen","floor":28,"turns":3},{"damage":17,"enemies":"Book of Stabbing","floor":30,"turns":5}],"seed_played":"-6355619591396258863","potions_obtained":[{"floor":2,"key":"Energy Potion"},{"floor":14,"key":"Explosive Potion"},{"floor":16,"key":"FairyPotion"},{"floor":18,"key":"Regen Potion"},{"floor":21,"key":"Swift Potion"}],"is_trial":false,"path_per_floor":["M","M","$","M","?","R","M","R","T","M","?","?","R","M","R","B",null,"M","?","M","M","M","R","?","$","T","R","M","?","E"],"character_chosen":"IRONCLAD","items_purchased":["Whirlwind","Fire Potion"],"campfire_rested":1,"item_purchase_floors":[3,25],"current_hp_per_floor":[86,88,88,87,76,76,78,78,78,75,57,57,83,88,88,55,88,56,56,40,16,9,9,9,9,9,9,12,12,0],"gold":514,"neow_bonus":"TEN_PERCENT_HP_BONUS","is_prod":false,"is_daily":false,"chose_seed":false,"campfire_upgraded":5,"win_rate":0.0,"timestamp":1546059525,"path_taken":["M","M","$","M","?","R","M","R","T","M","?","?","R","M","R","BOSS","M","?","?","M","M","R","?","$","T","R","?","?","E"],"build_version":"2018-12-20","purchased_purges":0,"victory":false,"max_hp_per_floor":[88,88,88,88,88,88,88,88,88,88,88,88,88,88,88,88,88,88,88,88,88,88,88,88,88,88,88,88,88,88],"card_choices":[{"not_picked":["Dual Wield","Reckless Charge"],"picked":"Clothesline","floor":1},{"not_picked":["Combust","Body Slam"],"picked":"True Grit","floor":2},{"not_picked":["Heavy Blade","Perfected Strike"],"picked":"Pommel Strike","floor":4},{"not_picked":["Warcry","Iron Wave"],"picked":"Heavy Blade","floor":7},{"not_picked":["Armaments","Reckless Charge"],"picked":"Inflame","floor":10},{"not_picked":["Thunderclap","Anger"],"picked":"Shockwave","floor":13},{"not_picked":["Iron Wave","Headbutt"],"picked":"Shockwave","floor":14},{"not_picked":["Brutality","Reaper"],"picked":"Offering","floor":16},{"not_picked":["Body Slam","Clash+1"],"picked":"Burning Pact+1","floor":18},{"not_picked":["Blood for Blood","Perfected Strike"],"picked":"Iron Wave+1","floor":20},{"not_picked":["Anger","Entrench+1"],"picked":"Inflame","floor":21},{"not_picked":["Intimidate","Clash"],"picked":"Heavy Blade+1","floor":22},{"not_picked":["Sword Boomerang+1","Heavy Blade"],"picked":"True Grit","floor":28}],"player_experience":19291,"relics_obtained":[{"floor":9,"key":"Dream Catcher"},{"floor":26,"key":"Pantograph"}],"event_choices":[{"damage_healed":0,"gold_gain":75,"player_choice":"Gather Gold","damage_taken":11,"max_hp_gain":0,"max_hp_loss":0,"event_name":"World of Goop","floor":5,"gold_loss":0},{"damage_healed":0,"gold_gain":0,"player_choice":"Entered Light","damage_taken":18,"max_hp_gain":0,"max_hp_loss":0,"event_name":"Shining Light","floor":11,"gold_loss":0,"cards_upgraded":["True Grit","Defend_R"]},{"damage_healed":0,"gold_gain":65,"player_choice":"Gained Gold","damage_taken":0,"max_hp_gain":0,"max_hp_loss":0,"event_name":"Golden Wing","floor":12,"gold_loss":0},{"damage_healed":0,"gold_gain":0,"player_choice":"Gave Potion","damage_taken":0,"relics_obtained":["Mercury Hourglass"],"max_hp_gain":0,"max_hp_loss":0,"event_name":"WeMeetAgain","floor":19,"gold_loss":0},{"damage_healed":0,"gold_gain":100,"player_choice":"Pray","damage_taken":0,"max_hp_gain":0,"max_hp_loss":0,"event_name":"Golden Shrine","floor":24,"gold_loss":0},{"damage_healed":0,"gold_gain":0,"player_choice":"Opened","damage_taken":0,"relics_obtained":["Torii"],"max_hp_gain":0,"max_hp_loss":0,"event_name":"The Mausoleum","floor":29,"gold_loss":0}],"is_beta":false,"boss_relics":[{"not_picked":["Black Star","Lizard Tail"],"picked":"Coffee Dripper"}],"items_purged_floors":[],"is_endless":false,"potions_floor_spawned":[2,14,16,18,21],"killed_by":"Book of Stabbing","ascension_level":0}