{"gold_per_floor":[115,115,130,205,220,220,245,245,270,195,195,195,256,274,274,274],"floor_reached":16,"playtime":1212,"items_purged":["Defend_G"],"score":100,"play_id":"8c97cd5c-a908-47f9-a278-aad788e826d3","local_time":"20190429234844","is_ascension_mode":false,"campfire_choices":[{"floor":6,"key":"REST"},{"data":"Poisoned Stab","floor":8,"key":"SMITH"},{"data":"Poisoned Stab","floor":12,"key":"SMITH"},{"floor":15,"key":"REST"}],"neow_cost":"NONE","seed_source_timestamp":10041420681400,"circlet_count":0,"master_deck":["Defend_G","Defend_G","Defend_G","Defend_G","Strike_G","Strike_G","Strike_G","Survivor","Neutralize","Poisoned Stab+1","Poisoned Stab+1","Bouncing Flask"],"relics":["Ring of the Snake","Golden Idol","Snake Skull","Tiny Chest"],"potions_floor_usage":[3,7],"damage_taken":[{"damage":1,"enemies":"2 Louse","floor":1,"turns":4},{"damage":0,"enemies":"Small Slimes","floor":3,"turns":4},{"damage":1,"enemies":"Jaw Worm","floor":5,"turns":5},{"damage":2,"enemies":"3 Louse","floor":7,"turns":4},{"damage":15,"enemies":"Gremlin Nob","floor":13,"turns":4},{"damage":1,"enemies":"2 Fungi Beasts","floor":14,"turns":2},{"damage":76,"enemies":"Fading Forest","floor":16,"turns":7}],"seed_played":"-7928391847834739515","potions_obtained":[{"floor":1,"key":"Energy Potion"},{"floor":5,"key":"SkillPotion"},{"floor":14,"key":"Explosive Potion"}],"is_trial":false,"path_per_floor":["M","?","M","?","M","R","M","R","T","$","?","R","E","M","R","B"],"character_chosen":"THE_SILENT","items_purchased":[],"campfire_rested":2,"item_purchase_floors":[],"current_hp_per_floor":[69,52,52,41,40,61,59,59,59,59,59,59,44,43,64,0],"gold":274,"neow_bonus":"REMOVE_CARD","is_prod":false,"is_daily":false,"chose_seed":false,"campfire_upgraded":2,"win_rate":0.0,"timestamp":1556538524,"path_taken":["M","?","M","?","M","R","M","R","T","$","?","R","E","?","R","BOSS"],"build_version":"2019-01-23","purchased_purges":1,"victory":false,"max_hp_per_floor":[70,70,70,70,70,70,70,70,70,70,70,70,70,70,70,70],"card_choices":[{"not_picked":["Blur","Cloak And Dagger"],"picked":"Poisoned Stab","floor":1},{"not_picked":["Underhanded Strike","Reflex","Outmaneuver"],"picked":"SKIP","floor":3},{"not_picked":["Slice","Acrobatics"],"picked":"Poisoned Stab","floor":5},{"not_picked":["Sneak Up","All Out Attack","Skewer"],"picked":"SKIP","floor":7},{"not_picked":["Quick Slash","Caltrops","Night Terror"],"picked":"SKIP","floor":13},{"not_picked":["Slice","Blade Dance"],"picked":"Bouncing Flask","floor":14}],"player_experience":112875,"relics_obtained":[{"floor":9,"key":"Snake Skull"},{"floor":13,"key":"Tiny Chest"}],"event_choices":[{"damage_healed":0,"gold_gain":0,"player_choice":"Take Damage","damage_taken":17,"relics_obtained":["Golden Idol"],"max_hp_gain":0,"max_hp_loss":0,"event_name":"Golden Idol","floor":2,"gold_loss":0},{"damage_healed":0,"gold_gain":75,"player_choice":"Gather Gold","damage_taken":11,"max_hp_gain":0,"max_hp_loss":0,"event_name":"World of Goop","floor":4,"gold_loss":0},{"cards_removed":["Strike_G"],"damage_healed":0,"gold_gain":0,"player_choice":"Forget","damage_taken":0,"max_hp_gain":0,"max_hp_loss":0,"event_name":"Living Wall","floor":11,"gold_loss":0}],"is_beta":false,"boss_relics":[],"items_purged_floors":[10],"is_endless":false,"potions_floor_spawned":[1,5,14],"killed_by":"Fading Forest","ascension_level":0}