{"gold_per_floor":[114,129,79,4,21,21,53,66,140,140,159,159,182,71,71,166,166,185,185,185,203,15,26,26,26,26,26,39,39,53,5,5,107,107,121,138,138,151,164,164,189,189,270,270,284,352,11,36,36,36],"floor_reached":51,"playtime":1931,"items_purged":["Strike_B","Strike_B"],"score":705,"play_id":"b12c8b9a-fd58-43f5-97c1-a5d5f1cce2f9","local_time":"20190501111430","is_ascension_mode":false,"campfire_choices":[{"data":"Zap","floor":6.0,"key":"SMITH"},{"data":"Hologram","floor":10.0,"key":"SMITH"},{"data":"Hello World","floor":12.0,"key":"SMITH"},{"data":"Dualcast","floor":15.0,"key":"SMITH"},{"data":"Reinforced Body","floor":24.0,"key":"SMITH"},{"data":"Leap","floor":27.0,"key":"SMITH"},{"data":"Conserve Battery","floor":29.0,"key":"SMITH"},{"data":"Conserve Battery","floor":32.0,"key":"SMITH"},{"data":"Double Energy","floor":40.0,"key":"SMITH"},{"data":"Hologram","floor":42.0,"key":"SMITH"},{"floor":49,"key":"REST"}],"neow_cost":"PERCENT_DAMAGE","seed_source_timestamp":15142202507204,"circlet_count":0,"master_deck":["Strike_B","Strike_B","Defend_B","Defend_B","Zap+1","Dualcast+1","Leap+1","Reinforced Body+1","Hello World+1","Hologram+1","Cold Snap","Conserve Battery+1","Conserve Battery+1","Storm+1","Echo Form+1","Force Field+1","Ball Lightning","Heatsinks+1","Compile Driver","Capacitor+1","Redo+1","Double Energy+1","Reinforced Body+1","Barrage","Hologram+1","Force Field+1","Secret Weapon","Metamorphosis+1"],"special_seed":0,"relics":["Cracked Core","Incense Burner","Ice Cream","Frozen Egg 2","Odd Mushroom","Busted Crown","Blood Vial","Orrery","Bronze Scales","Cables","Toxic Egg 2","DataDisk","Pocketwatch"],"potions_floor_usage":[50,50],"damage_taken":[{"damage":2.0,"enemies":"Jaw Worm","floor":1.0,"turns":3.0},{"damage":0.0,"enemies":"2 Louse","floor":2.0,"turns":2.0},{"damage":0.0,"enemies":"Small Slimes","floor":5.0,"turns":3.0},{"damage":1.0,"enemies":"Lagavulin","floor":7.0,"turns":7.0},{"damage":0.0,"enemies":"Looter","floor":8.0,"turns":4.0},{"damage":6.0,"enemies":"3 Louse","floor":11.0,"turns":2.0},{"damage":7.0,"enemies":"The Mushroom Lair","floor":13.0,"turns":5.0},{"damage":12.0,"enemies":"Hexaghost","floor":16.0,"turns":12.0},{"damage":1.0,"enemies":"Chosen","floor":18.0,"turns":5.0},{"damage":4.0,"enemies":"3 Byrds","floor":21.0,"turns":5.0},{"damage":4.0,"enemies":"Snake Plant","floor":23.0,"turns":4.0},{"damage":6.0,"enemies":"Centurion and Healer","floor":28.0,"turns":7.0},{"damage":0.0,"enemies":"Shelled Parasite and Fungi","floor":30.0,"turns":5.0},{"damage":6.0,"enemies":"Automaton","floor":33.0,"turns":14.0},{"damage":0.0,"enemies":"Orb Walker","floor":35.0,"turns":4.0},{"damage":2.0,"enemies":"3 Darklings","floor":36.0,"turns":5.0},{"damage":7.0,"enemies":"Writhing Mass","floor":38.0,"turns":6.0},{"damage":19.0,"enemies":"Jaw Worm Horde","floor":39.0,"turns":5.0},{"damage":1.0,"enemies":"Nemesis","floor":41.0,"turns":7.0},{"damage":0.0,"enemies":"Sphere and 2 Shapes","floor":45.0,"turns":6.0},{"damage":32,"enemies":"Reptomancer","floor":48,"turns":7},{"damage":9,"enemies":"Awakened One","floor":50,"turns":9}],"seed_played":"-7826416435813207117","potions_obtained":[{"floor":1.0,"key":"Energy Potion"},{"floor":2.0,"key":"Swift Potion"},{"floor":13.0,"key":"EssenceOfSteel"},{"floor":16.0,"key":"Weak Potion"},{"floor":18.0,"key":"Weak Potion"},{"floor":21.0,"key":"Weak Potion"},{"floor":33.0,"key":"Block Potion"},{"floor":38.0,"key":"Explosive Potion"},{"floor":39.0,"key":"Block Potion"},{"floor":41.0,"key":"EssenceOfSteel"},{"floor":48,"key":"AttackPotion"}],"is_trial":false,"path_per_floor":["M","M","?","$","M","R","E","M","T","R","M","R","?","$","R","B",null,"M","?","?","M","$","M","R","?","T","R","M","R","M","$","R","B",null,"M","M","?","M","M","R","E","R","T","?","M","T","$","E","R","B",null],"character_chosen":"DEFECT","items_purchased":["Hello World","Storm+1","Ball Lightning","Heatsinks+1","Compile Driver","DataDisk","Metamorphosis+1"],"campfire_rested":1,"item_purchase_floors":[4,14,22,22,31,47,47],"current_hp_per_floor":[52,52,52,52,52,52,51,51,51,51,45,45,38,38,38,26,75,74,74,74,70,70,66,66,66,66,66,62,62,64,64,64,60,75,75,73,73,68,51,51,52,52,52,52,54,54,54,24,46,39],"gold":36,"neow_bonus":"ONE_RARE_RELIC","is_prod":false,"is_daily":false,"chose_seed":false,"campfire_upgraded":10,"win_rate":0,"timestamp":1556730870,"path_taken":["M","M","?","$","M","R","E","M","T","R","M","R","?","?","R","BOSS","M","?","?","M","$","M","R","?","T","R","M","R","M","?","R","BOSS","M","M","?","M","M","R","E","R","T","?","M","?","$","E","R","BOSS"],"build_version":"2019-01-23","purchased_purges":2,"victory":true,"max_hp_per_floor":[75,75,75,75,75,75,75,75,75,75,75,75,75,75,75,75,75,75,75,75,75,75,75,75,75,75,75,75,75,75,75,75,75,75,75,75,75,75,75,75,75,75,75,75,75,75,75,75,75,75],"card_choices":[{"not_picked":["Double Energy","Rebound"],"picked":"Leap","floor":1.0},{"not_picked":["Steam","Leap"],"picked":"Reinforced Body","floor":2.0},{"not_picked":["Go for the Eyes","Gash","Steam"],"picked":"SKIP","floor":5.0},{"not_picked":["Gash","Core Surge"],"picked":"Hologram","floor":7.0},{"not_picked":["Scrape","Sunder"],"picked":"Cold Snap","floor":8.0},{"not_picked":["Cold Snap","FTL"],"picked":"Conserve Battery","floor":11.0},{"not_picked":["Auto Shields","Leap"],"picked":"Conserve Battery","floor":13.0},{"not_picked":["Fission","Thunder Strike"],"picked":"Echo Form+1","floor":16.0},{"not_picked":[],"picked":"Force Field+1","floor":18.0},{"not_picked":["Compile Driver"],"picked":"SKIP","floor":21.0},{"not_picked":["Sweeping Beam"],"picked":"SKIP","floor":23.0},{"not_picked":["Stack"],"picked":"SKIP","floor":28.0},{"not_picked":["Coolheaded"],"picked":"SKIP","floor":30.0},{"not_picked":[],"picked":"Capacitor+1","floor":34.0},{"not_picked":[],"picked":"Redo+1","floor":34.0},{"not_picked":[],"picked":"Double Energy","floor":34.0},{"not_picked":[],"picked":"Reinforced Body+1","floor":34.0},{"not_picked":[],"picked":"Barrage","floor":34.0},{"not_picked":[],"picked":"Hologram","floor":35.0},{"not_picked":["Steam"],"picked":"SKIP","floor":36.0},{"not_picked":["Leap"],"picked":"SKIP","floor":38.0},{"not_picked":[],"picked":"Force Field+1","floor":39.0},{"not_picked":["BootSequence"],"picked":"SKIP","floor":41.0},{"not_picked":[],"picked":"Secret Weapon","floor":44.0},{"not_picked":["Coolheaded"],"picked":"SKIP","floor":45.0},{"not_picked":["Rebound+1"],"picked":"SKIP","floor":48}],"player_experience":1352736,"relics_obtained":[{"floor":7.0,"key":"Ice Cream"},{"floor":9.0,"key":"Frozen Egg 2"},{"floor":13.0,"key":"Odd Mushroom"},{"floor":26.0,"key":"Blood Vial"},{"floor":41.0,"key":"Bronze Scales"},{"floor":43.0,"key":"Cables"},{"floor":46.0,"key":"Toxic Egg 2"},{"floor":48,"key":"Pocketwatch"}],"event_choices":[{"cards_removed":["Defend_B"],"damage_healed":0.0,"max_hp_gain":0.0,"max_hp_loss":0.0,"gold_gain":0.0,"event_name":"The Cleric","player_choice":"Card Removal","floor":3.0,"gold_loss":50.0,"damage_taken":0.0},{"damage_healed":0.0,"max_hp_gain":0.0,"max_hp_loss":0.0,"gold_gain":0.0,"event_name":"Mushrooms","player_choice":"Fought Mushrooms","floor":13.0,"gold_loss":0.0,"damage_taken":0.0},{"damage_healed":0.0,"max_hp_gain":0.0,"max_hp_loss":0.0,"gold_gain":0.0,"event_name":"Ghosts","player_choice":"Ignored","floor":19.0,"gold_loss":0.0,"damage_taken":0.0},{"cards_removed":["Defend_B"],"damage_healed":0.0,"max_hp_gain":0.0,"max_hp_loss":0.0,"gold_gain":0.0,"event_name":"Back to Basics","player_choice":"Elegance","floor":20.0,"gold_loss":0.0,"damage_taken":0.0},{"damage_healed":0.0,"max_hp_gain":0.0,"max_hp_loss":0.0,"gold_gain":0.0,"event_name":"Mysterious Sphere","player_choice":"Ignored","floor":37.0,"gold_loss":0.0,"damage_taken":0.0},{"damage_healed":0.0,"max_hp_gain":0.0,"max_hp_loss":0.0,"gold_gain":0.0,"event_name":"SensoryStone","player_choice":"Memory 1","floor":44.0,"gold_loss":0.0,"damage_taken":0.0}],"is_beta":false,"boss_relics":[{"not_picked":["Coffee Dripper","Ectoplasm"],"picked":"Busted Crown"},{"not_picked":["Pandora\u0027s Box","FrozenCore"],"picked":"Orrery"}],"items_purged_floors":[14,22],"is_endless":false,"potions_floor_spawned":[1,2,13,16,18,21,33,38,39,41,48],"ascension_level":0}