{"gold_per_floor":[119,119,33,208,208,234,234,264,289,15,32,32,32,44,44,144,144,126,126,143,143,62,62,95,95,95,95,61,61,160,192,192,293,293,307,307,325,325,116,146,146,146,146,112,132,132],"floor_reached":46,"playtime":2817,"items_purged":[],"score":590,"play_id":"329fada8-13ca-405d-9d33-bbf4eddd97d2","local_time":"20190304015827","is_ascension_mode":true,"campfire_choices":[{"floor":7.0,"key":"REST"},{"floor":13.0,"key":"REST"},{"data":"Defragment","floor":15.0,"key":"SMITH"},{"floor":23.0,"key":"REST"},{"floor":25.0,"key":"REST"},{"floor":27.0,"key":"REST"},{"data":"Defragment","floor":29.0,"key":"SMITH"},{"floor":32.0,"key":"REST"},{"floor":41,"key":"REST"}],"neow_cost":"NONE","seed_source_timestamp":0,"circlet_count":0,"master_deck":["Defend_B","Defend_B","Defend_B","Defend_B","Zap","Dualcast","Blind","Auto Shields","Compile Driver","Capacitor","Barrage+1","Doubt","Defragment+1","Coolheaded","Loop","Ball Lightning","Static Discharge","Electrodynamics","Consume","Streamline","Capacitor","Defragment+1","Cold Snap","Fusion","Tempest","Compile Driver+1","Thunder Strike","White Noise+1","Redo+1","Cold Snap","Chaos+1","Ball Lightning+1","Loop"],"special_seed":0,"relics":["Cracked Core","Happy Flower","Sundial","Dream Catcher","Pantograph","Black Star","Incense Burner","StoneCalendar","Bottled Tornado","Calipers","Pocketwatch","Philosopher\u0027s Stone","Art of War","Mango","Shuriken","PreservedInsect"],"potions_floor_usage":[37,45,46],"damage_taken":[{"damage":12.0,"enemies":"2 Louse","floor":1.0,"turns":2.0},{"damage":60.0,"enemies":"Gremlin Nob","floor":6.0,"turns":6.0},{"damage":11.0,"enemies":"Lagavulin","floor":8.0,"turns":7.0},{"damage":4.0,"enemies":"Jaw Worm","floor":11.0,"turns":4.0},{"damage":0.0,"enemies":"Small Slimes","floor":14.0,"turns":3.0},{"damage":30.0,"enemies":"Slime Boss","floor":16.0,"turns":9.0},{"damage":32.0,"enemies":"2 Thieves","floor":18.0,"turns":5.0},{"damage":7.0,"enemies":"3 Byrds","floor":20.0,"turns":2.0},{"damage":55.0,"enemies":"Gremlin Leader","floor":24.0,"turns":7.0},{"damage":30.0,"enemies":"Book of Stabbing","floor":31.0,"turns":5.0},{"damage":0.0,"enemies":"Champ","floor":33.0,"turns":10.0},{"damage":17,"enemies":"Orb Walker","floor":35,"turns":4},{"damage":53,"enemies":"3 Darklings","floor":37,"turns":6},{"damage":10,"enemies":"Giant Head","floor":40,"turns":8},{"damage":28,"enemies":"Spire Growth","floor":45,"turns":5},{"damage":28,"enemies":"Jaw Worm Horde","floor":46,"turns":2}],"seed_played":"2653598641697600970","potions_obtained":[{"floor":1.0,"key":"Energy Potion"},{"floor":8.0,"key":"LiquidBronze"},{"floor":18.0,"key":"GamblersBrew"},{"floor":33.0,"key":"Regen Potion"},{"floor":37,"key":"SpeedPotion"},{"floor":40,"key":"Block Potion"}],"is_trial":false,"path_per_floor":["M","?","$","?","?","E","R","E","T","$","M","$","R","M","R","B",null,"M","?","M","?","$","R","E","R","T","R","$","R","?","E","R","B",null,"M","?","M","?","$","E","R","$","T","$","M","M"],"character_chosen":"DEFECT","items_purchased":["Capacitor","Barrage","Loop","Pantograph","Defragment","Tempest","Art of War","Cold Snap","Loop"],"campfire_rested":7,"item_purchase_floors":[3,3,10,10,22,28,39,39,44],"current_hp_per_floor":[63,63,63,63,63,3,25,14,14,14,10,10,32,32,32,27,75,43,43,36,36,36,58,3,25,25,47,47,47,47,17,39,64,75,58,58,19,19,19,23,49,49,49,49,21,0],"gold":132,"neow_bonus":"RANDOM_COLORLESS","is_prod":false,"is_daily":false,"chose_seed":false,"campfire_upgraded":2,"win_rate":0,"timestamp":1551686307,"path_taken":["M","?","$","?","?","E","R","E","T","$","?","?","R","M","R","BOSS","M","?","M","?","$","R","E","R","T","R","$","R","?","E","R","BOSS","M","?","M","?","$","E","R","$","T","$","?","?"],"build_version":"2019-01-23","purchased_purges":0,"victory":false,"max_hp_per_floor":[75,75,75,75,75,75,75,75,75,75,75,75,75,75,75,75,75,75,75,75,75,75,75,75,75,75,75,75,75,75,75,75,75,75,75,75,75,75,75,89,89,89,89,89,89,89],"card_choices":[{"not_picked":["BootSequence","Lockon"],"picked":"Auto Shields","floor":1.0},{"not_picked":["Sweeping Beam","Loop"],"picked":"Defragment","floor":6.0},{"not_picked":["Redo","Streamline"],"picked":"Coolheaded","floor":8.0},{"not_picked":["Steam","Barrage"],"picked":"Ball Lightning","floor":11.0},{"not_picked":["Auto Shields","Streamline"],"picked":"Static Discharge","floor":14.0},{"not_picked":["All For One","Fission"],"picked":"Electrodynamics","floor":16.0},{"not_picked":["Barrage+1","Cold Snap"],"picked":"Consume","floor":18.0},{"not_picked":["Streamline","Rip and Tear","Stack+1"],"picked":"SKIP","floor":20.0},{"not_picked":["Sweeping Beam","Doom and Gloom"],"picked":"Cold Snap","floor":24.0},{"not_picked":["Hologram","Sunder+1"],"picked":"Fusion","floor":27.0},{"not_picked":["Storm","Creative AI","Gash"],"picked":"SKIP","floor":31.0},{"not_picked":["Go for the Eyes+1","Hologram+1"],"picked":"Compile Driver+1","floor":32.0},{"not_picked":["Seek","Creative AI"],"picked":"Thunder Strike","floor":33.0},{"not_picked":["Rebound","Steam"],"picked":"White Noise+1","floor":35},{"not_picked":["Rebound","Coolheaded+1"],"picked":"Redo+1","floor":37},{"not_picked":["Multi-Cast","White Noise"],"picked":"Chaos+1","floor":40},{"not_picked":["Coolheaded","Hologram+1"],"picked":"Ball Lightning+1","floor":41},{"not_picked":["Leap","Cold Snap","Steam+1"],"picked":"SKIP","floor":45}],"player_experience":402531,"relics_obtained":[{"floor":6.0,"key":"Happy Flower"},{"floor":8.0,"key":"Sundial"},{"floor":9.0,"key":"Dream Catcher"},{"floor":24.0,"key":"Incense Burner"},{"floor":24.0,"key":"StoneCalendar"},{"floor":26.0,"key":"Bottled Tornado"},{"floor":31.0,"key":"Calipers"},{"floor":31.0,"key":"Pocketwatch"},{"floor":40,"key":"Mango"},{"floor":40,"key":"Shuriken"},{"floor":43,"key":"PreservedInsect"}],"event_choices":[{"damage_healed":0.0,"max_hp_gain":0.0,"max_hp_loss":0.0,"gold_gain":0.0,"cards_transformed":["Strike_B"],"event_name":"Living Wall","player_choice":"Change","floor":2.0,"gold_loss":0.0,"damage_taken":0.0,"cards_obtained":["Compile Driver"]},{"damage_healed":0.0,"max_hp_gain":0.0,"max_hp_loss":0.0,"gold_gain":175.0,"event_name":"Liars Game","player_choice":"AGREE","floor":4.0,"gold_loss":0.0,"damage_taken":0.0,"cards_obtained":["Doubt"]},{"damage_healed":0.0,"max_hp_gain":0.0,"max_hp_loss":0.0,"gold_gain":0.0,"event_name":"Accursed Blacksmith","player_choice":"Forge","floor":5.0,"gold_loss":0.0,"damage_taken":0.0,"cards_upgraded":["Barrage"]},{"damage_healed":0.0,"max_hp_gain":0.0,"max_hp_loss":0.0,"gold_gain":0.0,"cards_transformed":["Strike_B","Strike_B"],"event_name":"Drug Dealer","player_choice":"Became Test Subject","floor":19.0,"gold_loss":0.0,"damage_taken":0.0,"cards_obtained":["Streamline","Capacitor"]},{"damage_healed":0.0,"max_hp_gain":0.0,"max_hp_loss":0.0,"gold_gain":0.0,"event_name":"Ghosts","player_choice":"Ignored","floor":21.0,"gold_loss":0.0,"damage_taken":0.0},{"damage_healed":0.0,"max_hp_gain":0.0,"max_hp_loss":0.0,"gold_gain":99.0,"event_name":"Nest","player_choice":"Stole From Cult","floor":30.0,"gold_loss":0.0,"damage_taken":0.0},{"damage_healed":0,"gold_gain":0,"player_choice":"Ignored","damage_taken":0,"max_hp_gain":0,"max_hp_loss":0,"event_name":"Tomb of Lord Red Mask","floor":36,"gold_loss":0},{"cards_removed":["Strike_B"],"damage_healed":0,"gold_gain":0,"player_choice":"Offered Basic","damage_taken":0,"max_hp_gain":0,"max_hp_loss":0,"event_name":"Bonfire Elementals","floor":38,"gold_loss":0}],"is_beta":false,"boss_relics":[{"not_picked":["Lizard Tail","Runic Pyramid"],"picked":"Black Star"},{"not_picked":["Calling Bell","Tiny House"],"picked":"Philosopher\u0027s Stone"}],"items_purged_floors":[],"is_endless":false,"potions_floor_spawned":[1,8,18,33,37,40],"killed_by":"Jaw Worm Horde","ascension_level":2}