{"gold_per_floor":[113,113,113,123,4,32,50,50,50,50,66,66,82,111,111,213,213,227,152,1,1,1,1,14,24,73,73,101,101,114,114,114,210,210,226,226,56,56,103,103,117,117],"floor_reached":42,"playtime":3026,"items_purged":["Strike_G","Strike_G"],"score":519,"play_id":"20a3e897-1fb2-4de9-90f5-c3ebd96efdee","local_time":"20190120020641","is_ascension_mode":true,"campfire_choices":[{"data":"Bouncing Flask","floor":8,"key":"SMITH"},{"data":"Catalyst","floor":10,"key":"SMITH"},{"data":"Caltrops","floor":12,"key":"SMITH"},{"data":"Bouncing Flask","floor":15,"key":"SMITH"},{"data":"Neutralize","floor":23,"key":"SMITH"},{"floor":29,"key":"REST"},{"floor":32,"key":"REST"},{"floor":40,"key":"REST"}],"neow_cost":"NONE","seed_source_timestamp":107005112743242,"circlet_count":0,"master_deck":["Defend_G","Defend_G","Defend_G","Defend_G","Defend_G","Survivor","Neutralize+1","Caltrops+1","Neutralize","Outmaneuver","Catalyst+1","Bouncing Flask+1","Quick Slash","Backstab+1","Bane+1","Bouncing Flask+1","Die Die Die+1","Backflip","Dash+1","Catalyst","Backflip","After Image+1","Noxious Fumes+1","Thinking Ahead","Footwork+1"],"relics":["Ring of the Snake","NeowsBlessing","Molten Egg 2","Snake Skull","Frozen Egg 2","Empty Cage","Orichalcum","Tough Bandages","MutagenicStrength","Lizard Tail","Tingsha"],"potions_floor_usage":[18,30,33],"damage_taken":[{"damage":0,"enemies":"Small Slimes","floor":1,"turns":1},{"damage":0,"enemies":"2 Louse","floor":4,"turns":1},{"damage":0,"enemies":"Lagavulin","floor":6,"turns":1},{"damage":0,"enemies":"Cultist","floor":7,"turns":2},{"damage":0,"enemies":"Blue Slaver","floor":11,"turns":2},{"damage":1,"enemies":"3 Louse","floor":13,"turns":2},{"damage":9,"enemies":"3 Sentries","floor":14,"turns":5},{"damage":31,"enemies":"Hexaghost","floor":16,"turns":5},{"damage":8,"enemies":"2 Thieves","floor":18,"turns":3},{"damage":0,"enemies":"Chosen","floor":24,"turns":3},{"damage":24,"enemies":"Snake Plant","floor":25,"turns":3},{"damage":21,"enemies":"Gremlin Leader","floor":28,"turns":6},{"damage":12,"enemies":"Cultist and Chosen","floor":30,"turns":5},{"damage":44,"enemies":"Automaton","floor":33,"turns":9},{"damage":1,"enemies":"3 Shapes","floor":35,"turns":4},{"damage":73,"enemies":"2 Orb Walkers","floor":39,"turns":5},{"damage":29,"enemies":"3 Darklings","floor":41,"turns":5},{"damage":48,"enemies":"Spire Growth","floor":42,"turns":3}],"seed_played":"2266943272687819708","potions_obtained":[{"floor":4,"key":"FearPotion"},{"floor":6,"key":"SteroidPotion"},{"floor":7,"key":"AttackPotion"},{"floor":18,"key":"EssenceOfSteel"},{"floor":25,"key":"SneckoOil"}],"is_trial":false,"path_per_floor":["M","?","?","M","$","E","M","R","T","R","M","R","M","E","R","B",null,"M","?","$","?","$","R","M","M","T","?","E","R","M","?","R","B",null,"M","?","$","?","?","R","M","M"],"character_chosen":"THE_SILENT","items_purchased":["Bouncing Flask","Quick Slash","Dash+1","Noxious Fumes+1"],"campfire_rested":3,"item_purchase_floors":[5,5,20,37],"current_hp_per_floor":[70,75,75,75,75,75,75,75,75,75,75,75,74,65,65,34,75,67,67,67,67,67,67,67,43,43,36,15,37,25,25,47,3,75,74,74,74,74,1,23,37,0],"gold":117,"neow_bonus":"THREE_ENEMY_KILL","is_prod":false,"is_daily":false,"chose_seed":false,"campfire_upgraded":5,"win_rate":0,"timestamp":1547971601,"path_taken":["M","?","?","M","$","E","?","R","T","R","M","R","M","E","R","BOSS","M","?","$","?","?","R","M","M","T","?","E","R","?","?","R","BOSS","M","?","$","?","?","R","M","M"],"build_version":"2019-01-17v2","purchased_purges":2,"victory":false,"max_hp_per_floor":[70,75,75,75,75,75,75,75,75,75,75,75,75,75,75,75,75,75,75,75,75,75,75,75,75,75,75,75,75,75,75,75,75,75,75,75,75,75,75,75,75,75],"card_choices":[{"not_picked":["PiercingWail","Dagger Spray"],"picked":"Caltrops","floor":1},{"not_picked":["Finisher","Slice"],"picked":"Catalyst","floor":4},{"not_picked":["Flying Knee","Quick Slash"],"picked":"Backstab","floor":6},{"not_picked":["Slice+1","Choke+1","Deflect"],"picked":"SKIP","floor":7},{"not_picked":["Flechettes+1","Dagger Spray+1"],"picked":"Dash+1","floor":11},{"not_picked":["Acrobatics","Deadly Poison"],"picked":"Bane+1","floor":13},{"not_picked":["Endless Agony+1","Dagger Spray+1"],"picked":"Bouncing Flask","floor":14},{"not_picked":["After Image+1","Venomology"],"picked":"Die Die Die+1","floor":16},{"not_picked":["Infinite Blades+1","Quick Slash+1"],"picked":"Backflip","floor":18},{"not_picked":["Predator+1","Outmaneuver","Flying Knee+1"],"picked":"SKIP","floor":24},{"not_picked":["Underhanded Strike+1","Escape Plan"],"picked":"Catalyst","floor":25},{"not_picked":["Flying Knee+1","Blur+1"],"picked":"Backflip","floor":28},{"not_picked":["Masterful Stab+1","Choke+1","Crippling Poison"],"picked":"SKIP","floor":30},{"not_picked":["A Thousand Cuts+1","Corpse Explosion"],"picked":"After Image+1","floor":33},{"not_picked":["Backflip","Flying Knee+1","Crippling Poison"],"picked":"SKIP","floor":35},{"not_picked":["Flash of Steel+1","Forethought"],"picked":"Thinking Ahead","floor":38},{"not_picked":["Caltrops+1","Deadly Poison+1"],"picked":"Footwork+1","floor":41}],"player_experience":245668,"relics_obtained":[{"floor":6,"key":"Molten Egg 2"},{"floor":9,"key":"Snake Skull"},{"floor":14,"key":"Frozen Egg 2"},{"floor":26,"key":"Orichalcum"},{"floor":28,"key":"Tough Bandages"},{"floor":39,"key":"Tingsha"}],"event_choices":[{"damage_healed":0,"gold_gain":0,"player_choice":"Donut","damage_taken":0,"max_hp_gain":5,"max_hp_loss":0,"event_name":"Big Fish","floor":2,"gold_loss":0},{"damage_healed":0,"gold_gain":0,"player_choice":"2 cards matched","damage_taken":0,"max_hp_gain":0,"max_hp_loss":0,"event_name":"Match and Keep!","floor":3,"gold_loss":0,"cards_obtained":["Neutralize","Outmaneuver"]},{"cards_removed":["Strike_G"],"damage_healed":0,"gold_gain":0,"player_choice":"Gave Gold","damage_taken":0,"max_hp_gain":0,"max_hp_loss":0,"event_name":"Beggar","floor":19,"gold_loss":75},{"damage_healed":0,"gold_gain":0,"player_choice":"Damaged","damage_taken":7,"max_hp_gain":0,"max_hp_loss":0,"event_name":"Wheel of Change","floor":27,"gold_loss":0},{"damage_healed":0,"gold_gain":0,"player_choice":"Inject Mutagens","damage_taken":0,"relics_obtained":["MutagenicStrength"],"max_hp_gain":0,"max_hp_loss":0,"event_name":"Drug Dealer","floor":31,"gold_loss":0},{"cards_removed":["Dash"],"damage_healed":0,"gold_gain":0,"player_choice":"Removed Attack","damage_taken":0,"max_hp_gain":0,"max_hp_loss":0,"event_name":"Falling","floor":36,"gold_loss":0},{"damage_healed":0,"gold_gain":0,"player_choice":"Memory 1","damage_taken":0,"max_hp_gain":0,"max_hp_loss":0,"event_name":"SensoryStone","floor":38,"gold_loss":0},{"damage_healed":0,"gold_gain":0,"player_choice":"Fight","damage_taken":0,"max_hp_gain":0,"max_hp_loss":0,"event_name":"Mysterious Sphere","floor":39,"gold_loss":0}],"is_beta":false,"boss_relics":[{"not_picked":["Calling Bell","Orrery"],"picked":"Empty Cage"},{"not_picked":["White Beast Statue","WristBlade"],"picked":"Lizard Tail"}],"items_purged_floors":[20,37],"is_endless":false,"potions_floor_spawned":[4,6,7,11,18,25,28,30],"killed_by":"Spire Growth","ascension_level":2}