{"gold_per_floor":[118,43,59,59,76,76,92,92,92,92,92,105,117,129,129,226,226,238,251,7,19,36,36,61,61,87,87,120,120,120,220,220,220],"floor_reached":33,"playtime":4427,"items_purged":["Dropkick","Clothesline"],"score":352,"play_id":"a3c1e6e1-bd04-4f26-8717-2fb96678772b","local_time":"20190425234521","daily_mods":["Draft"],"is_ascension_mode":false,"campfire_choices":[{"data":"Brutality","floor":6,"key":"SMITH"},{"data":"Armaments","floor":8,"key":"SMITH"},{"data":"Iron Wave","floor":11,"key":"SMITH"},{"data":"Armaments","floor":15,"key":"SMITH"},{"data":"Shrug It Off","floor":23,"key":"SMITH"},{"floor":25,"key":"REST"},{"data":"Seeing Red","floor":30,"key":"SMITH"},{"data":"Battle Trance","floor":32,"key":"SMITH"}],"neow_cost":"","seed_source_timestamp":0,"circlet_count":0,"master_deck":["Iron Wave","Armaments+1","Body Slam","Shrug It Off+1","Iron Wave+1","Iron Wave","Corruption","Burning Pact","True Grit","Body Slam","Pummel","Body Slam","Anger","Armaments+1","Brutality+1","Seeing Red+1","Feel No Pain","Body Slam","Battle Trance+1","Body Slam"],"relics":["Burning Blood","Bottled Flame","Vajra","Eternal Feather","PreservedInsect","Blue Candle","Juzu Bracelet","Oddly Smooth Stone","Torii","Frozen Egg 2"],"potions_floor_usage":[16,16,16,19,24,31,33],"damage_taken":[{"damage":0,"enemies":"Cultist","floor":1,"turns":4},{"damage":7,"enemies":"2 Louse","floor":3,"turns":2},{"damage":2,"enemies":"Small Slimes","floor":5,"turns":3},{"damage":14,"enemies":"3 Louse","floor":7,"turns":3},{"damage":8,"enemies":"Red Slaver","floor":12,"turns":3},{"damage":1,"enemies":"Looter","floor":13,"turns":2},{"damage":2,"enemies":"Exordium Thugs","floor":14,"turns":3},{"damage":8,"enemies":"Slime Boss","floor":16,"turns":9},{"damage":3,"enemies":"Chosen","floor":18,"turns":4},{"damage":15,"enemies":"Spheric Guardian","floor":19,"turns":4},{"damage":10,"enemies":"Centurion and Healer","floor":21,"turns":7},{"damage":18,"enemies":"Snake Plant","floor":22,"turns":3},{"damage":19,"enemies":"Slavers","floor":24,"turns":4},{"damage":8,"enemies":"Book of Stabbing","floor":28,"turns":4},{"damage":9,"enemies":"Colosseum Slavers","floor":31,"turns":4},{"damage":10,"enemies":"Colosseum Nobs","floor":31,"turns":3},{"damage":96,"enemies":"Collector","floor":33,"turns":6}],"seed_played":"-4595543995644758084","potions_obtained":[{"floor":5,"key":"SkillPotion"},{"floor":12,"key":"EssenceOfSteel"},{"floor":13,"key":"Block Potion"},{"floor":16,"key":"Fire Potion"},{"floor":21,"key":"PowerPotion"},{"floor":28,"key":"PowerPotion"},{"floor":31,"key":"FearPotion"}],"is_trial":true,"path_per_floor":["M","$","M","$","M","R","M","R","T","T","R","M","M","M","R","B",null,"M","M","$","M","M","R","E","R","T","?","E","?","R","?","R","B"],"character_chosen":"IRONCLAD","items_purchased":["PreservedInsect"],"campfire_rested":1,"item_purchase_floors":[20],"current_hp_per_floor":[80,80,79,79,80,80,72,72,72,72,72,70,75,79,79,77,80,80,71,71,67,55,64,51,80,80,80,78,63,72,65,77,0],"gold":220,"neow_bonus":"","is_prod":false,"is_daily":false,"chose_seed":false,"campfire_upgraded":7,"win_rate":0.0,"timestamp":1556192721,"path_taken":["M","?","M","$","?","R","M","R","T","?","R","M","M","?","R","BOSS","M","M","$","M","M","R","E","R","T","?","E","?","R","?","R","BOSS"],"build_version":"2019-01-23","purchased_purges":2,"victory":false,"max_hp_per_floor":[80,80,80,80,80,80,80,80,80,80,80,80,80,80,80,80,80,80,80,80,80,80,80,80,80,80,80,80,85,85,85,85,85],"card_choices":[{"not_picked":["Perfected Strike","Clothesline"],"picked":"Iron Wave","floor":0},{"not_picked":["Perfected Strike","Warcry"],"picked":"Armaments","floor":0},{"not_picked":["Twin Strike","Second Wind"],"picked":"Body Slam","floor":0},{"not_picked":["Spot Weakness","Twin Strike"],"picked":"Shrug It Off","floor":0},{"not_picked":["Wild Strike","Havoc"],"picked":"Dropkick","floor":0},{"not_picked":["Headbutt","Sword Boomerang"],"picked":"Iron Wave","floor":0},{"not_picked":["Havoc","Warcry"],"picked":"Iron Wave","floor":0},{"not_picked":["Sword Boomerang","Dual Wield"],"picked":"Corruption","floor":0},{"not_picked":["Pommel Strike","Clothesline"],"picked":"Burning Pact","floor":0},{"not_picked":["Spot Weakness","Pommel Strike"],"picked":"True Grit","floor":0},{"not_picked":["Cleave","Pommel Strike"],"picked":"Clothesline","floor":0},{"not_picked":["Battle Trance","Warcry"],"picked":"Body Slam","floor":0},{"not_picked":["Warcry","Disarm"],"picked":"Pummel","floor":0},{"not_picked":["Searing Blow","Shrug It Off"],"picked":"Body Slam","floor":0},{"not_picked":["Intimidate","Flex"],"picked":"Anger","floor":0},{"not_picked":["Rupture","Heavy Blade"],"picked":"Armaments","floor":1},{"not_picked":["Carnage","Wild Strike"],"picked":"Brutality","floor":3},{"not_picked":["Twin Strike","True Grit","Heavy Blade"],"picked":"SKIP","floor":5},{"not_picked":["Entrench","Pommel Strike","Perfected Strike"],"picked":"SKIP","floor":7},{"not_picked":["Perfected Strike","Sword Boomerang"],"picked":"Seeing Red","floor":12},{"not_picked":["Perfected Strike","Pommel Strike","Blood for Blood"],"picked":"SKIP","floor":13},{"not_picked":["Cleave","Combust"],"picked":"Feel No Pain","floor":14},{"not_picked":["Disarm","Ghostly Armor","Sever Soul"],"picked":"SKIP","floor":18},{"not_picked":["Thunderclap","Heavy Blade+1","Twin Strike"],"picked":"SKIP","floor":19},{"not_picked":["Hemokinesis+1","Iron Wave","Headbutt"],"picked":"SKIP","floor":21},{"not_picked":["Spot Weakness","Fire Breathing+1","Thunderclap"],"picked":"SKIP","floor":22},{"not_picked":["Shockwave+1","Fiend Fire","Flex+1"],"picked":"SKIP","floor":24},{"not_picked":["Seeing Red","Perfected Strike"],"picked":"Battle Trance","floor":28},{"not_picked":["Disarm","Heavy Blade+1"],"picked":"Body Slam","floor":31}],"player_experience":41939,"relics_obtained":[{"floor":9,"key":"Bottled Flame"},{"floor":10,"key":"Vajra"},{"floor":24,"key":"Blue Candle"},{"floor":26,"key":"Juzu Bracelet"},{"floor":28,"key":"Oddly Smooth Stone"},{"floor":31,"key":"Torii"},{"floor":31,"key":"Frozen Egg 2"}],"event_choices":[{"damage_healed":0,"gold_gain":0,"player_choice":"Read","damage_taken":0,"max_hp_gain":0,"max_hp_loss":0,"event_name":"The Library","floor":27,"gold_loss":0,"cards_obtained":["Body Slam"]},{"damage_healed":0,"gold_gain":0,"player_choice":"Shed Blood","damage_taken":20,"max_hp_gain":5,"max_hp_loss":0,"event_name":"Forgotten Altar","floor":29,"gold_loss":0},{"damage_healed":0,"gold_gain":0,"player_choice":"Fight","damage_taken":0,"max_hp_gain":0,"max_hp_loss":0,"event_name":"Colosseum","floor":31,"gold_loss":0},{"damage_healed":0,"gold_gain":0,"player_choice":"Fought Nobs","damage_taken":0,"max_hp_gain":0,"max_hp_loss":0,"event_name":"Colosseum","floor":31,"gold_loss":0}],"is_beta":false,"boss_relics":[{"not_picked":["White Beast Statue","Calling Bell"],"picked":"Eternal Feather"}],"items_purged_floors":[2,20],"is_endless":false,"potions_floor_spawned":[5,12,13,16,21,22,28,31],"killed_by":"Collector","ascension_level":0}