{"gold_per_floor":[113,113,64,64,83,122,122,157,157,157,157,48,48,61,61,186,186,204,197,159,184,27,27,43,78,101,101,101,116,140,190,190,320,383,406,424,24,47,117,150,150,3,3,28,62,62,62,78,78,78],"floor_reached":51,"playtime":4273,"items_purged":["Strike_G","Strike_G"],"score":960,"play_id":"02d7510d-5249-4ee4-b295-b2410d16c059","local_time":"20190411001835","is_ascension_mode":true,"campfire_choices":[{"data":"Neutralize","floor":7,"key":"SMITH"},{"floor":11,"key":"REST"},{"data":"Noxious Fumes","floor":13,"key":"SMITH"},{"data":"Backflip","floor":15,"key":"SMITH"},{"data":"Footwork","floor":23,"key":"SMITH"},{"data":"Footwork","floor":32,"key":"SMITH"},{"floor":41,"key":"REST"},{"data":"Burst","floor":47,"key":"SMITH"},{"data":"Noxious Fumes","floor":49,"key":"SMITH"}],"neow_cost":"NONE","seed_source_timestamp":63071786097558,"circlet_count":0,"master_deck":["Defend_G","Defend_G","Defend_G","Defend_G","Defend_G","Survivor","Neutralize+1","Backflip+1","Quick Slash","Noxious Fumes+1","Burst+1","Noxious Fumes+1","Backflip+1","Bane","Footwork+1","Footwork+1","Terror+1","Catalyst+1","Well Laid Plans+1","Bane","Dodge and Roll+1","Catalyst+1","Backflip+1","Backstab+1","All Out Attack","Backflip+1"],"relics":["Ring of the Snake","Omamori","Golden Idol","FossilizedHelix","Strawberry","Prayer Wheel","Velvet Choker","Oddly Smooth Stone","Dodecahedron","PreservedInsect","Tiny House","Incense Burner","Pen Nib","Snake Skull","Blue Candle","Mango"],"potions_floor_usage":[6,25],"damage_taken":[{"damage":0,"enemies":"Small Slimes","floor":1,"turns":3},{"damage":1,"enemies":"Jaw Worm","floor":5,"turns":5},{"damage":14,"enemies":"3 Sentries","floor":6,"turns":13},{"damage":28,"enemies":"Lagavulin","floor":8,"turns":11},{"damage":0,"enemies":"2 Louse","floor":14,"turns":2},{"damage":37,"enemies":"Hexaghost","floor":16,"turns":13},{"damage":15,"enemies":"Spheric Guardian","floor":18,"turns":7},{"damage":0,"enemies":"2 Thieves","floor":19,"turns":4},{"damage":3,"enemies":"Centurion and Healer","floor":21,"turns":8},{"damage":0,"enemies":"Snecko","floor":24,"turns":7},{"damage":20,"enemies":"Slavers","floor":25,"turns":6},{"damage":0,"enemies":"Snake Plant","floor":29,"turns":6},{"damage":0,"enemies":"Centurion and Healer","floor":30,"turns":5},{"damage":6,"enemies":"Collector","floor":33,"turns":6},{"damage":10,"enemies":"3 Darklings","floor":35,"turns":5},{"damage":0,"enemies":"Orb Walker","floor":36,"turns":3},{"damage":0,"enemies":"Maw","floor":38,"turns":8},{"damage":0,"enemies":"Giant Head","floor":40,"turns":4},{"damage":0,"enemies":"Sphere and 2 Shapes","floor":44,"turns":5},{"damage":0,"enemies":"Nemesis","floor":45,"turns":3},{"damage":0,"enemies":"3 Darklings","floor":48,"turns":5},{"damage":35,"enemies":"Awakened One","floor":50,"turns":16}],"seed_played":"-3226871997582489472","potions_obtained":[{"floor":1,"key":"Fire Potion"},{"floor":5,"key":"Swift Potion"},{"floor":16,"key":"Dexterity Potion"},{"floor":24,"key":"Ancient Potion"},{"floor":25,"key":"GamblersBrew"},{"floor":30,"key":"Dexterity Potion"}],"is_trial":false,"path_per_floor":["M","?","$","?","M","E","R","E","T","?","R","$","R","M","R","B",null,"M","M","$","M","$","R","M","E","T","?","?","M","M","?","R","B",null,"M","M","$","M","T","E","R","$","T","M","E","?","R","M","R","B",null],"character_chosen":"THE_SILENT","items_purchased":["Quick Slash","Noxious Fumes","Footwork","Oddly Smooth Stone","Incense Burner","Snake Skull"],"campfire_rested":2,"item_purchase_floors":[3,12,20,22,37,42],"current_hp_per_floor":[70,70,70,63,62,48,48,27,27,27,50,50,50,50,50,13,77,62,62,62,59,59,59,59,39,39,39,39,39,39,39,39,33,82,72,72,72,72,72,72,82,82,82,82,96,96,96,96,96,61],"gold":78,"neow_bonus":"RANDOM_COMMON_RELIC","is_prod":false,"is_daily":false,"chose_seed":false,"campfire_upgraded":7,"win_rate":0,"timestamp":1554959915,"path_taken":["M","?","$","?","M","E","R","E","T","?","R","?","R","M","R","BOSS","M","M","$","M","$","R","M","E","T","?","?","?","M","?","R","BOSS","M","M","$","M","?","E","R","?","T","M","E","?","R","M","R","BOSS"],"build_version":"2019-01-23","purchased_purges":2,"victory":true,"max_hp_per_floor":[70,70,70,70,70,70,70,77,77,77,77,77,77,77,77,77,77,77,77,77,77,77,77,77,77,77,77,77,77,77,77,77,77,82,82,82,82,82,82,82,82,82,82,82,96,96,96,96,96,96],"card_choices":[{"not_picked":["Masterful Stab","Cloak And Dagger"],"picked":"Backflip","floor":1},{"not_picked":["Choke","Escape Plan","Underhanded Strike"],"picked":"SKIP","floor":5},{"not_picked":["Outmaneuver","Slice","Glass Knife"],"picked":"SKIP","floor":6},{"not_picked":["Predator","Finisher","Distraction"],"picked":"SKIP","floor":8},{"not_picked":["PiercingWail","Blade Dance","Cloak And Dagger"],"picked":"SKIP","floor":14},{"not_picked":["Well Laid Plans","PiercingWail","Skewer"],"picked":"SKIP","floor":14},{"not_picked":["Malaise","Storm of Steel"],"picked":"Burst","floor":16},{"not_picked":["Backflip","Choke+1"],"picked":"Noxious Fumes","floor":18},{"not_picked":["Sucker Punch","Caltrops"],"picked":"Backflip","floor":18},{"not_picked":["Prepared","Backflip"],"picked":"Bane","floor":19},{"not_picked":["Noxious Fumes","Flying Knee"],"picked":"Footwork","floor":19},{"not_picked":["Backflip","Blade Dance+1"],"picked":"Terror+1","floor":21},{"not_picked":["Outmaneuver","Prepared+1","Phantasmal Killer"],"picked":"SKIP","floor":21},{"not_picked":["Finisher","Prepared","Dagger Spray+1"],"picked":"SKIP","floor":24},{"not_picked":["Deadly Poison","All Out Attack","Expertise+1"],"picked":"SKIP","floor":24},{"not_picked":["Poisoned Stab+1","Deadly Poison"],"picked":"Catalyst+1","floor":25},{"not_picked":["Dash+1","Terror+1"],"picked":"Well Laid Plans+1","floor":29},{"not_picked":["Dagger Throw","Slice","Reflex"],"picked":"SKIP","floor":29},{"not_picked":["Acrobatics","Blade Dance","Deflect"],"picked":"SKIP","floor":30},{"not_picked":["Well Laid Plans","Outmaneuver","Quick Slash"],"picked":"SKIP","floor":30},{"not_picked":["Accuracy","Flechettes"],"picked":"Bane","floor":34},{"not_picked":["Dagger Throw+1","Acrobatics"],"picked":"Dodge and Roll+1","floor":35},{"not_picked":["Flying Knee+1","Quick Slash","Prepared+1"],"picked":"SKIP","floor":35},{"not_picked":["PiercingWail+1","Bane","Outmaneuver+1"],"picked":"SKIP","floor":36},{"not_picked":["Deadly Poison+1","Blade Dance","Poisoned Stab"],"picked":"SKIP","floor":36},{"not_picked":["Concentrate","Dagger Throw+1"],"picked":"Catalyst+1","floor":38},{"not_picked":["Venomology","Flying Knee","Escape Plan"],"picked":"SKIP","floor":38},{"not_picked":["Tactician","Blade Dance+1"],"picked":"Backflip+1","floor":40},{"not_picked":["Riddle With Holes+1","Dagger Spray+1"],"picked":"Backstab+1","floor":44},{"not_picked":["Masterful Stab","Slice","Choke+1"],"picked":"SKIP","floor":44},{"not_picked":["Riddle With Holes+1","Outmaneuver+1","Choke"],"picked":"SKIP","floor":45},{"not_picked":["Bane+1","Finisher+1"],"picked":"Backflip+1","floor":48},{"not_picked":["Setup+1","Bane","PiercingWail"],"picked":"SKIP","floor":48}],"player_experience":435984,"relics_obtained":[{"floor":6,"key":"FossilizedHelix"},{"floor":8,"key":"Strawberry"},{"floor":9,"key":"Prayer Wheel"},{"floor":25,"key":"Dodecahedron"},{"floor":26,"key":"PreservedInsect"},{"floor":40,"key":"Pen Nib"},{"floor":43,"key":"Blue Candle"},{"floor":45,"key":"Mango"}],"event_choices":[{"damage_healed":0,"gold_gain":0,"player_choice":"Take Wound","damage_taken":0,"relics_obtained":["Golden Idol"],"max_hp_gain":0,"max_hp_loss":0,"event_name":"Golden Idol","floor":2,"gold_loss":0,"cards_obtained":["Injury"]},{"cards_removed":["Strike_G"],"damage_healed":0,"gold_gain":0,"player_choice":"Card Removal","damage_taken":7,"max_hp_gain":0,"max_hp_loss":0,"event_name":"Golden Wing","floor":4,"gold_loss":0},{"damage_healed":0,"gold_gain":0,"player_choice":"Ignored","damage_taken":0,"max_hp_gain":0,"max_hp_loss":0,"event_name":"Shining Light","floor":10,"gold_loss":0},{"damage_healed":0,"gold_gain":0,"player_choice":"Ignored","damage_taken":0,"max_hp_gain":0,"max_hp_loss":0,"event_name":"Ghosts","floor":27,"gold_loss":0},{"cards_removed":["Strike_G"],"damage_healed":0,"gold_gain":0,"player_choice":"Purged","damage_taken":0,"max_hp_gain":0,"max_hp_loss":0,"event_name":"Purifier","floor":28,"gold_loss":0},{"damage_healed":0,"gold_gain":100,"player_choice":"Bet on Murderer","damage_taken":0,"max_hp_gain":0,"max_hp_loss":0,"event_name":"The Joust","floor":31,"gold_loss":50},{"damage_healed":0,"gold_gain":0,"cards_transformed":["Strike_G"],"player_choice":"Transformed","damage_taken":0,"max_hp_gain":0,"max_hp_loss":0,"event_name":"Transmorgrifier","floor":46,"gold_loss":0,"cards_obtained":["All Out Attack"]}],"is_beta":false,"boss_relics":[{"not_picked":["WristBlade","Fusion Hammer"],"picked":"Velvet Choker"},{"not_picked":["Calling Bell","Snecko Eye"],"picked":"Tiny House"}],"items_purged_floors":[12,37],"is_endless":false,"potions_floor_spawned":[1,5,16,24,25,30,33,35,38,44],"ascension_level":4}