{"gold_per_floor":[11,24,37,52,52,52,81,81,81,111,76,139,139,216,216,316,316,329,347,16,35,35,68,68,80,106,6,6,6,106,139,139,239,239,252,252,267,278,278,306,306,340,340,369,380,380,480,480,480,480],"floor_reached":51,"playtime":2294,"items_purged":[],"score":854,"play_id":"14aab2e8-0b2b-4111-8fbb-ec23b6ace55b","local_time":"20190506112401","is_ascension_mode":false,"campfire_choices":[{"data":"Bash","floor":6,"key":"SMITH"},{"data":"Clothesline","floor":8,"key":"SMITH"},{"data":"Whirlwind","floor":13,"key":"SMITH"},{"data":"Twin Strike","floor":15,"key":"SMITH"},{"data":"Pommel Strike","floor":24,"key":"SMITH"},{"data":"Inflame","floor":28,"key":"SMITH"},{"data":"Defend_R","floor":32,"key":"SMITH"},{"data":"Clothesline","floor":41,"key":"SMITH"},{"data":"Immolate","floor":46,"key":"SMITH"},{"data":"Defend_R","floor":49,"key":"SMITH"}],"neow_cost":"NO_GOLD","seed_source_timestamp":195329049159600,"circlet_count":0,"master_deck":["Strike_R+1","Strike_R+1","Strike_R","Strike_R","Strike_R","Defend_R+1","Defend_R+1","Defend_R+1","Defend_R+1","Bash+1","Twin Strike+1","Pommel Strike+1","Clothesline+1","Whirlwind+1","Armaments+1","Feed","Anger","Anger","Seeing Red+1","Reaper","Rage+1","Inflame+1","Flex+1","J.A.X.+1","Headbutt+1","Battle Trance+1","Immolate+1","True Grit+1","Secret Technique+1","Good Instincts+1","Trip+1","True Grit+1","Battle Trance+1","Clothesline+1","Shrug It Off+1","Disarm+1","Shrug It Off+1","Impervious+1"],"relics":["Burning Blood","Thread and Needle","Art of War","Charon\u0027s Ashes","Toxic Egg 2","Bronze Scales","Omamori","Velvet Choker","Meat on the Bone","Letter Opener","Oddly Smooth Stone","Regal Pillow","Pocketwatch","Darkstone Periapt","Whetstone","Coffee Dripper","Shuriken","War Paint","Frozen Egg 2","Orichalcum","Prayer Wheel"],"potions_floor_usage":[12,16,50,50],"damage_taken":[{"damage":0,"enemies":"Cultist","floor":1,"turns":3},{"damage":0,"enemies":"2 Louse","floor":2,"turns":3},{"damage":0,"enemies":"Small Slimes","floor":3,"turns":3},{"damage":3,"enemies":"3 Louse","floor":4,"turns":4},{"damage":8,"enemies":"Gremlin Nob","floor":7,"turns":4},{"damage":25,"enemies":"3 Sentries","floor":10,"turns":6},{"damage":13,"enemies":"Lagavulin Event","floor":12,"turns":6},{"damage":24,"enemies":"Hexaghost","floor":16,"turns":11},{"damage":1,"enemies":"Spheric Guardian","floor":18,"turns":3},{"damage":1,"enemies":"3 Byrds","floor":19,"turns":3},{"damage":6,"enemies":"Snake Plant","floor":21,"turns":3},{"damage":61,"enemies":"Slavers","floor":23,"turns":6},{"damage":11,"enemies":"Shelled Parasite and Fungi","floor":25,"turns":6},{"damage":5,"enemies":"Colosseum Slavers","floor":30,"turns":4},{"damage":4,"enemies":"Colosseum Nobs","floor":30,"turns":5},{"damage":5,"enemies":"Book of Stabbing","floor":31,"turns":4},{"damage":34,"enemies":"Champ","floor":33,"turns":9},{"damage":8,"enemies":"3 Darklings","floor":35,"turns":5},{"damage":0,"enemies":"3 Shapes","floor":37,"turns":2},{"damage":6,"enemies":"Transient","floor":38,"turns":5},{"damage":31,"enemies":"Reptomancer","floor":40,"turns":8},{"damage":29,"enemies":"Giant Head","floor":42,"turns":8},{"damage":19,"enemies":"Reptomancer","floor":44,"turns":7},{"damage":4,"enemies":"Sphere and 2 Shapes","floor":45,"turns":4},{"damage":10,"enemies":"Mind Bloom Boss Battle","floor":47,"turns":5},{"damage":17,"enemies":"Awakened One","floor":50,"turns":11}],"seed_played":"3561766060757557445","potions_obtained":[{"floor":1,"key":"Swift Potion"},{"floor":4,"key":"FairyPotion"},{"floor":10,"key":"Dexterity Potion"},{"floor":12,"key":"SpeedPotion"},{"floor":18,"key":"Regen Potion"},{"floor":19,"key":"LiquidBronze"},{"floor":21,"key":"SpeedPotion"},{"floor":25,"key":"Strength Potion"},{"floor":40,"key":"FearPotion"}],"is_trial":false,"path_per_floor":["M","M","M","M","?","R","E","R","T","E","?","?","R","?","R","B",null,"M","M","$","M","?","E","R","M","T","$","R","?","?","E","R","B",null,"M","?","M","M","?","E","R","E","T","E","M","R","?","?","R","B",null],"character_chosen":"IRONCLAD","items_purchased":["Meat on the Bone","Intimidate+1","Inflame","Flex+1"],"campfire_rested":0,"item_purchase_floors":[20,20,27,27],"current_hp_per_floor":[80,80,80,80,47,47,45,45,45,26,46,39,39,39,39,21,80,80,83,83,83,83,44,44,55,55,55,55,55,75,86,86,62,98,101,91,100,104,104,103,103,101,101,95,100,100,108,108,108,102],"gold":480,"neow_bonus":"ONE_RARE_RELIC","is_prod":false,"is_daily":false,"chose_seed":false,"campfire_upgraded":10,"win_rate":1,"timestamp":1557167041,"path_taken":["M","M","M","M","?","R","E","R","T","E","?","?","R","?","R","BOSS","M","M","$","M","?","E","R","M","T","$","R","?","?","E","R","BOSS","M","?","M","M","?","E","R","E","T","E","?","R","?","?","R","BOSS"],"build_version":"2019-01-23","purchased_purges":0,"victory":true,"max_hp_per_floor":[80,80,80,80,80,80,80,80,80,80,80,80,80,80,80,80,80,80,83,83,83,83,87,87,91,91,91,91,91,94,94,94,98,98,101,101,104,104,104,108,108,108,108,108,111,111,111,111,111,111],"card_choices":[{"not_picked":["Sever Soul","Pommel Strike"],"picked":"Twin Strike","floor":1},{"not_picked":["Body Slam","Combust","Bloodletting"],"picked":"SKIP","floor":2},{"not_picked":["Infernal Blade","Warcry"],"picked":"Pommel Strike","floor":3},{"not_picked":["Reckless Charge","Thunderclap","Sever Soul"],"picked":"SKIP","floor":4},{"not_picked":["Dual Wield","Exhume"],"picked":"Clothesline","floor":7},{"not_picked":["Heavy Blade","Cleave"],"picked":"Whirlwind","floor":10},{"not_picked":["Hemokinesis","Twin Strike"],"picked":"Armaments+1","floor":12},{"not_picked":["Immolate","Impervious+1"],"picked":"Feed","floor":16},{"not_picked":["Thunderclap","Flame Barrier+1"],"picked":"Anger","floor":18},{"not_picked":["Body Slam","Thunderclap"],"picked":"Anger","floor":19},{"not_picked":["Perfected Strike","Clothesline+1"],"picked":"Seeing Red+1","floor":21},{"not_picked":["Thunderclap","Flex+1"],"picked":"Reaper","floor":23},{"not_picked":["Warcry+1","Cleave"],"picked":"Rage+1","floor":25},{"not_picked":["Iron Wave","Heavy Blade"],"picked":"Headbutt+1","floor":30},{"not_picked":["Feel No Pain","Sentinel+1"],"picked":"Battle Trance+1","floor":31},{"not_picked":["Juggernaut","Exhume+1"],"picked":"Immolate","floor":33},{"not_picked":["Sever Soul","Warcry+1"],"picked":"True Grit+1","floor":35},{"not_picked":["Discovery+1","Sadistic Nature"],"picked":"Secret Technique+1","floor":36},{"not_picked":["Metamorphosis+1","Forethought+1"],"picked":"Good Instincts+1","floor":36},{"not_picked":["Madness+1","Flash of Steel"],"picked":"Trip+1","floor":36},{"not_picked":["Clash+1","Iron Wave","Cleave"],"picked":"SKIP","floor":37},{"not_picked":["Clash+1","Iron Wave","Cleave"],"picked":"SKIP","floor":37},{"not_picked":["Pommel Strike","Rage+1"],"picked":"True Grit+1","floor":38},{"not_picked":["Havoc+1","Carnage+1"],"picked":"Clothesline","floor":40},{"not_picked":["Evolve+1","Warcry+1"],"picked":"Shrug It Off+1","floor":42},{"not_picked":["Inflame+1","Searing Blow+1"],"picked":"Disarm+1","floor":44},{"not_picked":["Burning Pact+1","Body Slam"],"picked":"Shrug It Off+1","floor":45},{"not_picked":["Rampage","Wild Strike"],"picked":"Impervious+1","floor":47}],"player_experience":723616,"relics_obtained":[{"floor":7,"key":"Charon\u0027s Ashes"},{"floor":9,"key":"Toxic Egg 2"},{"floor":10,"key":"Bronze Scales"},{"floor":12,"key":"Omamori"},{"floor":23,"key":"Oddly Smooth Stone"},{"floor":26,"key":"Regal Pillow"},{"floor":30,"key":"Pocketwatch"},{"floor":30,"key":"Darkstone Periapt"},{"floor":31,"key":"Whetstone"},{"floor":40,"key":"Shuriken"},{"floor":42,"key":"War Paint"},{"floor":43,"key":"Frozen Egg 2"},{"floor":44,"key":"Orichalcum"},{"floor":47,"key":"Prayer Wheel"}],"event_choices":[{"damage_healed":0,"gold_gain":0,"player_choice":"Success","damage_taken":33,"relics_obtained":["Art of War"],"max_hp_gain":0,"max_hp_loss":0,"event_name":"Scrap Ooze","floor":5,"gold_loss":0},{"damage_healed":20,"gold_gain":0,"player_choice":"Healed","damage_taken":0,"max_hp_gain":0,"max_hp_loss":0,"event_name":"The Cleric","floor":11,"gold_loss":35},{"damage_healed":0,"gold_gain":0,"player_choice":"Searched \u00271\u0027 times","damage_taken":0,"max_hp_gain":0,"max_hp_loss":0,"event_name":"Dead Adventurer","floor":12,"gold_loss":0},{"damage_healed":0,"gold_gain":77,"player_choice":"Gained Gold","damage_taken":0,"max_hp_gain":0,"max_hp_loss":0,"event_name":"Golden Wing","floor":14,"gold_loss":0},{"damage_healed":0,"gold_gain":0,"player_choice":"Opened","damage_taken":0,"relics_obtained":["Letter Opener"],"max_hp_gain":0,"max_hp_loss":0,"event_name":"The Mausoleum","floor":22,"gold_loss":0,"cards_obtained":["Writhe"]},{"damage_healed":0,"gold_gain":0,"player_choice":"Obtain J.A.X.","damage_taken":0,"max_hp_gain":0,"max_hp_loss":0,"event_name":"Drug Dealer","floor":29,"gold_loss":0,"cards_obtained":["J.A.X."]},{"damage_healed":0,"gold_gain":0,"player_choice":"Fight","damage_taken":0,"max_hp_gain":0,"max_hp_loss":0,"event_name":"Colosseum","floor":30,"gold_loss":0},{"damage_healed":0,"gold_gain":0,"player_choice":"Fought Nobs","damage_taken":0,"max_hp_gain":0,"max_hp_loss":0,"event_name":"Colosseum","floor":30,"gold_loss":0},{"damage_healed":0,"gold_gain":0,"player_choice":"Memory 3","damage_taken":10,"max_hp_gain":0,"max_hp_loss":0,"event_name":"SensoryStone","floor":36,"gold_loss":0},{"damage_healed":0,"gold_gain":0,"player_choice":"Copied","damage_taken":0,"max_hp_gain":0,"max_hp_loss":0,"event_name":"Duplicator","floor":39,"gold_loss":0,"cards_obtained":["Battle Trance"]},{"damage_healed":0,"gold_gain":0,"player_choice":"Fight","damage_taken":0,"max_hp_gain":0,"max_hp_loss":0,"event_name":"MindBloom","floor":47,"gold_loss":0},{"cards_removed":["Intimidate"],"damage_healed":0,"gold_gain":0,"player_choice":"Removed Skill","damage_taken":0,"max_hp_gain":0,"max_hp_loss":0,"event_name":"Falling","floor":48,"gold_loss":0}],"is_beta":false,"boss_relics":[{"not_picked":["Snecko Eye","Mark of Pain"],"picked":"Velvet Choker"},{"not_picked":["Eternal Feather","Astrolabe"],"picked":"Coffee Dripper"}],"items_purged_floors":[],"is_endless":false,"potions_floor_spawned":[1,4,10,12,18,19,21,25,38,40,44],"ascension_level":0}