{"gold_per_floor":[11,21,21,21,21,21,32,32,32,58,58,58,72,72,72,176,344,364,364,61,71,83,83,173,191,191,191,201,211,245,264,264,379,379,414,453,163,163,1162,1162,1162,1162,1186,1186,799,870,953,953],"floor_reached":48,"playtime":4454,"items_purged":[],"score":678,"play_id":"b102e49e-bae4-4e59-9417-0e80d981d8e5","local_time":"20190428020444","is_ascension_mode":false,"campfire_choices":[{"data":"Offering","floor":6,"key":"SMITH"},{"data":"ReplayReversal","floor":8,"key":"SMITH"},{"data":"Strike_R","floor":15,"key":"PURGE"},{"data":"Brutality","floor":23,"key":"SMITH"},{"floor":27,"key":"REST"},{"floor":32,"key":"REST"},{"floor":40,"key":"REST"},{"floor":42,"key":"REST"},{"data":"Body Slam","floor":44,"key":"SMITH"}],"neow_cost":"NO_GOLD","seed_source_timestamp":225464483011800,"circlet_count":0,"master_deck":["Strike_R+2","Defend_R+1","Defend_R","Defend_R","Bash+1","Offering+1","ReplayReversal+1","Iron Wave","Feel No Pain+1","Anger","Infernal Blade","Brutality+1","Impervious","Rage","Body Slam+1","Offering+1","Normality","Normality"],"relics":["Burning Blood","ReplayTheSpireMod:Bottled Flurry","Simple Rune","Empty Cage","MutagenicStrength","Brimstone","Vajra","Bag of Marbles","infinitespire:Eraser","infinitespire:EvilPickle","Painkiller Herb","Whetstone","Baseball","Regal Pillow","Kunai","ReplayTheSpireMod:TigerMarble","infinitespire:EmpoweringShard"],"potions_floor_usage":[16,16,21,22,29,31,31,33,36,47],"damage_taken":[{"damage":6,"enemies":"Small Slimes","floor":1,"turns":2},{"damage":7,"enemies":"Jaw Worm","floor":2,"turns":2},{"damage":6,"enemies":"Cultist","floor":7,"turns":3},{"damage":10,"enemies":"3 Sentries","floor":10,"turns":8},{"damage":6,"enemies":"Large Slime","floor":13,"turns":5},{"damage":69,"enemies":"The Guardian","floor":16,"turns":8},{"damage":9,"enemies":"Chosen","floor":18,"turns":4},{"damage":20,"enemies":"3 Byrds","floor":21,"turns":3},{"damage":15,"enemies":"Centurion and Healer","floor":22,"turns":4},{"damage":11,"enemies":"3 Cultists","floor":25,"turns":3},{"damage":12,"enemies":"Cultist and Chosen","floor":28,"turns":4},{"damage":11,"enemies":"Snecko","floor":29,"turns":3},{"damage":32,"enemies":"Gremlin Leader","floor":30,"turns":3},{"damage":12,"enemies":"Shelled Parasite and Fungi","floor":31,"turns":4},{"damage":28,"enemies":"Pondfish","floor":33,"turns":7},{"damage":16,"enemies":"3 Shapes","floor":35,"turns":2},{"damage":49,"enemies":"3 Darklings","floor":36,"turns":4},{"damage":58,"enemies":"4 Shapes","floor":46,"turns":5},{"damage":27,"enemies":"R_Hoarder","floor":47,"turns":6},{"damage":65,"enemies":"Writhing Mass","floor":48,"turns":5}],"seed_played":"2330847106057440810","potions_obtained":[{"floor":7,"key":"AttackPotion"},{"floor":10,"key":"Dexterity Potion"},{"floor":13,"key":"FairyPotion"},{"floor":16,"key":"Block Potion"},{"floor":18,"key":"PowerPotion"},{"floor":21,"key":"SpeedPotion"},{"floor":25,"key":"Toxic Potion"},{"floor":30,"key":"SkillPotion"},{"floor":31,"key":"Block Potion"},{"floor":35,"key":"SkillPotion"},{"floor":46,"key":"Regen Potion"}],"is_trial":false,"path_per_floor":["M","M","$","?","?","R","M","R","T","E","$","?","M","?","R","B",null,"M","?","$","M","M","R","?","M","T","R","M","M","E","M","R","B",null,"?","?","T","?","?","T","?","T","T","T","T","?","E","?"],"character_chosen":"IRONCLAD","items_purchased":["Body Slam","Bloodletting","Brimstone","Whetstone","Baseball","Kunai","ReplayTheSpireMod:TigerMarble"],"campfire_rested":4,"item_purchase_floors":[20,20,20,37,37,45,45],"current_hp_per_floor":[80,79,79,79,79,79,79,79,79,75,75,75,75,75,75,12,80,77,77,77,63,54,54,38,33,33,57,51,46,20,14,38,16,80,70,27,27,27,27,51,51,75,75,75,75,23,32,0],"gold":953,"neow_bonus":"THREE_RARE_CARDS","is_prod":false,"is_daily":false,"chose_seed":false,"campfire_upgraded":4,"win_rate":0.0,"timestamp":1556373884,"path_taken":["M","M","$","?","?","R","M","R","T","E","$","?","?","?","R","BOSS","M","?","$","M","M","R","?","?","T","R","M","M","E","M","R","BOSS","?","?","T","?","?","T","?","T","T","T","T","?","E","?"],"build_version":"2019-01-23","purchased_purges":0,"victory":false,"max_hp_per_floor":[80,80,80,80,80,80,80,80,80,80,80,80,80,80,80,80,80,80,80,80,80,80,80,80,80,80,80,80,80,80,80,80,80,80,80,80,80,80,80,80,80,80,80,80,80,80,80,80],"card_choices":[{"not_picked":["Replay:Many Hands","Hemogenesis"],"picked":"Offering","floor":0},{"not_picked":["Sword Boomerang","Disarm"],"picked":"ReplayReversal","floor":1},{"not_picked":["Abandon","Sever Soul"],"picked":"Iron Wave","floor":2},{"not_picked":["Headbutt","Disarm"],"picked":"Anger","floor":7},{"not_picked":["Flex","Twin Strike","Rupture"],"picked":"SKIP","floor":10},{"not_picked":["Shrug It Off","Sever Soul"],"picked":"Brutality","floor":13},{"not_picked":["Reaper","Bludgeon"],"picked":"Impervious","floor":16},{"not_picked":["Pummel","Headbutt+1"],"picked":"Rage","floor":18},{"not_picked":["Cleave","Shrug It Off","Blood for Blood"],"picked":"SKIP","floor":21},{"not_picked":["ReplayTheSpireMod:LeadingStrike","Clash+1","Sever Soul"],"picked":"SKIP","floor":22},{"not_picked":["Thunderclap","Infernal Blade","Abandon"],"picked":"SKIP","floor":25},{"not_picked":["Cleave","Sword Boomerang","Pommel Strike"],"picked":"SKIP","floor":28},{"not_picked":["Cleave+1","Perfected Strike","Power Through"],"picked":"SKIP","floor":29},{"not_picked":["Bloodletting","Twin Strike","Anger+1"],"picked":"SKIP","floor":30},{"not_picked":["Dark Embrace","ReplayTheSpireMod:Corrosion Curse","Cleave"],"picked":"SKIP","floor":31},{"not_picked":["Bludgeon","Impervious"],"picked":"Offering","floor":33},{"not_picked":["Headbutt+1","Sword Boomerang","Run Through+1"],"picked":"SKIP","floor":35},{"not_picked":["Anger+1","Spot Weakness","Pommel Strike"],"picked":"SKIP","floor":36},{"not_picked":["Clothesline+1","Clash+1","Carnage"],"picked":"SKIP","floor":46},{"not_picked":["Heavy Blade+1","Flex","Thunderclap+1"],"picked":"SKIP","floor":47}],"player_experience":82738,"relics_obtained":[{"floor":9,"key":"ReplayTheSpireMod:Bottled Flurry"},{"floor":10,"key":"Simple Rune"},{"floor":26,"key":"Vajra"},{"floor":30,"key":"Bag of Marbles"},{"floor":43,"key":"Regal Pillow"},{"floor":47,"key":"infinitespire:EmpoweringShard"}],"event_choices":[{"cards_removed":["Strike_R"],"damage_healed":0,"gold_gain":0,"player_choice":"Forget","damage_taken":0,"max_hp_gain":0,"max_hp_loss":0,"event_name":"Living Wall","floor":4,"gold_loss":0},{"damage_healed":0,"gold_gain":0,"player_choice":"1 cards matched","damage_taken":0,"max_hp_gain":0,"max_hp_loss":0,"event_name":"Match and Keep!","floor":12,"gold_loss":0,"cards_obtained":["Infernal Blade"]},{"damage_healed":0,"gold_gain":0,"player_choice":"Ignored","damage_taken":0,"max_hp_gain":0,"max_hp_loss":0,"event_name":"Liars Game","floor":14,"gold_loss":0},{"damage_healed":0,"gold_gain":0,"player_choice":"Inject Mutagens","damage_taken":0,"relics_obtained":["MutagenicStrength"],"max_hp_gain":0,"max_hp_loss":0,"event_name":"Drug Dealer","floor":19,"gold_loss":0},{"damage_healed":0,"gold_gain":90,"player_choice":"GOLD ","damage_taken":16,"max_hp_gain":0,"max_hp_loss":0,"event_name":"Knowing Skull","floor":24,"potions_obtained":[],"gold_loss":0,"cards_obtained":[]},{"cards_removed":["Bloodletting"],"damage_healed":0,"gold_gain":0,"player_choice":"Removed Skill","damage_taken":0,"max_hp_gain":0,"max_hp_loss":0,"event_name":"Falling","floor":38,"gold_loss":0},{"damage_healed":0,"gold_gain":999,"player_choice":"Gold","damage_taken":0,"max_hp_gain":0,"max_hp_loss":0,"event_name":"MindBloom","floor":39,"gold_loss":0,"cards_obtained":["Normality","Normality"]},{"damage_healed":0,"gold_gain":0,"player_choice":"Forge","damage_taken":0,"max_hp_gain":0,"max_hp_loss":0,"event_name":"Accursed Blacksmith","floor":41,"gold_loss":0,"cards_upgraded":["Offering"]}],"is_beta":false,"boss_relics":[{"not_picked":["Black Star","Snecko Eye"],"picked":"Empty Cage"},{"not_picked":["construct:WeddingRing","White Beast Statue"],"picked":"Painkiller Herb"}],"items_purged_floors":[],"is_endless":false,"potions_floor_spawned":[7,10,13,16,18,21,25,30,31,35,46],"killed_by":"Writhing Mass","ascension_level":0}