{"gold_per_floor":[109,123,14,14,14,46,46,59,86,115,115,130,149,149,149,252,252,267,277,277],"floor_reached":20,"playtime":2183,"items_purged":["Strike_R"],"score":282,"play_id":"d4af87bd-dde0-48bf-bde8-68f086f5d4d1","local_time":"20190504112404","is_ascension_mode":true,"campfire_choices":[{"data":"True Grit","floor":7,"key":"SMITH"},{"data":"Cleave","floor":11,"key":"SMITH"},{"data":"Bash","floor":15,"key":"SMITH"}],"neow_cost":"NONE","seed_source_timestamp":655529301146128,"circlet_count":0,"master_deck":["Strike_R","Strike_R","Strike_R","Defend_R","Defend_R","Defend_R","Defend_R","Bash+1","True Grit+1","Rampage+1","Twin Strike","Fiend Fire+1","Cleave+1","Clothesline+1","Headbutt","Barricade","Inflame+1","Armaments+1"],"relics":["Black Blood","NeowsBlessing","Boot","Potion Belt","Whetstone"],"potions_floor_usage":[16,20],"damage_taken":[{"damage":0,"enemies":"Cultist","floor":1,"turns":1},{"damage":0,"enemies":"Jaw Worm","floor":2,"turns":1},{"damage":0,"enemies":"Gremlin Nob","floor":6,"turns":1},{"damage":3,"enemies":"2 Louse","floor":8,"turns":3},{"damage":25,"enemies":"3 Sentries","floor":10,"turns":9},{"damage":8,"enemies":"Blue Slaver","floor":12,"turns":4},{"damage":13,"enemies":"Gremlin Gang","floor":13,"turns":6},{"damage":27,"enemies":"Slime Boss","floor":16,"turns":9},{"damage":24,"enemies":"2 Thieves","floor":18,"turns":4},{"damage":33,"enemies":"Spheric Guardian","floor":19,"turns":4},{"damage":52,"enemies":"Chosen and Byrds","floor":20,"turns":5}],"seed_played":"3170830882309598544","potions_obtained":[{"floor":1,"key":"Explosive Potion"},{"floor":6,"key":"FearPotion"},{"floor":10,"key":"Swift Potion"},{"floor":12,"key":"GamblersBrew"},{"floor":16,"key":"Regen Potion"},{"floor":18,"key":"Dexterity Potion"}],"is_trial":false,"path_per_floor":["M","M","$","?","?","E","R","M","T","E","R","M","M","?","R","B",null,"M","M","M"],"character_chosen":"IRONCLAD","items_purchased":["Rampage"],"campfire_rested":0,"item_purchase_floors":[3],"current_hp_per_floor":[78,80,80,73,78,84,84,85,85,66,66,64,57,57,57,36,73,59,36,0],"gold":277,"neow_bonus":"THREE_ENEMY_KILL","is_prod":false,"is_daily":false,"chose_seed":false,"campfire_upgraded":3,"win_rate":0,"timestamp":1556987044,"path_taken":["M","?","?","?","?","E","R","?","T","E","R","?","M","?","R","BOSS","M","M","?"],"build_version":"2019-01-23","purchased_purges":1,"victory":false,"max_hp_per_floor":[80,80,80,80,85,85,85,85,85,85,85,85,85,85,85,85,85,85,85,85],"card_choices":[{"not_picked":["Bloodletting","Perfected Strike","Fire Breathing"],"picked":"SKIP","floor":1},{"not_picked":["Clash","Carnage"],"picked":"True Grit","floor":2},{"not_picked":["Armaments","True Grit"],"picked":"Twin Strike","floor":6},{"not_picked":["Dropkick","Flex"],"picked":"Fiend Fire","floor":8},{"not_picked":["Perfected Strike","Flex"],"picked":"Cleave","floor":10},{"not_picked":["Sword Boomerang","Wild Strike"],"picked":"Clothesline","floor":12},{"not_picked":["Perfected Strike","Clothesline"],"picked":"Headbutt","floor":13},{"not_picked":["Brutality","Double Tap"],"picked":"Barricade","floor":16},{"not_picked":["Rupture","Sentinel+1"],"picked":"Inflame+1","floor":18},{"not_picked":["Disarm","Headbutt"],"picked":"Armaments+1","floor":19}],"player_experience":571809,"relics_obtained":[{"floor":6,"key":"Boot"},{"floor":9,"key":"Potion Belt"},{"floor":10,"key":"Whetstone"}],"event_choices":[{"cards_removed":["Strike_R"],"damage_healed":0,"gold_gain":0,"player_choice":"Card Removal","damage_taken":7,"max_hp_gain":0,"max_hp_loss":0,"event_name":"Golden Wing","floor":4,"gold_loss":0},{"damage_healed":0,"gold_gain":0,"player_choice":"Donut","damage_taken":0,"max_hp_gain":5,"max_hp_loss":0,"event_name":"Big Fish","floor":5,"gold_loss":0},{"damage_healed":0,"gold_gain":0,"player_choice":"Upgraded","damage_taken":0,"max_hp_gain":0,"max_hp_loss":0,"event_name":"Upgrade Shrine","floor":14,"gold_loss":0,"cards_upgraded":["Clothesline"]}],"is_beta":false,"boss_relics":[{"not_picked":["Lizard Tail","White Beast Statue"],"picked":"Black Blood"}],"items_purged_floors":[3],"is_endless":false,"potions_floor_spawned":[1,6,10,12,16,18],"killed_by":"Chosen and Byrds","ascension_level":7}