{"gold_per_floor":[116,116,116,116,135,164,164,184,239,70,70,105,105,22,22,22],"floor_reached":16,"playtime":992,"items_purged":["Strike_R","Strike_R"],"score":146,"play_id":"364789c9-24a0-4e40-a4bd-21f83ae01290","local_time":"20190416011358","is_ascension_mode":true,"campfire_choices":[{"floor":7,"key":"REST"},{"floor":15,"key":"REST"}],"neow_cost":"TEN_PERCENT_HP_LOSS","seed_source_timestamp":6705328051281,"circlet_count":0,"master_deck":["Strike_R","Defend_R","Defend_R","Defend_R","Defend_R","Bash","Rampage","Body Slam","Cleave","Heavy Blade","Corruption","Pommel Strike","Ghostly Armor","Entrench"],"relics":["Burning Blood","Dead Branch","Smiling Mask","Tiny Chest","Lantern"],"potions_floor_usage":[12,12],"damage_taken":[{"damage":1,"enemies":"Cultist","floor":1,"turns":4},{"damage":8,"enemies":"2 Louse","floor":4,"turns":3},{"damage":17,"enemies":"Small Slimes","floor":5,"turns":4},{"damage":40,"enemies":"3 Sentries","floor":6,"turns":7},{"damage":7,"enemies":"2 Fungi Beasts","floor":8,"turns":3},{"damage":35,"enemies":"Lagavulin","floor":12,"turns":5},{"damage":36,"enemies":"The Guardian","floor":16,"turns":4}],"seed_played":"5195854280559570815","potions_obtained":[{"floor":5,"key":"PowerPotion"},{"floor":6,"key":"Weak Potion"}],"is_trial":false,"path_per_floor":["M","?","?","M","M","E","R","M","T","$","?","E","?","$","R","B"],"character_chosen":"IRONCLAD","items_purchased":["Corruption","Pommel Strike","Entrench"],"campfire_rested":2,"item_purchase_floors":[10,10,14],"current_hp_per_floor":[72,65,65,63,52,18,39,38,38,38,38,9,9,9,30,0],"gold":22,"neow_bonus":"ONE_RARE_RELIC","is_prod":false,"is_daily":false,"chose_seed":true,"campfire_upgraded":0,"win_rate":0,"timestamp":1555395238,"path_taken":["M","?","?","M","M","E","R","M","T","$","?","E","?","$","R","BOSS"],"build_version":"2019-01-23","purchased_purges":2,"victory":false,"max_hp_per_floor":[72,72,72,72,72,72,72,72,72,72,72,72,72,72,72,72],"card_choices":[{"not_picked":["Anger","Battle Trance","Sword Boomerang"],"picked":"SKIP","floor":1},{"not_picked":["Combust","Shockwave"],"picked":"Body Slam","floor":4},{"not_picked":["Second Wind","Iron Wave","Flex"],"picked":"SKIP","floor":5},{"not_picked":["True Grit","Havoc"],"picked":"Cleave","floor":6},{"not_picked":["Clash","Havoc"],"picked":"Heavy Blade","floor":8},{"not_picked":["Brutality","Reckless Charge"],"picked":"Ghostly Armor","floor":12}],"player_experience":449584,"relics_obtained":[{"floor":6,"key":"Smiling Mask"},{"floor":9,"key":"Tiny Chest"},{"floor":12,"key":"Lantern"}],"event_choices":[{"cards_removed":["Strike_R"],"damage_healed":0,"gold_gain":0,"player_choice":"Card Removal","damage_taken":7,"max_hp_gain":0,"max_hp_loss":0,"event_name":"Golden Wing","floor":2,"gold_loss":0},{"damage_healed":0,"gold_gain":0,"cards_transformed":["Strike_R"],"player_choice":"Change","damage_taken":0,"max_hp_gain":0,"max_hp_loss":0,"event_name":"Living Wall","floor":3,"gold_loss":0,"cards_obtained":["Rampage"]},{"damage_healed":0,"gold_gain":0,"player_choice":"Fled","damage_taken":0,"max_hp_gain":0,"max_hp_loss":0,"event_name":"Scrap Ooze","floor":11,"gold_loss":0},{"damage_healed":0,"gold_gain":0,"player_choice":"Ignored","damage_taken":0,"max_hp_gain":0,"max_hp_loss":0,"event_name":"Shining Light","floor":13,"gold_loss":0}],"is_beta":false,"boss_relics":[],"items_purged_floors":[10,14],"is_endless":false,"potions_floor_spawned":[5,6],"killed_by":"The Guardian","ascension_level":7}