{"gold_per_floor":[119,69,81,42,54,54,54,73,73,73,104,104,123,137,137,257,257,275,200,200,214,230,230,230],"floor_reached":24,"playtime":1778,"items_purged":[],"score":198,"play_id":"5823f853-7bd2-4813-8334-8eb7d71af4e6","local_time":"20190111005424","is_ascension_mode":false,"campfire_choices":[{"data":"Defragment","floor":6,"key":"SMITH"},{"data":"Defragment","floor":12,"key":"SMITH"},{"data":"Barrage","floor":15,"key":"SMITH"},{"data":"Cold Snap","floor":23,"key":"SMITH"}],"neow_cost":"NONE","seed_source_timestamp":67482763949967,"circlet_count":0,"master_deck":["Strike_B","Strike_B","Defend_B","Defend_B","Defend_B","Defend_B","Zap+1","Dualcast","Glacier","Gash","Defragment+1","Scrape","Defragment+1","Barrage+1","Barrage","Creative AI+1","Lockon","Capacitor+1","Cold Snap+1"],"relics":["Cracked Core","Golden Idol","Letter Opener","Singing Bowl","White Beast Statue"],"potions_floor_usage":[22,24],"damage_taken":[{"damage":1,"enemies":"Jaw Worm","floor":1,"turns":3},{"damage":3,"enemies":"2 Louse","floor":3,"turns":3},{"damage":0,"enemies":"Cultist","floor":5,"turns":4},{"damage":2,"enemies":"3 Louse","floor":8,"turns":4},{"damage":5,"enemies":"3 Sentries","floor":11,"turns":7},{"damage":2,"enemies":"Red Slaver","floor":13,"turns":3},{"damage":2,"enemies":"Blue Slaver","floor":14,"turns":3},{"damage":18,"enemies":"Slime Boss","floor":16,"turns":10},{"damage":23,"enemies":"3 Byrds","floor":18,"turns":4},{"damage":8,"enemies":"Chosen","floor":21,"turns":6},{"damage":23,"enemies":"3 Cultists","floor":22,"turns":7},{"damage":35,"enemies":"Slavers","floor":24,"turns":3}],"seed_played":"-6823613205567974933","potions_obtained":[{"floor":3,"key":"SpeedPotion"},{"floor":8,"key":"Dexterity Potion"},{"floor":10,"key":"Strength Potion"},{"floor":21,"key":"Regen Potion"},{"floor":22,"key":"FearPotion"}],"is_trial":false,"path_per_floor":["M","?","M","$","M","R","?","M","T","?","E","R","M","M","R","B",null,"M","?","?","M","M","R","E"],"character_chosen":"DEFECT","items_purchased":["Defragment"],"campfire_rested":0,"item_purchase_floors":[4],"current_hp_per_floor":[74,74,71,71,71,71,69,67,67,67,62,62,60,60,60,42,71,48,48,48,40,31,31,0],"gold":230,"neow_bonus":"UPGRADE_CARD","is_prod":false,"is_daily":false,"chose_seed":false,"campfire_upgraded":4,"win_rate":0,"timestamp":1547189664,"path_taken":["M","?","M","$","M","R","?","M","T","?","E","R","M","M","R","BOSS","M","?","?","M","?","R","E"],"build_version":"2019-01-10","purchased_purges":0,"victory":false,"max_hp_per_floor":[75,75,75,75,75,75,69,69,69,69,69,69,69,71,71,71,71,71,71,71,71,71,71,71],"card_choices":[{"not_picked":["Cold Snap","Gash"],"picked":"Glacier","floor":1},{"not_picked":["Stack","Steam Power"],"picked":"Gash","floor":3},{"not_picked":["Go for the Eyes","Stack"],"picked":"Scrape","floor":5},{"not_picked":["Stack","Conserve Battery"],"picked":"Defragment","floor":8},{"not_picked":["Reprogram","Compile Driver"],"picked":"Barrage","floor":11},{"not_picked":["Rip and Tear","Turbo"],"picked":"Barrage","floor":13},{"not_picked":["Fission","Hologram","Turbo"],"picked":"Singing Bowl","floor":14},{"not_picked":["Hyperbeam","Core Surge"],"picked":"Creative AI","floor":16},{"not_picked":["Streamline","Rebound"],"picked":"Lockon","floor":18},{"not_picked":["Ball Lightning+1","Redo"],"picked":"Capacitor+1","floor":21},{"not_picked":["Stack","Rebound"],"picked":"Cold Snap","floor":22}],"player_experience":203818,"relics_obtained":[{"floor":9,"key":"Letter Opener"},{"floor":11,"key":"Singing Bowl"}],"event_choices":[{"cards_removed":["Strike_B"],"damage_healed":0,"gold_gain":0,"player_choice":"Card Removal","damage_taken":0,"max_hp_gain":0,"max_hp_loss":0,"event_name":"The Cleric","floor":2,"gold_loss":50},{"damage_healed":0,"gold_gain":0,"player_choice":"Lose Max HP","damage_taken":0,"relics_obtained":["Golden Idol"],"max_hp_gain":0,"max_hp_loss":6,"event_name":"Golden Idol","floor":7,"gold_loss":0},{"damage_healed":0,"gold_gain":0,"player_choice":"Got Potions","damage_taken":0,"max_hp_gain":0,"max_hp_loss":0,"event_name":"Lab","floor":10,"gold_loss":0},{"cards_removed":["Strike_B"],"damage_healed":0,"gold_gain":0,"player_choice":"Gave Gold","damage_taken":0,"max_hp_gain":0,"max_hp_loss":0,"event_name":"Beggar","floor":19,"gold_loss":75},{"damage_healed":0,"gold_gain":0,"player_choice":"Forge","damage_taken":0,"max_hp_gain":0,"max_hp_loss":0,"event_name":"Accursed Blacksmith","floor":20,"gold_loss":0,"cards_upgraded":["Creative AI"]}],"is_beta":false,"boss_relics":[{"not_picked":["Runic Dome","Snecko Eye"],"picked":"White Beast Statue"}],"items_purged_floors":[],"is_endless":false,"potions_floor_spawned":[3,8,14,18,21,22],"killed_by":"Slavers","ascension_level":0}