{"gold_per_floor":[12,22,37,57,68,68,38,38,38,50,76,89,123,123,123,221,221,221,221,140,140,65,65,65,65,65,65,65,65,65,65,65,65,65,65,0,0,0,0,0,0,0,0,0,0,0,0,0,0,0],"floor_reached":51,"playtime":1849,"items_purged":["Pain"],"score":923,"play_id":"a0d506d6-4d89-4315-8c1f-db6885e3a0fb","local_time":"20190506154608","is_ascension_mode":false,"campfire_choices":[{"data":"Whirlwind","floor":6,"key":"SMITH"},{"data":"Bash","floor":8,"key":"SMITH"},{"data":"Clothesline","floor":15,"key":"SMITH"},{"data":"Offering","floor":25,"key":"SMITH"},{"data":"Inflame","floor":29,"key":"SMITH"},{"data":"Spot Weakness","floor":32,"key":"SMITH"},{"data":"Spot Weakness","floor":42,"key":"SMITH"},{"data":"Disarm","floor":45,"key":"SMITH"},{"data":"Clothesline","floor":49,"key":"SMITH"}],"neow_cost":"NO_GOLD","seed_source_timestamp":211500208667200,"circlet_count":0,"master_deck":["Strike_R","Strike_R+1","Strike_R","Strike_R","Defend_R","Defend_R","Defend_R","Defend_R","Bash+1","Headbutt+1","Spot Weakness+1","Impervious","Whirlwind+1","Cleave","Offering+1","Clothesline+1","Feed","Shrug It Off","Spot Weakness+1","Inflame+1","True Grit+1","Armaments+1","Intimidate+1","Flame Barrier+1","Metallicize+1","Limit Break+1","Anger+1","Flame Barrier+1","Corruption+1","Disarm+1","Clothesline+1"],"relics":["Burning Blood","Du-Vu Doll","Mummified Hand","Self Forming Clay","Gremlin Horn","Ectoplasm","Dream Catcher","WarpedTongs","Ancient Tea Set","Bag of Preparation","Omamori","Boot","Runic Dome","Red Mask","Charon\u0027s Ashes","Magic Flower","Anchor","Whetstone","PreservedInsect"],"potions_floor_usage":[11,13,23,23,31,38,50,50,50],"damage_taken":[{"damage":3,"enemies":"Small Slimes","floor":1,"turns":4},{"damage":5,"enemies":"Cultist","floor":2,"turns":4},{"damage":1,"enemies":"Jaw Worm","floor":3,"turns":3},{"damage":36,"enemies":"Exordium Thugs","floor":4,"turns":6},{"damage":5,"enemies":"Exordium Wildlife","floor":5,"turns":5},{"damage":5,"enemies":"Looter","floor":10,"turns":3},{"damage":21,"enemies":"Lagavulin","floor":11,"turns":4},{"damage":11,"enemies":"3 Louse","floor":12,"turns":2},{"damage":6,"enemies":"Gremlin Nob","floor":13,"turns":2},{"damage":22,"enemies":"Slime Boss","floor":16,"turns":6},{"damage":6,"enemies":"3 Byrds","floor":18,"turns":3},{"damage":12,"enemies":"Slavers","floor":23,"turns":3},{"damage":17,"enemies":"Shell Parasite","floor":24,"turns":5},{"damage":2,"enemies":"Chosen and Byrds","floor":27,"turns":6},{"damage":6,"enemies":"Gremlin Leader","floor":28,"turns":3},{"damage":14,"enemies":"Cultist and Chosen","floor":30,"turns":5},{"damage":9,"enemies":"Book of Stabbing","floor":31,"turns":4},{"damage":60,"enemies":"Champ","floor":33,"turns":13},{"damage":9,"enemies":"Orb Walker","floor":35,"turns":3},{"damage":22,"enemies":"2 Orb Walkers","floor":38,"turns":3},{"damage":36,"enemies":"Mind Bloom Boss Battle","floor":39,"turns":7},{"damage":9,"enemies":"Nemesis","floor":40,"turns":5},{"damage":6,"enemies":"3 Darklings","floor":44,"turns":3},{"damage":6,"enemies":"Spire Growth","floor":46,"turns":5},{"damage":6,"enemies":"Giant Head","floor":48,"turns":6},{"damage":23,"enemies":"Donu and Deca","floor":50,"turns":5}],"seed_played":"430787200951612255","potions_obtained":[{"floor":2,"key":"Energy Potion"},{"floor":7,"key":"Swift Potion"},{"floor":7,"key":"AttackPotion"},{"floor":10,"key":"Fire Potion"},{"floor":11,"key":"Swift Potion"},{"floor":13,"key":"LiquidBronze"},{"floor":16,"key":"AttackPotion"},{"floor":24,"key":"SteroidPotion"},{"floor":30,"key":"Block Potion"},{"floor":31,"key":"Dexterity Potion"},{"floor":39,"key":"FearPotion"},{"floor":44,"key":"PowerPotion"}],"is_trial":false,"path_per_floor":["M","M","M","M","M","R","?","R","T","M","E","M","E","?","R","B",null,"M","?","$","?","$","E","M","R","T","M","E","R","M","E","R","B",null,"M","?","$","?","?","E","?","R","T","M","R","M","$","E","R","B",null],"character_chosen":"IRONCLAD","items_purchased":["Spot Weakness"],"campfire_rested":0,"item_purchase_floors":[20],"current_hp_per_floor":[80,80,80,50,51,51,51,51,51,52,37,32,32,32,32,16,80,83,83,83,83,83,80,72,72,72,79,82,82,77,78,78,28,106,107,107,107,91,61,61,61,61,61,70,70,79,79,88,88,74],"gold":0,"neow_bonus":"ONE_RARE_RELIC","is_prod":false,"is_daily":false,"chose_seed":false,"campfire_upgraded":9,"win_rate":1,"timestamp":1557182768,"path_taken":["M","M","M","M","M","R","?","R","T","M","E","?","E","?","R","BOSS","M","?","$","?","$","E","M","R","T","M","E","R","?","E","R","BOSS","M","?","$","?","?","E","?","R","T","M","R","?","?","E","R","BOSS"],"build_version":"2019-01-23","purchased_purges":1,"victory":true,"max_hp_per_floor":[80,80,80,80,80,80,80,80,80,80,80,80,80,80,80,80,80,83,83,83,83,83,86,89,89,89,92,95,95,98,102,102,106,106,110,110,110,110,110,110,110,110,110,114,114,118,118,122,122,122],"card_choices":[{"not_picked":["Warcry","Sword Boomerang"],"picked":"Headbutt","floor":1},{"not_picked":["Ghostly Armor","True Grit"],"picked":"Spot Weakness","floor":2},{"not_picked":["Thunderclap","Blood for Blood","Rupture"],"picked":"SKIP","floor":3},{"not_picked":["Thunderclap","Blood for Blood","Rupture"],"picked":"SKIP","floor":3},{"not_picked":["Anger","Clothesline"],"picked":"Impervious","floor":4},{"not_picked":["Thunderclap","Barricade"],"picked":"Whirlwind","floor":5},{"not_picked":["Sword Boomerang","Infernal Blade"],"picked":"Cleave","floor":10},{"not_picked":["Rampage","Offering","Evolve"],"picked":"SKIP","floor":11},{"not_picked":["Rampage","Evolve"],"picked":"Offering","floor":11},{"not_picked":["Heavy Blade","Cleave","Thunderclap"],"picked":"SKIP","floor":12},{"not_picked":["Burning Pact","Clash"],"picked":"Clothesline","floor":13},{"not_picked":["Limit Break","Offering"],"picked":"Feed","floor":16},{"not_picked":["Ghostly Armor","Anger"],"picked":"Shrug It Off","floor":18},{"not_picked":["Dropkick","Intimidate"],"picked":"Inflame","floor":23},{"not_picked":["Headbutt","Iron Wave"],"picked":"True Grit+1","floor":24},{"not_picked":["Exhume","Wild Strike"],"picked":"Armaments+1","floor":27},{"not_picked":["Berserk","Clothesline"],"picked":"Intimidate+1","floor":28},{"not_picked":["Pommel Strike","Headbutt"],"picked":"Flame Barrier+1","floor":30},{"not_picked":["Dropkick","Shrug It Off"],"picked":"Metallicize+1","floor":31},{"not_picked":["Berserk","Offering"],"picked":"Limit Break","floor":33},{"not_picked":["Intimidate","Fire Breathing"],"picked":"Anger+1","floor":35},{"not_picked":["Havoc","Body Slam"],"picked":"Flame Barrier+1","floor":39},{"not_picked":["Flex","Clothesline+1"],"picked":"Corruption+1","floor":40},{"not_picked":["Dropkick","Blood for Blood+1"],"picked":"Disarm","floor":44},{"not_picked":["Combust","Carnage+1"],"picked":"Clothesline","floor":46},{"not_picked":["Anger","Twin Strike+1","Cleave"],"picked":"SKIP","floor":48}],"player_experience":734962,"relics_obtained":[{"floor":9,"key":"Mummified Hand"},{"floor":11,"key":"Self Forming Clay"},{"floor":13,"key":"Gremlin Horn"},{"floor":23,"key":"Ancient Tea Set"},{"floor":26,"key":"Bag of Preparation"},{"floor":28,"key":"Omamori"},{"floor":31,"key":"Boot"},{"floor":38,"key":"Charon\u0027s Ashes"},{"floor":39,"key":"Magic Flower"},{"floor":40,"key":"Anchor"},{"floor":43,"key":"Whetstone"},{"floor":48,"key":"PreservedInsect"}],"event_choices":[{"damage_healed":0,"gold_gain":0,"player_choice":"Bought 2 Potions","damage_taken":0,"max_hp_gain":0,"max_hp_loss":0,"event_name":"The Woman in Blue","floor":7,"gold_loss":0},{"cards_removed":["Strike_R"],"damage_healed":0,"gold_gain":0,"player_choice":"Purged","damage_taken":0,"max_hp_gain":0,"max_hp_loss":0,"event_name":"Purifier","floor":14,"gold_loss":0},{"damage_healed":0,"gold_gain":0,"player_choice":"Opened","damage_taken":0,"relics_obtained":["Dream Catcher"],"max_hp_gain":0,"max_hp_loss":0,"event_name":"The Mausoleum","floor":19,"gold_loss":0},{"damage_healed":0,"gold_gain":0,"player_choice":"Rummage","damage_taken":0,"relics_obtained":["WarpedTongs"],"max_hp_gain":0,"max_hp_loss":0,"event_name":"Accursed Blacksmith","floor":21,"gold_loss":0,"cards_obtained":["Pain"]},{"damage_healed":0,"gold_gain":0,"player_choice":"Paid","damage_taken":0,"relics_obtained":["Red Mask"],"max_hp_gain":0,"max_hp_loss":0,"event_name":"Tomb of Lord Red Mask","floor":36,"gold_loss":65},{"damage_healed":0,"gold_gain":0,"player_choice":"Fight","damage_taken":0,"max_hp_gain":0,"max_hp_loss":0,"event_name":"Mysterious Sphere","floor":38,"gold_loss":0},{"damage_healed":0,"gold_gain":0,"player_choice":"Fight","damage_taken":0,"max_hp_gain":0,"max_hp_loss":0,"event_name":"MindBloom","floor":39,"gold_loss":0},{"damage_healed":0,"gold_gain":0,"player_choice":"Upgraded","damage_taken":0,"max_hp_gain":0,"max_hp_loss":0,"event_name":"Upgrade Shrine","floor":41,"gold_loss":0,"cards_upgraded":["Limit Break"]}],"is_beta":false,"boss_relics":[{"not_picked":["Busted Crown","Empty Cage"],"picked":"Ectoplasm"},{"not_picked":["Velvet Choker","Calling Bell"],"picked":"Runic Dome"}],"items_purged_floors":[22],"is_endless":false,"potions_floor_spawned":[2,10,11,12,13,16,24,30,31,35,39,44,46],"ascension_level":0}