{"gold_per_floor":[359,369,380,390,401,401,351,351,351,385,397,224,224,299,299,397,397,417,417,417,433,450,469,469,494,521,582,432,432,450,483,483,582,582,599,699,609,394,406,431,451,480,480,480,506,506,560,587,587,587],"floor_reached":51,"playtime":2292,"items_purged":["Strike_R","Defend_R","Defend_R"],"score":868,"play_id":"43d653b5-6ae6-42b8-b931-4db28227f042","local_time":"20190506145335","is_ascension_mode":false,"campfire_choices":[{"data":"Armaments","floor":6,"key":"SMITH"},{"data":"Bash","floor":8,"key":"SMITH"},{"floor":13,"key":"DIG"},{"floor":15,"key":"DIG"},{"data":"Disarm","floor":24,"key":"SMITH"},{"floor":29,"key":"REST"},{"data":"Shockwave","floor":32,"key":"SMITH"},{"data":"1","floor":44,"key":"LIFT"},{"data":"2","floor":46,"key":"LIFT"},{"floor":49,"key":"DIG"}],"neow_cost":"TEN_PERCENT_HP_LOSS","seed_source_timestamp":207905100802800,"circlet_count":0,"master_deck":["Strike_R","Strike_R","Defend_R","Defend_R","Bash+1","Shrug It Off","Spot Weakness","Armaments+1","Shrug It Off","Pummel","Shrug It Off","Headbutt+1","Shrug It Off","Immolate","Disarm","Disarm+1","Shockwave+1","Juggernaut+1","Shrug It Off","Headbutt+1","Demon Form+1","Shrug It Off+1","Blind","Battle Trance+1","Battle Trance","Disarm","Pummel+1"],"relics":["Burning Blood","Shovel","WingedGreaves","Pocketwatch","Singing Bowl","Mark of Pain","Frozen Egg 2","Lantern","Tiny Chest","Bag of Preparation","Runic Dome","Girya","Art of War","Ornamental Fan","Gambling Chip","Pen Nib","Bird Faced Urn","Red Skull","PreservedInsect"],"potions_floor_usage":[25,40,47,50],"damage_taken":[{"damage":0,"enemies":"2 Louse","floor":1,"turns":2},{"damage":4,"enemies":"Jaw Worm","floor":2,"turns":6},{"damage":1,"enemies":"Cultist","floor":3,"turns":4},{"damage":2,"enemies":"Blue Slaver","floor":4,"turns":4},{"damage":1,"enemies":"2 Fungi Beasts","floor":5,"turns":3},{"damage":11,"enemies":"3 Sentries","floor":10,"turns":11},{"damage":0,"enemies":"Gremlin Gang","floor":11,"turns":5},{"damage":4,"enemies":"The Guardian","floor":16,"turns":12},{"damage":0,"enemies":"Chosen","floor":18,"turns":3},{"damage":0,"enemies":"Shell Parasite","floor":21,"turns":7},{"damage":8,"enemies":"Snake Plant","floor":22,"turns":5},{"damage":3,"enemies":"Shelled Parasite and Fungi","floor":23,"turns":9},{"damage":46,"enemies":"Gremlin Leader","floor":25,"turns":9},{"damage":13,"enemies":"Book of Stabbing","floor":27,"turns":8},{"damage":6,"enemies":"Snecko","floor":30,"turns":4},{"damage":7,"enemies":"Gremlin Leader","floor":31,"turns":5},{"damage":22,"enemies":"Champ","floor":33,"turns":15},{"damage":12,"enemies":"Orb Walker","floor":35,"turns":4},{"damage":0,"enemies":"Mind Bloom Boss Battle","floor":36,"turns":7},{"damage":3,"enemies":"3 Darklings","floor":39,"turns":4},{"damage":47,"enemies":"Nemesis","floor":40,"turns":9},{"damage":0,"enemies":"Jaw Worm Horde","floor":41,"turns":2},{"damage":9,"enemies":"Reptomancer","floor":42,"turns":5},{"damage":2,"enemies":"Giant Head","floor":45,"turns":7},{"damage":0,"enemies":"2 Orb Walkers","floor":47,"turns":2},{"damage":11,"enemies":"Donu and Deca","floor":50,"turns":6}],"seed_played":"7424906664749575426","potions_obtained":[{"floor":2,"key":"SteroidPotion"},{"floor":10,"key":"EssenceOfSteel"},{"floor":11,"key":"Swift Potion"},{"floor":22,"key":"Block Potion"},{"floor":27,"key":"Energy Potion"},{"floor":41,"key":"EssenceOfSteel"},{"floor":47,"key":"Swift Potion"}],"is_trial":false,"path_per_floor":["M","M","M","M","M","R","?","R","T","E","M","$","R","?","R","B",null,"M","?","?","M","M","M","R","E","T","E","$","R","M","E","R","B",null,"M","?","?","$","M","E","M","E","T","R","E","R","?","T","R","B",null],"character_chosen":"IRONCLAD","items_purchased":["Headbutt","Shrug It Off","Shrug It Off","Blind"],"campfire_rested":1,"item_purchase_floors":[12,12,28,38],"current_hp_per_floor":[72,72,72,72,72,72,72,72,72,67,72,72,72,61,61,63,72,72,72,65,73,73,78,78,38,38,31,31,54,56,55,55,39,80,74,82,82,82,82,43,49,46,46,46,50,50,58,58,58,57],"gold":587,"neow_bonus":"TWO_FIFTY_GOLD","is_prod":false,"is_daily":false,"chose_seed":false,"campfire_upgraded":4,"win_rate":1,"timestamp":1557179615,"path_taken":["M","M","M","M","M","R","?","R","T","E","M","$","R","?","R","BOSS","M","?","?","?","M","M","R","E","T","E","$","R","M","E","R","BOSS","M","?","?","$","?","E","M","E","T","R","E","R","?","?","R","BOSS"],"build_version":"2019-01-23","purchased_purges":3,"victory":true,"max_hp_per_floor":[72,72,72,72,72,72,72,72,72,72,72,72,72,72,72,72,72,72,72,72,74,76,78,78,78,78,78,78,78,80,80,80,80,80,80,82,82,82,82,84,84,84,84,84,84,84,86,86,86,86],"card_choices":[{"not_picked":["Flex","Havoc"],"picked":"Shrug It Off","floor":1},{"not_picked":["Sentinel","Combust"],"picked":"Spot Weakness","floor":2},{"not_picked":["Thunderclap","Warcry"],"picked":"Armaments","floor":3},{"not_picked":["Sword Boomerang","Dual Wield","Havoc"],"picked":"SKIP","floor":4},{"not_picked":["Heavy Blade","Infernal Blade"],"picked":"Shrug It Off","floor":5},{"not_picked":["Armaments","Corruption"],"picked":"Pummel","floor":10},{"not_picked":["Iron Wave","Dark Embrace"],"picked":"Shrug It Off","floor":11},{"not_picked":["Juggernaut","Reaper"],"picked":"Immolate","floor":16},{"not_picked":["Armaments","Headbutt"],"picked":"Disarm","floor":18},{"not_picked":["Warcry","Clothesline","Iron Wave"],"picked":"Singing Bowl","floor":21},{"not_picked":["Perfected Strike","Bloodletting+1","Twin Strike"],"picked":"Singing Bowl","floor":22},{"not_picked":["Warcry","Twin Strike+1","Perfected Strike"],"picked":"Singing Bowl","floor":23},{"not_picked":["Sword Boomerang","Warcry"],"picked":"Shockwave","floor":25},{"not_picked":["Cleave","Pommel Strike"],"picked":"Juggernaut+1","floor":27},{"not_picked":["Thunderclap","Rupture+1","Clash"],"picked":"Singing Bowl","floor":30},{"not_picked":["Clash","Twin Strike"],"picked":"Headbutt+1","floor":31},{"not_picked":["Exhume","Dark Embrace+1"],"picked":"Demon Form+1","floor":33},{"not_picked":["Perfected Strike+1","Warcry+1"],"picked":"Shrug It Off+1","floor":35},{"not_picked":["Clothesline","Warcry+1","Entrench"],"picked":"Singing Bowl","floor":36},{"not_picked":["Anger","Evolve+1"],"picked":"Battle Trance+1","floor":39},{"not_picked":["Rampage+1","Anger","Dual Wield+1"],"picked":"Singing Bowl","floor":40},{"not_picked":["Sword Boomerang","Combust+1"],"picked":"Battle Trance","floor":41},{"not_picked":["Feel No Pain+1","Second Wind"],"picked":"Disarm","floor":42},{"not_picked":["Twin Strike","Offering"],"picked":"Pummel+1","floor":45},{"not_picked":["Rupture+1","Pommel Strike+1","Rage"],"picked":"Singing Bowl","floor":47}],"player_experience":732670,"relics_obtained":[{"floor":9,"key":"Shovel"},{"floor":10,"key":"WingedGreaves"},{"floor":13,"key":"Pocketwatch"},{"floor":15,"key":"Singing Bowl"},{"floor":25,"key":"Frozen Egg 2"},{"floor":26,"key":"Lantern"},{"floor":27,"key":"Tiny Chest"},{"floor":31,"key":"Bag of Preparation"},{"floor":36,"key":"Girya"},{"floor":40,"key":"Art of War"},{"floor":42,"key":"Ornamental Fan"},{"floor":43,"key":"Gambling Chip"},{"floor":45,"key":"Pen Nib"},{"floor":47,"key":"Bird Faced Urn"},{"floor":48,"key":"Red Skull"},{"floor":49,"key":"PreservedInsect"}],"event_choices":[{"cards_removed":["Strike_R"],"damage_healed":0,"gold_gain":0,"player_choice":"Card Removal","damage_taken":0,"max_hp_gain":0,"max_hp_loss":0,"event_name":"The Cleric","floor":7,"gold_loss":50},{"damage_healed":0,"gold_gain":75,"player_choice":"Gather Gold","damage_taken":11,"max_hp_gain":0,"max_hp_loss":0,"event_name":"World of Goop","floor":14,"gold_loss":0},{"damage_healed":0,"gold_gain":0,"player_choice":"Read","damage_taken":0,"max_hp_gain":0,"max_hp_loss":0,"event_name":"The Library","floor":19,"gold_loss":0,"cards_obtained":["Disarm"]},{"damage_healed":0,"gold_gain":0,"player_choice":"Damaged","damage_taken":7,"max_hp_gain":0,"max_hp_loss":0,"event_name":"Wheel of Change","floor":20,"gold_loss":0},{"damage_healed":0,"gold_gain":0,"player_choice":"Fight","damage_taken":0,"max_hp_gain":0,"max_hp_loss":0,"event_name":"MindBloom","floor":36,"gold_loss":0},{"cards_removed":["Strike_R"],"damage_healed":0,"gold_gain":0,"player_choice":"Upgrade and Remove","damage_taken":0,"max_hp_gain":0,"max_hp_loss":0,"event_name":"Designer","floor":37,"gold_loss":90,"cards_upgraded":["Headbutt"]},{"damage_healed":0,"gold_gain":0,"player_choice":"Fight","damage_taken":0,"max_hp_gain":0,"max_hp_loss":0,"event_name":"Mysterious Sphere","floor":47,"gold_loss":0}],"is_beta":false,"boss_relics":[{"not_picked":["Busted Crown","Snecko Eye"],"picked":"Mark of Pain"},{"not_picked":["Coffee Dripper","Pandora\u0027s Box"],"picked":"Runic Dome"}],"items_purged_floors":[12,28,38],"is_endless":false,"potions_floor_spawned":[2,10,11,22,27,30,31,33,36,41,42,47],"ascension_level":0}