{"gold_per_floor":[118,118,137,61,79,111,111,65,65,80,92,92,126,126,126,222,222,236,83,83,83,99,133,133,133,156,172,148,148,171,205,205,205],"floor_reached":33,"playtime":3202,"items_purged":[],"score":291,"play_id":"e922eb08-07bf-44c8-8d18-8c41f8a4c4d5","local_time":"20181228235259","is_ascension_mode":false,"campfire_choices":[{"data":"Reaper","floor":12,"key":"SMITH"},{"floor":15,"key":"REST"},{"data":"Shockwave","floor":24,"key":"SMITH"},{"data":"Armaments","floor":29,"key":"SMITH"},{"data":"Shrug It Off","floor":32,"key":"SMITH"}],"neow_cost":"NONE","seed_source_timestamp":75659167211292,"circlet_count":0,"master_deck":["Strike_R","Strike_R","Strike_R","Defend_R","Defend_R","Bash","Pommel Strike","Pommel Strike","Uppercut","Reaper+1","Shrug It Off+1","True Grit","Spot Weakness+1","Shrug It Off+1","Impervious","Demon Form+1","Uppercut+1","Impervious+1","Armaments+1","Shockwave+1","Disarm","Pommel Strike","Armaments+1","Flame Barrier"],"relics":["Burning Blood","Pen Nib","Dodecahedron","Darkstone Periapt","Frozen Egg 2","Paper Frog","Astrolabe","War Paint","Dream Catcher","Bottled Lightning","Bronze Scales","Red Skull","Anchor"],"potions_floor_usage":[16,16,23],"damage_taken":[{"damage":2,"enemies":"2 Louse","floor":1,"turns":3},{"damage":15,"enemies":"Jaw Worm","floor":3,"turns":5},{"damage":0,"enemies":"Small Slimes","floor":5,"turns":2},{"damage":24,"enemies":"Gremlin Nob","floor":6,"turns":4},{"damage":23,"enemies":"Exordium Wildlife","floor":10,"turns":7},{"damage":11,"enemies":"Blue Slaver","floor":11,"turns":4},{"damage":33,"enemies":"3 Sentries","floor":13,"turns":8},{"damage":56,"enemies":"Hexaghost","floor":16,"turns":13},{"damage":8,"enemies":"Spheric Guardian","floor":18,"turns":5},{"damage":14,"enemies":"Chosen","floor":22,"turns":7},{"damage":116,"enemies":"Gremlin Leader","floor":23,"turns":11},{"damage":17,"enemies":"Snecko","floor":27,"turns":5},{"damage":50,"enemies":"Slavers","floor":31,"turns":5},{"damage":77,"enemies":"Automaton","floor":33,"turns":6}],"seed_played":"-3847179087584071016","potions_obtained":[{"floor":1,"key":"GamblersBrew"},{"floor":10,"key":"GamblersBrew"},{"floor":11,"key":"Block Potion"},{"floor":22,"key":"SkillPotion"},{"floor":23,"key":"SmokeBomb"}],"is_trial":false,"path_per_floor":["M","?","M","$","M","E","T","$","T","M","M","R","E","T","R","B",null,"M","$","?","?","M","E","R","T","T","M","$","R","T","E","R","B"],"character_chosen":"IRONCLAD","items_purchased":["Uppercut","True Grit","War Paint","Armaments"],"campfire_rested":1,"item_purchase_floors":[4,8,19,28],"current_hp_per_floor":[88,81,72,72,78,60,60,60,60,51,46,46,29,29,55,10,88,86,86,86,86,87,62,62,62,62,72,72,72,72,73,73,0],"gold":205,"neow_bonus":"TEN_PERCENT_HP_BONUS","is_prod":false,"is_daily":false,"chose_seed":false,"campfire_upgraded":4,"win_rate":0.0,"timestamp":1546062779,"path_taken":["M","?","M","$","M","E","?","?","T","M","M","R","E","?","R","BOSS","M","$","?","?","M","E","R","?","T","M","?","R","?","E","R","BOSS"],"build_version":"2018-12-20","purchased_purges":0,"victory":false,"max_hp_per_floor":[88,88,88,88,88,88,88,88,88,88,88,88,88,88,88,88,88,88,88,88,88,88,88,88,88,88,88,88,88,88,88,88,88],"card_choices":[{"not_picked":["Hemokinesis","Cleave"],"picked":"Pommel Strike","floor":1},{"not_picked":["Corruption","Infernal Blade"],"picked":"Pommel Strike","floor":3},{"not_picked":["True Grit","Shrug It Off"],"picked":"Reaper","floor":5},{"not_picked":["Thunderclap","Clothesline"],"picked":"Shrug It Off","floor":6},{"not_picked":["Infernal Blade","Blood for Blood"],"picked":"Spot Weakness","floor":10},{"not_picked":["Perfected Strike","Uppercut"],"picked":"Shrug It Off","floor":11},{"not_picked":["Armaments","Iron Wave"],"picked":"Impervious","floor":13},{"not_picked":["Double Tap","Impervious"],"picked":"Demon Form+1","floor":16},{"not_picked":["Warcry","Flex","Perfected Strike"],"picked":"SKIP","floor":18},{"not_picked":["Cleave+1","Power Through"],"picked":"Shockwave","floor":22},{"not_picked":["Berserk+1","Thunderclap"],"picked":"Disarm","floor":23},{"not_picked":["Hemokinesis+1","Sword Boomerang"],"picked":"Pommel Strike","floor":27},{"not_picked":["Rampage","Iron Wave"],"picked":"Flame Barrier","floor":31}],"player_experience":21548,"relics_obtained":[{"floor":6,"key":"Pen Nib"},{"floor":7,"key":"Dodecahedron"},{"floor":9,"key":"Darkstone Periapt"},{"floor":13,"key":"Frozen Egg 2"},{"floor":14,"key":"Paper Frog"},{"floor":23,"key":"Dream Catcher"},{"floor":25,"key":"Bottled Lightning"},{"floor":26,"key":"Bronze Scales"},{"floor":30,"key":"Red Skull"},{"floor":31,"key":"Anchor"}],"event_choices":[{"cards_removed":["Defend_R"],"damage_healed":0,"gold_gain":0,"player_choice":"Card Removal","damage_taken":7,"max_hp_gain":0,"max_hp_loss":0,"event_name":"Golden Wing","floor":2,"gold_loss":0},{"damage_healed":0,"gold_gain":0,"player_choice":"Ignored","damage_taken":0,"max_hp_gain":0,"max_hp_loss":0,"event_name":"Beggar","floor":20,"gold_loss":0},{"damage_healed":0,"gold_gain":0,"player_choice":"Ignored","damage_taken":0,"max_hp_gain":0,"max_hp_loss":0,"event_name":"Ghosts","floor":21,"gold_loss":0}],"is_beta":false,"boss_relics":[{"not_picked":["Runic Dome","Philosopher\u0027s Stone"],"picked":"Astrolabe"}],"items_purged_floors":[],"is_endless":false,"potions_floor_spawned":[1,10,11,22,23],"killed_by":"Automaton","ascension_level":0}