{"gold_per_floor":[115,39,39,56,73,106,106,106,133,133,160,160,172,190,190,290,290,307,330,343,343,359,359,155,165,217,217,247,247,102,202,202,303,303,314,314,314,362,407,407,463,463,538,638,708,765,809,823,823,823],"floor_reached":51,"playtime":2426,"items_purged":[],"score":908,"play_id":"39616079-cb66-4246-ba65-96139e1bb65d","local_time":"20190506140314","is_ascension_mode":false,"campfire_choices":[{"data":"Inflame","floor":8,"key":"SMITH"},{"data":"Bash","floor":10,"key":"SMITH"},{"data":"Berserk","floor":12,"key":"SMITH"},{"data":"Double Tap","floor":15,"key":"SMITH"},{"data":"Spot Weakness","floor":23,"key":"SMITH"},{"data":"Juggernaut","floor":29,"key":"SMITH"},{"data":"Flame Barrier","floor":32,"key":"SMITH"},{"data":"Master of Strategy","floor":40,"key":"SMITH"},{"data":"Shockwave","floor":42,"key":"SMITH"},{"data":"Metallicize","floor":49,"key":"SMITH"}],"neow_cost":"TEN_PERCENT_HP_LOSS","seed_source_timestamp":204750682763900,"circlet_count":0,"master_deck":["Strike_R+1","Strike_R+1","Strike_R+1","Strike_R+1","Strike_R+1","Defend_R+1","Defend_R+1","Defend_R+1","Defend_R+1","Bash+1","Berserk+1","Cleave","Metallicize+1","Inflame+1","Shrug It Off","Double Tap+1","Fiend Fire+1","Thunderclap+1","Reaper+1","Battle Trance+1","Spot Weakness+1","Iron Wave+1","Juggernaut+1","Whirlwind+1","Flame Barrier+1","Pommel Strike+1","Feed+1","Pummel+1","HandOfGreed+1","Dark Shackles","Master of Strategy+1","Pommel Strike+1","Burning Pact+1","Shockwave+1","Shrug It Off+1","Iron Wave+1","Parasite","Feel No Pain"],"relics":["Burning Blood","Pen Nib","Oddly Smooth Stone","Molten Egg 2","Mark of Pain","Boot","Vajra","Du-Vu Doll","Art of War","Nunchaku","Bottled Lightning","Runic Dome","Gambling Chip","Strawberry","Mummified Hand","Orichalcum"],"potions_floor_usage":[6,11,16,50,50],"damage_taken":[{"damage":5,"enemies":"2 Louse","floor":1,"turns":2},{"damage":11,"enemies":"Cultist","floor":4,"turns":4},{"damage":6,"enemies":"Jaw Worm","floor":5,"turns":4},{"damage":22,"enemies":"Gremlin Nob","floor":6,"turns":4},{"damage":15,"enemies":"3 Sentries","floor":11,"turns":5},{"damage":0,"enemies":"2 Fungi Beasts","floor":13,"turns":3},{"damage":0,"enemies":"Exordium Thugs","floor":14,"turns":3},{"damage":0,"enemies":"Slime Boss","floor":16,"turns":9},{"damage":7,"enemies":"Spheric Guardian","floor":18,"turns":3},{"damage":5,"enemies":"Shell Parasite","floor":20,"turns":6},{"damage":0,"enemies":"Snecko","floor":22,"turns":3},{"damage":3,"enemies":"Shelled Parasite and Fungi","floor":25,"turns":3},{"damage":2,"enemies":"Book of Stabbing","floor":28,"turns":2},{"damage":28,"enemies":"Colosseum Slavers","floor":31,"turns":4},{"damage":7,"enemies":"Colosseum Nobs","floor":31,"turns":4},{"damage":24,"enemies":"Champ","floor":33,"turns":7},{"damage":6,"enemies":"Orb Walker","floor":35,"turns":2},{"damage":15,"enemies":"2 Orb Walkers","floor":38,"turns":3},{"damage":0,"enemies":"3 Shapes","floor":39,"turns":6},{"damage":0,"enemies":"Nemesis","floor":41,"turns":7},{"damage":12,"enemies":"Sphere and 2 Shapes","floor":45,"turns":5},{"damage":9,"enemies":"Reptomancer","floor":46,"turns":4},{"damage":4,"enemies":"Writhing Mass","floor":47,"turns":4},{"damage":23,"enemies":"Maw","floor":48,"turns":7},{"damage":15,"enemies":"Donu and Deca","floor":50,"turns":7}],"seed_played":"-4632720195139789265","potions_obtained":[{"floor":1,"key":"SteroidPotion"},{"floor":5,"key":"Strength Potion"},{"floor":7,"key":"FearPotion"},{"floor":7,"key":"Fire Potion"},{"floor":13,"key":"Block Potion"},{"floor":22,"key":"SteroidPotion"}],"is_trial":false,"path_per_floor":["M","$","?","M","M","E","?","R","T","R","E","R","M","M","R","B",null,"M","T","M","?","M","R","$","M","T","?","E","R","$","?","R","B",null,"M","?","?","?","M","R","E","R","T","?","M","E","M","M","R","B",null],"character_chosen":"IRONCLAD","items_purchased":["Metallicize","Iron Wave+1","Juggernaut","Art of War"],"campfire_rested":0,"item_purchase_floors":[2,24,24,30],"current_hp_per_floor":[72,72,72,67,67,51,51,51,51,51,42,42,48,54,54,60,72,71,71,72,72,72,72,72,72,72,72,72,72,72,72,72,72,72,72,72,62,70,80,80,87,87,87,87,85,91,91,81,81,76],"gold":823,"neow_bonus":"THREE_RARE_CARDS","is_prod":false,"is_daily":false,"chose_seed":false,"campfire_upgraded":10,"win_rate":1,"timestamp":1557176594,"path_taken":["M","$","?","M","M","E","?","R","T","R","E","R","?","M","R","BOSS","M","?","M","?","M","R","$","M","T","?","E","R","$","?","R","BOSS","M","?","?","?","M","R","E","R","T","?","M","E","M","M","R","BOSS"],"build_version":"2019-01-23","purchased_purges":0,"victory":true,"max_hp_per_floor":[72,72,72,72,72,72,72,72,72,72,72,72,72,72,72,72,72,72,72,72,72,72,72,72,72,72,72,72,72,72,72,72,72,72,72,72,72,76,80,80,87,87,87,87,91,91,91,91,91,95],"card_choices":[{"not_picked":["Brutality","Dark Embrace"],"picked":"Berserk","floor":0},{"not_picked":["Burning Pact","Blood for Blood"],"picked":"Cleave","floor":1},{"not_picked":["Heavy Blade","Uppercut"],"picked":"Inflame","floor":4},{"not_picked":["Searing Blow","Warcry"],"picked":"Shrug It Off","floor":5},{"not_picked":["Body Slam","True Grit"],"picked":"Double Tap","floor":6},{"not_picked":["Cleave","Fiend Fire","Rage"],"picked":"SKIP","floor":11},{"not_picked":["Cleave","Rage"],"picked":"Fiend Fire","floor":11},{"not_picked":["Burning Pact","Body Slam+1"],"picked":"Thunderclap+1","floor":13},{"not_picked":["Second Wind","Clash+1","Havoc"],"picked":"SKIP","floor":14},{"not_picked":["Dark Embrace","Berserk"],"picked":"Reaper+1","floor":16},{"not_picked":["Burning Pact","Cleave+1"],"picked":"Battle Trance+1","floor":18},{"not_picked":["Havoc+1","Dropkick+1","Flex+1"],"picked":"SKIP","floor":20},{"not_picked":["Body Slam+1","Warcry+1"],"picked":"Spot Weakness","floor":22},{"not_picked":["Armaments","Headbutt+1"],"picked":"Whirlwind+1","floor":25},{"not_picked":["Warcry","Havoc"],"picked":"Flame Barrier","floor":28},{"not_picked":["Cleave+1","Body Slam+1"],"picked":"Pommel Strike+1","floor":31},{"not_picked":["Dark Embrace","Impervious"],"picked":"Feed+1","floor":33},{"not_picked":["Hemokinesis+1","Sword Boomerang+1"],"picked":"Pummel+1","floor":35},{"not_picked":["Purity","Chrysalis"],"picked":"HandOfGreed+1","floor":37},{"not_picked":["Madness","Dramatic Entrance+1"],"picked":"Dark Shackles","floor":37},{"not_picked":["Trip","Dark Shackles"],"picked":"Master of Strategy","floor":37},{"not_picked":["Flex","Warcry"],"picked":"Pommel Strike+1","floor":38},{"not_picked":["Corruption","Whirlwind+1"],"picked":"Burning Pact+1","floor":39},{"not_picked":["Twin Strike+1","Seeing Red"],"picked":"Shockwave","floor":41},{"not_picked":["Body Slam+1","Berserk"],"picked":"Shrug It Off+1","floor":45},{"not_picked":["Anger+1","Pummel+1"],"picked":"Iron Wave+1","floor":46},{"not_picked":["Sword Boomerang+1","Body Slam+1","Anger+1"],"picked":"SKIP","floor":47},{"not_picked":["Rupture","Dropkick+1"],"picked":"Feel No Pain","floor":48}],"player_experience":730244,"relics_obtained":[{"floor":6,"key":"Pen Nib"},{"floor":9,"key":"Oddly Smooth Stone"},{"floor":11,"key":"Molten Egg 2"},{"floor":19,"key":"Boot"},{"floor":26,"key":"Vajra"},{"floor":28,"key":"Du-Vu Doll"},{"floor":31,"key":"Nunchaku"},{"floor":31,"key":"Bottled Lightning"},{"floor":38,"key":"Gambling Chip"},{"floor":41,"key":"Strawberry"},{"floor":43,"key":"Mummified Hand"},{"floor":46,"key":"Orichalcum"}],"event_choices":[{"damage_healed":0,"gold_gain":0,"player_choice":"Leave","damage_taken":0,"max_hp_gain":0,"max_hp_loss":0,"event_name":"The Cleric","floor":3,"gold_loss":0},{"damage_healed":0,"gold_gain":0,"player_choice":"Got Potions","damage_taken":0,"max_hp_gain":0,"max_hp_loss":0,"event_name":"Lab","floor":7,"gold_loss":0},{"damage_healed":0,"gold_gain":0,"player_choice":"Simplicity","damage_taken":0,"max_hp_gain":0,"max_hp_loss":0,"event_name":"Back to Basics","floor":21,"gold_loss":0,"cards_upgraded":["Strike_R","Strike_R","Strike_R","Strike_R","Strike_R","Defend_R","Defend_R","Defend_R","Defend_R"]},{"damage_healed":0,"gold_gain":0,"player_choice":"Ignored","damage_taken":0,"max_hp_gain":0,"max_hp_loss":0,"event_name":"The Mausoleum","floor":27,"gold_loss":0},{"damage_healed":0,"gold_gain":0,"player_choice":"Fight","damage_taken":0,"max_hp_gain":0,"max_hp_loss":0,"event_name":"Colosseum","floor":31,"gold_loss":0},{"damage_healed":0,"gold_gain":0,"player_choice":"Fought Nobs","damage_taken":0,"max_hp_gain":0,"max_hp_loss":0,"event_name":"Colosseum","floor":31,"gold_loss":0},{"damage_healed":0,"gold_gain":0,"player_choice":"Ignored","damage_taken":0,"max_hp_gain":0,"max_hp_loss":0,"event_name":"Tomb of Lord Red Mask","floor":36,"gold_loss":0},{"damage_healed":0,"gold_gain":0,"player_choice":"Memory 3","damage_taken":10,"max_hp_gain":0,"max_hp_loss":0,"event_name":"SensoryStone","floor":37,"gold_loss":0},{"damage_healed":0,"gold_gain":0,"player_choice":"Fight","damage_taken":0,"max_hp_gain":0,"max_hp_loss":0,"event_name":"Mysterious Sphere","floor":38,"gold_loss":0},{"damage_healed":0,"gold_gain":100,"player_choice":"Pray","damage_taken":0,"max_hp_gain":0,"max_hp_loss":0,"event_name":"Golden Shrine","floor":44,"gold_loss":0}],"is_beta":false,"boss_relics":[{"not_picked":["Coffee Dripper","Lizard Tail"],"picked":"Mark of Pain"},{"not_picked":["Sozu","Astrolabe"],"picked":"Runic Dome"}],"items_purged_floors":[],"is_endless":false,"potions_floor_spawned":[1,5,13,14,22,25,28,31,41,46,48],"ascension_level":0}