{"gold_per_floor":[111,186,204,224,21,54,54,54,54,69,69,69,80,90,90,193,193,205,120,120,134,134,134,153,180,180,80,95,95,123,123,123,226,226,244,244,258,258,258,258,305,305,305,305,317,336,62,78,78,78],"floor_reached":51,"playtime":3031,"items_purged":["Strike_R","Strike_R","Strike_R"],"score":938,"play_id":"7b5c13b9-72f4-4d33-9bce-d4dc2422e359","local_time":"20190214235619","is_ascension_mode":true,"campfire_choices":[{"data":"True Grit","floor":8.0,"key":"SMITH"},{"data":"Inflame","floor":12.0,"key":"SMITH"},{"data":"Double Tap","floor":15.0,"key":"SMITH"},{"data":"Demon Form","floor":23,"key":"SMITH"},{"data":"Pommel Strike","floor":29,"key":"SMITH"},{"data":"Heavy Blade","floor":32,"key":"SMITH"},{"data":"Heavy Blade","floor":40,"key":"SMITH"},{"data":"Uppercut","floor":42,"key":"SMITH"},{"data":"Pommel Strike","floor":44,"key":"SMITH"},{"data":"Bash","floor":49,"key":"SMITH"}],"neow_cost":"NONE","seed_source_timestamp":0,"circlet_count":0,"master_deck":["Strike_R","Defend_R+1","Defend_R","Defend_R","Defend_R","Bash+1","Pommel Strike+1","True Grit+1","Inflame+1","Pommel Strike","Double Tap+1","Heavy Blade+1","Heavy Blade+1","Demon Form+1","Cleave","Uppercut+1","Pommel Strike+1","Whirlwind+1","Writhe","Reaper","Purity","Shrug It Off+1","Heavy Blade+1"],"special_seed":0,"relics":["Burning Blood","Orichalcum","Dead Branch","Nunchaku","Kunai","Coffee Dripper","Red Skull","Bottled Flame","Pantograph","Bronze Scales","Ancient Tea Set","Mark of Pain","Torii","Happy Flower","War Paint"],"potions_floor_usage":[25,25,30,45,45,50,50],"damage_taken":[{"damage":7.0,"enemies":"Jaw Worm","floor":1.0,"turns":3.0},{"damage":1.0,"enemies":"Cultist","floor":3.0,"turns":4.0},{"damage":0.0,"enemies":"Small Slimes","floor":4.0,"turns":3.0},{"damage":26.0,"enemies":"3 Sentries","floor":6.0,"turns":7.0},{"damage":11.0,"enemies":"Red Slaver","floor":10.0,"turns":3.0},{"damage":6.0,"enemies":"2 Fungi Beasts","floor":13.0,"turns":3.0},{"damage":21.0,"enemies":"Lots of Slimes","floor":14.0,"turns":4.0},{"damage":0.0,"enemies":"Slime Boss","floor":16.0,"turns":8.0},{"damage":10,"enemies":"2 Thieves","floor":18,"turns":3},{"damage":1,"enemies":"Spheric Guardian","floor":21,"turns":3},{"damage":12,"enemies":"Chosen and Byrds","floor":24,"turns":5},{"damage":19,"enemies":"Slavers","floor":25,"turns":3},{"damage":14,"enemies":"Centurion and Healer","floor":28,"turns":5},{"damage":24,"enemies":"Gremlin Leader","floor":30,"turns":4},{"damage":32,"enemies":"Champ","floor":33,"turns":7},{"damage":34,"enemies":"3 Shapes","floor":35,"turns":3},{"damage":5,"enemies":"Orb Walker","floor":37,"turns":3},{"damage":31,"enemies":"2 Orb Walkers","floor":41,"turns":3},{"damage":12,"enemies":"3 Darklings","floor":45,"turns":4},{"damage":23,"enemies":"Spire Growth","floor":46,"turns":4},{"damage":18,"enemies":"Jaw Worm Horde","floor":48,"turns":3},{"damage":69,"enemies":"Awakened One","floor":50,"turns":6}],"seed_played":"4298168642682560880","potions_obtained":[{"floor":4.0,"key":"Swift Potion"},{"floor":10.0,"key":"Energy Potion"},{"floor":14.0,"key":"Poison Potion"},{"floor":16.0,"key":"SkillPotion"},{"floor":21,"key":"Regen Potion"},{"floor":25,"key":"FearPotion"},{"floor":33,"key":"SkillPotion"},{"floor":35,"key":"Regen Potion"},{"floor":48,"key":"Weak Potion"}],"is_trial":false,"path_per_floor":["M","?","M","M","$","E","?","R","T","M","?","R","M","M","R","B",null,"M","?","?","M","?","R","M","E","T","$","M","R","E","?","R","B",null,"M","?","M","?","?","R","?","R","T","R","M","M","$","M","R","B",null],"character_chosen":"IRONCLAD","items_purchased":["Inflame","Pommel Strike","War Paint"],"campfire_rested":0,"item_purchase_floors":[5,5,47],"current_hp_per_floor":[79,71,76,80,80,60,60,60,60,55,55,55,55,40,40,46,72,68,68,53,58,58,58,52,48,48,48,40,40,22,22,22,21,69,55,55,68,68,68,68,68,68,68,68,62,55,55,43,43,42],"gold":78,"neow_bonus":"RANDOM_COMMON_RELIC","is_prod":false,"is_daily":false,"chose_seed":false,"campfire_upgraded":10,"win_rate":0,"timestamp":1550210179,"path_taken":["M","?","?","M","$","E","?","R","T","?","?","R","?","M","R","BOSS","M","?","?","M","?","R","?","E","T","$","?","R","E","?","R","BOSS","M","?","M","?","?","R","?","R","T","R","M","?","$","M","R","BOSS"],"build_version":"2019-01-23","purchased_purges":3,"victory":true,"max_hp_per_floor":[80,80,80,80,80,80,80,80,80,80,80,80,80,80,80,80,80,80,80,85,85,85,85,85,85,85,85,85,85,85,85,85,85,85,85,85,85,85,81,81,81,81,81,81,81,81,81,81,81,81],"card_choices":[{"not_picked":["Twin Strike","Dual Wield"],"picked":"Pommel Strike","floor":1.0},{"not_picked":["Metallicize","Rage"],"picked":"True Grit","floor":3.0},{"not_picked":["Havoc","Sentinel","Shockwave"],"picked":"SKIP","floor":4.0},{"not_picked":["Twin Strike","Feel No Pain"],"picked":"Double Tap","floor":6.0},{"not_picked":["Anger","Power Through"],"picked":"Heavy Blade","floor":10.0},{"not_picked":["Clash","Dual Wield","Warcry"],"picked":"SKIP","floor":13.0},{"not_picked":["Body Slam","Warcry"],"picked":"Heavy Blade","floor":14.0},{"not_picked":["Juggernaut","Double Tap"],"picked":"Demon Form","floor":16.0},{"not_picked":["Burning Pact+1","Dual Wield","Anger"],"picked":"SKIP","floor":18},{"not_picked":["Rampage+1","Headbutt"],"picked":"Cleave","floor":21},{"not_picked":["Entrench","Rage"],"picked":"Pommel Strike","floor":24},{"not_picked":["Armaments","Body Slam","Warcry"],"picked":"SKIP","floor":25},{"not_picked":["Corruption","Reckless Charge"],"picked":"Whirlwind+1","floor":28},{"not_picked":["Flame Barrier+1","Feed","Anger"],"picked":"SKIP","floor":30},{"not_picked":["Dark Embrace","Exhume"],"picked":"Reaper","floor":33},{"not_picked":["Sever Soul","Anger+1","Second Wind+1"],"picked":"SKIP","floor":35},{"not_picked":["Body Slam+1","Seeing Red+1","Rampage"],"picked":"SKIP","floor":37},{"not_picked":["Panache","Transmutation"],"picked":"Purity","floor":38},{"not_picked":["Wild Strike","Headbutt+1"],"picked":"Shrug It Off","floor":45},{"not_picked":["Flex+1","Anger"],"picked":"Heavy Blade+1","floor":46},{"not_picked":["Bloodletting","Wild Strike+1","Cleave"],"picked":"SKIP","floor":48}],"player_experience":364426,"relics_obtained":[{"floor":6.0,"key":"Dead Branch"},{"floor":7.0,"key":"Nunchaku"},{"floor":9.0,"key":"Kunai"},{"floor":25,"key":"Bottled Flame"},{"floor":26,"key":"Pantograph"},{"floor":30,"key":"Bronze Scales"},{"floor":41,"key":"Torii"},{"floor":43,"key":"Happy Flower"}],"event_choices":[{"damage_healed":0.0,"max_hp_gain":0.0,"max_hp_loss":0.0,"gold_gain":75.0,"event_name":"FaceTrader","player_choice":"Touch","floor":2.0,"gold_loss":0.0,"damage_taken":8.0},{"damage_healed":0.0,"max_hp_gain":0.0,"max_hp_loss":0.0,"gold_gain":0.0,"event_name":"Wheel of Change","player_choice":"Relic","floor":7.0,"gold_loss":0.0,"damage_taken":0.0},{"damage_healed":0.0,"max_hp_gain":0.0,"max_hp_loss":0.0,"gold_gain":0.0,"event_name":"The Woman in Blue","player_choice":"Bought 0 Potions","floor":11.0,"gold_loss":0.0,"damage_taken":0.0},{"damage_healed":0,"gold_gain":0,"player_choice":"Obtained Relic","damage_taken":0,"relics_obtained":["Red Skull"],"max_hp_gain":0,"max_hp_loss":0,"event_name":"Addict","floor":19,"gold_loss":85},{"damage_healed":0,"gold_gain":0,"player_choice":"Shed Blood","damage_taken":20,"max_hp_gain":5,"max_hp_loss":0,"event_name":"Forgotten Altar","floor":20,"gold_loss":0},{"damage_healed":0,"gold_gain":0,"cards_transformed":["Strike_R"],"player_choice":"Transformed","damage_taken":0,"max_hp_gain":0,"max_hp_loss":0,"event_name":"Transmorgrifier","floor":22,"gold_loss":0,"cards_obtained":["Uppercut"]},{"damage_healed":0,"gold_gain":0,"player_choice":"Opened","damage_taken":0,"relics_obtained":["Ancient Tea Set"],"max_hp_gain":0,"max_hp_loss":0,"event_name":"The Mausoleum","floor":31,"gold_loss":0,"cards_obtained":["Writhe"]},{"damage_healed":0,"gold_gain":0,"player_choice":"Ignored","damage_taken":0,"max_hp_gain":0,"max_hp_loss":0,"event_name":"Tomb of Lord Red Mask","floor":36,"gold_loss":0},{"damage_healed":0,"gold_gain":0,"player_choice":"Memory 1","damage_taken":0,"max_hp_gain":0,"max_hp_loss":0,"event_name":"SensoryStone","floor":38,"gold_loss":0},{"damage_healed":0,"gold_gain":0,"player_choice":"Max HP","damage_taken":0,"max_hp_gain":0,"max_hp_loss":4,"event_name":"Winding Halls","floor":39,"gold_loss":0},{"damage_healed":0,"gold_gain":0,"player_choice":"Fight","damage_taken":0,"max_hp_gain":0,"max_hp_loss":0,"event_name":"Mysterious Sphere","floor":41,"gold_loss":0}],"is_beta":false,"boss_relics":[{"not_picked":["Pandora\u0027s Box","Runic Pyramid"],"picked":"Coffee Dripper"},{"not_picked":["Orrery","Eternal Feather"],"picked":"Mark of Pain"}],"items_purged_floors":[5,27,47],"is_endless":false,"potions_floor_spawned":[4,10,14,16,21,24,25,33,35,48],"ascension_level":5}