{"gold_per_floor":[111,121,121,121,142,482,325,325,325,325,356,150,165,165,165,295,295,320,395,275,288,308,308,346,370,396,396,145,145],"floor_reached":29,"playtime":1874,"items_purged":["Strike_R","Strike_R","Strike_R","Strike_R"],"score":317,"play_id":"842d983b-d0a1-4f7d-b281-bc20cc0d49d6","local_time":"20190121012748","is_ascension_mode":true,"campfire_choices":[{"data":"Demon Form","floor":8,"key":"SMITH"},{"data":"Heavy Blade","floor":10,"key":"SMITH"},{"floor":15,"key":"REST"},{"floor":23,"key":"REST"}],"neow_cost":"NONE","seed_source_timestamp":192230030107369,"circlet_count":0,"master_deck":["Defend_R","Defend_R","Defend_R","Defend_R","Bash","Dramatic Entrance","Inflame+1","Inflame","Heavy Blade+1","Demon Form+1","Uppercut","Twin Strike","Evolve","Pommel Strike","Dropkick","Shrug It Off"],"relics":["Burning Blood","Golden Idol","Old Coin","Matryoshka","Smiling Mask","Red Skull","Snecko Eye","Question Card","Potion Belt","Happy Flower","Oddly Smooth Stone"],"potions_floor_usage":[11,13,22,24,29],"damage_taken":[{"damage":4,"enemies":"Jaw Worm","floor":1,"turns":4},{"damage":0,"enemies":"Small Slimes","floor":2,"turns":3},{"damage":1,"enemies":"Cultist","floor":5,"turns":4},{"damage":35,"enemies":"3 Sentries","floor":6,"turns":7},{"damage":21,"enemies":"Lagavulin","floor":11,"turns":6},{"damage":10,"enemies":"Lots of Slimes","floor":13,"turns":1},{"damage":34,"enemies":"The Guardian","floor":16,"turns":6},{"damage":0,"enemies":"Chosen","floor":18,"turns":3},{"damage":19,"enemies":"3 Byrds","floor":21,"turns":3},{"damage":28,"enemies":"Centurion and Healer","floor":22,"turns":4},{"damage":35,"enemies":"Gremlin Leader","floor":24,"turns":5},{"damage":23,"enemies":"Sentry and Sphere","floor":25,"turns":4},{"damage":22,"enemies":"Snake Plant","floor":29,"turns":2}],"seed_played":"6434032195995320701","potions_obtained":[{"floor":1,"key":"LiquidBronze"},{"floor":2,"key":"FairyPotion"},{"floor":6,"key":"EssenceOfSteel"},{"floor":16,"key":"Weak Potion"},{"floor":22,"key":"LiquidBronze"},{"floor":24,"key":"SpeedPotion"}],"is_trial":false,"path_per_floor":["M","M","?","?","M","E","$","R","T","R","E","$","M","?","R","B",null,"M","?","$","M","M","R","E","M","T","?","$","M"],"character_chosen":"IRONCLAD","items_purchased":["Uppercut","Red Skull","Evolve","Shrug It Off","Oddly Smooth Stone"],"campfire_rested":2,"item_purchase_floors":[7,12,20,28,28],"current_hp_per_floor":[80,80,80,74,74,45,45,45,45,45,30,30,26,26,48,20,74,74,67,67,54,32,54,25,8,8,8,8,0],"gold":145,"neow_bonus":"RANDOM_COLORLESS","is_prod":false,"is_daily":false,"chose_seed":false,"campfire_upgraded":2,"win_rate":0,"timestamp":1548055668,"path_taken":["M","M","?","?","?","E","$","R","T","R","E","$","M","?","R","BOSS","M","?","$","M","?","R","E","?","T","?","$","M"],"build_version":"2019-01-17v2","purchased_purges":4,"victory":false,"max_hp_per_floor":[80,80,80,74,74,74,74,74,74,74,74,74,74,74,74,74,74,74,74,74,74,74,74,74,74,74,74,74,74],"card_choices":[{"not_picked":["Body Slam","True Grit"],"picked":"Inflame","floor":1},{"not_picked":["Anger","Carnage"],"picked":"Inflame","floor":2},{"not_picked":["Perfected Strike","Flame Barrier"],"picked":"Heavy Blade","floor":5},{"not_picked":["Perfected Strike","Cleave"],"picked":"Demon Form","floor":6},{"not_picked":["Burning Pact","Dropkick"],"picked":"Twin Strike","floor":11},{"not_picked":["Wild Strike","Power Through","Headbutt"],"picked":"SKIP","floor":13},{"not_picked":["Flame Barrier","Wild Strike","Havoc"],"picked":"SKIP","floor":18},{"not_picked":["Rage","Warcry"],"picked":"Pommel Strike","floor":21},{"not_picked":["Iron Wave","Infernal Blade","Perfected Strike"],"picked":"SKIP","floor":22},{"not_picked":["Fiend Fire","Blood for Blood","Pommel Strike"],"picked":"SKIP","floor":24},{"not_picked":["Burning Pact","Searing Blow+1","Iron Wave","Combust"],"picked":"SKIP","floor":25}],"player_experience":265159,"relics_obtained":[{"floor":6,"key":"Old Coin"},{"floor":9,"key":"Matryoshka"},{"floor":11,"key":"Smiling Mask"},{"floor":24,"key":"Question Card"},{"floor":26,"key":"Potion Belt"},{"floor":26,"key":"Happy Flower"}],"event_choices":[{"damage_healed":0,"gold_gain":0,"player_choice":"Grow","damage_taken":0,"max_hp_gain":0,"max_hp_loss":0,"event_name":"Living Wall","floor":3,"gold_loss":0,"cards_upgraded":["Inflame"]},{"damage_healed":0,"gold_gain":0,"player_choice":"Lose Max HP","damage_taken":0,"relics_obtained":["Golden Idol"],"max_hp_gain":0,"max_hp_loss":6,"event_name":"Golden Idol","floor":4,"gold_loss":0},{"damage_healed":0,"gold_gain":0,"player_choice":"Fled","damage_taken":0,"max_hp_gain":0,"max_hp_loss":0,"event_name":"Scrap Ooze","floor":14,"gold_loss":0},{"damage_healed":0,"gold_gain":75,"player_choice":"Touch","damage_taken":7,"max_hp_gain":0,"max_hp_loss":0,"event_name":"FaceTrader","floor":19,"gold_loss":0},{"damage_healed":0,"gold_gain":0,"cards_transformed":["Strike_R"],"player_choice":"Transformed","damage_taken":0,"max_hp_gain":0,"max_hp_loss":0,"event_name":"Transmorgrifier","floor":27,"gold_loss":0,"cards_obtained":["Dropkick"]}],"is_beta":false,"boss_relics":[{"not_picked":["Orrery","Runic Cube"],"picked":"Snecko Eye"}],"items_purged_floors":[7,12,20,28],"is_endless":false,"potions_floor_spawned":[1,2,6,16,22,24],"killed_by":"Snake Plant","ascension_level":3}