{"gold_per_floor":[116,42,42,42,42,73,85,85,140,65,65,84,84,102,102,205,205,216,216,316,54,70,70,85,85,85,97,196,115,133,144,144,144],"floor_reached":33,"playtime":2241,"items_purged":["Strike_G","Strike_G"],"score":326,"play_id":"a7af1f7e-9d2a-4ea0-b52e-da37317a9633","local_time":"20190326004506","is_ascension_mode":true,"campfire_choices":[{"data":"Bouncing Flask","floor":8,"key":"SMITH"},{"data":"Sucker Punch","floor":11,"key":"SMITH"},{"data":"Backflip","floor":13,"key":"SMITH"},{"data":"Neutralize","floor":15,"key":"SMITH"},{"floor":23,"key":"REST"},{"data":"Deadly Poison","floor":25,"key":"SMITH"},{"floor":32,"key":"REST"}],"neow_cost":"NONE","seed_source_timestamp":1039933154721403,"circlet_count":0,"master_deck":["Defend_G","Defend_G","Defend_G","Defend_G","Defend_G","Strike_G","Strike_G","Survivor","Neutralize+1","Bouncing Flask+1","Infinite Blades","Escape Plan","Sucker Punch+1","Poisoned Stab","Backflip+1","Tools of the Trade","Blade Dance+1","Leg Sweep+1","Panache","Deadly Poison+1","Accuracy","Bane"],"relics":["Ring of the Snake","NeowsBlessing","Bag of Preparation","Ancient Tea Set","Philosopher\u0027s Stone","Unceasing Top","Question Card","Bag of Marbles"],"potions_floor_usage":[16,20,31],"damage_taken":[{"damage":0,"enemies":"Cultist","floor":1,"turns":1},{"damage":0,"enemies":"Jaw Worm","floor":3,"turns":1},{"damage":0,"enemies":"Lagavulin","floor":6,"turns":1},{"damage":10,"enemies":"Small Slimes","floor":7,"turns":3},{"damage":0,"enemies":"Blue Slaver","floor":12,"turns":3},{"damage":0,"enemies":"Exordium Wildlife","floor":14,"turns":3},{"damage":30,"enemies":"Slime Boss","floor":16,"turns":7},{"damage":16,"enemies":"3 Byrds","floor":18,"turns":5},{"damage":19,"enemies":"Colosseum Slavers","floor":20,"turns":6},{"damage":24,"enemies":"Colosseum Nobs","floor":20,"turns":5},{"damage":6,"enemies":"Spheric Guardian","floor":22,"turns":4},{"damage":4,"enemies":"Snake Plant","floor":24,"turns":4},{"damage":16,"enemies":"Snecko","floor":27,"turns":4},{"damage":9,"enemies":"Shelled Parasite and Fungi","floor":30,"turns":4},{"damage":0,"enemies":"Cultist and Chosen","floor":31,"turns":5},{"damage":32,"enemies":"Champ","floor":33,"turns":6}],"seed_played":"1708337393737341391","potions_obtained":[{"floor":1,"key":"Strength Potion"},{"floor":14,"key":"GhostInAJar"},{"floor":18,"key":"Strength Potion"},{"floor":20,"key":"SteroidPotion"},{"floor":27,"key":"Fire Potion"}],"is_trial":false,"path_per_floor":["M","$","M","?","?","E","M","R","T","$","R","M","R","M","R","B",null,"M","?","?","$","M","R","M","R","T","M","?","$","M","M","R","B"],"character_chosen":"THE_SILENT","items_purchased":["Infinite Blades","Panache","Accuracy"],"campfire_rested":2,"item_purchase_floors":[2,21,29],"current_hp_per_floor":[70,70,70,75,75,75,65,65,65,65,65,65,65,65,65,35,75,59,59,16,16,10,32,28,28,28,12,12,12,3,3,25,0],"gold":144,"neow_bonus":"THREE_ENEMY_KILL","is_prod":false,"is_daily":false,"chose_seed":false,"campfire_upgraded":5,"win_rate":0,"timestamp":1553579106,"path_taken":["M","$","M","?","?","E","M","R","T","$","R","?","R","M","R","BOSS","M","?","?","$","M","R","?","R","T","M","?","$","M","M","R","BOSS"],"build_version":"2019-01-23","purchased_purges":2,"victory":false,"max_hp_per_floor":[70,70,70,75,75,75,75,75,75,75,75,75,75,75,75,75,75,75,75,75,75,75,75,75,75,75,75,75,75,75,75,75,75],"card_choices":[{"not_picked":["Well Laid Plans","Slice"],"picked":"Bouncing Flask","floor":1},{"not_picked":["Endless Agony","Setup","PiercingWail"],"picked":"SKIP","floor":3},{"not_picked":["Prepared","Dagger Spray"],"picked":"Sucker Punch","floor":6},{"not_picked":["Skewer","Flechettes"],"picked":"Poisoned Stab","floor":7},{"not_picked":["Dagger Throw","Sucker Punch"],"picked":"Backflip","floor":12},{"not_picked":["Skewer","Grand Finale","Dagger Throw"],"picked":"SKIP","floor":14},{"not_picked":["Adrenaline","After Image"],"picked":"Tools of the Trade","floor":16},{"not_picked":["Well Laid Plans","Prepared"],"picked":"Blade Dance+1","floor":18},{"not_picked":["Escape Plan+1","Outmaneuver+1"],"picked":"Leg Sweep+1","floor":20},{"not_picked":["Acrobatics","Slice+1","Prepared+1"],"picked":"Deadly Poison","floor":22},{"not_picked":["Masterful Stab","Skewer+1","Flying Knee","Backstab"],"picked":"SKIP","floor":24},{"not_picked":["Dodge and Roll","Underhanded Strike","Dash+1","Well Laid Plans"],"picked":"SKIP","floor":27},{"not_picked":["Backflip","Distraction","Flying Knee"],"picked":"Bane","floor":30},{"not_picked":["Prepared","Doppelganger","Flying Knee","Underhanded Strike+1"],"picked":"SKIP","floor":31}],"player_experience":427156,"relics_obtained":[{"floor":6,"key":"Bag of Preparation"},{"floor":9,"key":"Ancient Tea Set"},{"floor":20,"key":"Unceasing Top"},{"floor":20,"key":"Question Card"},{"floor":26,"key":"Bag of Marbles"}],"event_choices":[{"damage_healed":0,"gold_gain":0,"player_choice":"Donut","damage_taken":0,"max_hp_gain":5,"max_hp_loss":0,"event_name":"Big Fish","floor":4,"gold_loss":0},{"damage_healed":0,"gold_gain":0,"cards_transformed":["Strike_G"],"player_choice":"Transformed","damage_taken":0,"max_hp_gain":0,"max_hp_loss":0,"event_name":"Transmorgrifier","floor":5,"gold_loss":0,"cards_obtained":["Escape Plan"]},{"damage_healed":0,"gold_gain":0,"player_choice":"Ignored","damage_taken":0,"max_hp_gain":0,"max_hp_loss":0,"event_name":"Vampires","floor":19,"gold_loss":0},{"damage_healed":0,"gold_gain":0,"player_choice":"Fight","damage_taken":0,"max_hp_gain":0,"max_hp_loss":0,"event_name":"Colosseum","floor":20,"gold_loss":0},{"damage_healed":0,"gold_gain":0,"player_choice":"Fought Nobs","damage_taken":0,"max_hp_gain":0,"max_hp_loss":0,"event_name":"Colosseum","floor":20,"gold_loss":0},{"damage_healed":0,"gold_gain":99,"player_choice":"Stole From Cult","damage_taken":0,"max_hp_gain":0,"max_hp_loss":0,"event_name":"Nest","floor":28,"gold_loss":0}],"is_beta":false,"boss_relics":[{"not_picked":["Busted Crown","Calling Bell"],"picked":"Philosopher\u0027s Stone"}],"items_purged_floors":[10,21],"is_endless":false,"potions_floor_spawned":[1,14,18,20,20,27],"killed_by":"Champ","ascension_level":4}