{"gold_per_floor":[118,30,44,44,54,87,87,87,87,104,116,131,147,178,178,249,249,269,281,293,393,318,318,318,332,332,332,332,332,332],"floor_reached":30,"playtime":1741,"items_purged":[],"score":494,"play_id":"4a2e7e68-b414-4b93-8f3f-92e2f864cf2f","local_time":"20190502230606","is_ascension_mode":true,"campfire_choices":[{"floor":7.0,"key":"REST"},{"data":"Catalyst","floor":15.0,"key":"SMITH"},{"floor":23.0,"key":"REST"},{"floor":27.0,"key":"DIG"},{"floor":29.0,"key":"DIG"}],"neow_cost":"PERCENT_DAMAGE","seed_source_timestamp":1821062948066704,"circlet_count":0,"master_deck":["AscendersBane","Defend_G","Defend_G","Defend_G","Defend_G","Defend_G","Strike_G","Strike_G","Strike_G","Strike_G","Survivor","Neutralize","Deadly Poison","Concentrate","Neutralize","Deflect","Noxious Fumes","After Image","Catalyst+1","Noxious Fumes","Backflip","Terror","Doppelganger","Noxious Fumes+1","Slice+1","Deflect"],"special_seed":0,"relics":["Ring of the Snake","Unceasing Top","Sundial","Bronze Scales","Pantograph","Oddly Smooth Stone","HoveringKite","Shovel","Matryoshka","Dream Catcher","Shuriken","Pen Nib","Pear","Snake Skull","Singing Bowl"],"potions_floor_usage":[30],"damage_taken":[{"damage":0.0,"enemies":"2 Louse","floor":1.0,"turns":6.0},{"damage":4.0,"enemies":"Cultist","floor":3.0,"turns":4.0},{"damage":4.0,"enemies":"Small Slimes","floor":5.0,"turns":4.0},{"damage":0.0,"enemies":"Lagavulin","floor":6.0,"turns":7.0},{"damage":5.0,"enemies":"Blue Slaver","floor":10.0,"turns":4.0},{"damage":5.0,"enemies":"Large Slime","floor":11.0,"turns":7.0},{"damage":0.0,"enemies":"Red Slaver","floor":12.0,"turns":4.0},{"damage":4.0,"enemies":"Blue Slaver","floor":13.0,"turns":3.0},{"damage":36.0,"enemies":"3 Sentries","floor":14.0,"turns":7.0},{"damage":3.0,"enemies":"Hexaghost","floor":16.0,"turns":7.0},{"damage":5.0,"enemies":"Spheric Guardian","floor":18.0,"turns":5.0},{"damage":15.0,"enemies":"Chosen","floor":19.0,"turns":6.0},{"damage":0.0,"enemies":"Centurion and Healer","floor":20.0,"turns":5.0},{"damage":19.0,"enemies":"Colosseum Slavers","floor":21.0,"turns":4.0},{"damage":8.0,"enemies":"Colosseum Nobs","floor":21.0,"turns":4.0},{"damage":3.0,"enemies":"Snake Plant","floor":25.0,"turns":3.0},{"damage":19,"enemies":"Cultist and Chosen","floor":30,"turns":5}],"seed_played":"6452755236539763948","potions_obtained":[{"floor":5.0,"key":"AttackPotion"},{"floor":11.0,"key":"Fruit Juice"},{"floor":13.0,"key":"SkillPotion"},{"floor":16.0,"key":"AttackPotion"},{"floor":18.0,"key":"Swift Potion"},{"floor":19.0,"key":"GamblersBrew"}],"is_trial":false,"path_per_floor":["M","$","M","?","M","E","R","?","T","M","M","M","M","E","R","B",null,"M","M","M","?","?","R","T","M","T","R","?","R","M"],"character_chosen":"THE_SILENT","items_purchased":["Concentrate"],"campfire_rested":2,"item_purchase_floors":[2],"current_hp_per_floor":[44,44,40,40,36,36,55,55,55,50,50,50,46,10,10,32,61,56,41,41,14,14,35,35,32,42,42,42,42,23],"gold":332,"neow_bonus":"ONE_RARE_RELIC","is_prod":false,"is_daily":false,"chose_seed":false,"campfire_upgraded":1,"win_rate":0,"timestamp":1556805966,"path_taken":["M","$","M","?","?","E","R","?","T","M","?","M","M","E","R","BOSS","M","M","M","?","?","R","?","M","T","R","?","R","M"],"build_version":"2019-01-23","purchased_purges":0,"victory":false,"max_hp_per_floor":[66,66,66,66,66,66,66,66,66,66,71,71,71,71,71,71,71,71,71,71,71,71,71,71,71,81,81,81,81,81],"card_choices":[{"not_picked":["Deflect","Cloak And Dagger"],"picked":"Deadly Poison","floor":1.0},{"not_picked":["Eviscerate","Slice","Deadly Poison"],"picked":"SKIP","floor":3.0},{"not_picked":["Phantasmal Killer","Cloak And Dagger","Masterful Stab"],"picked":"SKIP","floor":5.0},{"not_picked":["Masterful Stab","Distraction"],"picked":"Catalyst","floor":6.0},{"not_picked":["Well Laid Plans","Dodge and Roll"],"picked":"Noxious Fumes","floor":10.0},{"not_picked":["Deadly Poison","Dagger Throw"],"picked":"Backflip","floor":11.0},{"not_picked":["Deadly Poison","Terror","Dagger Throw"],"picked":"SKIP","floor":12.0},{"not_picked":["Deadly Poison","Dagger Throw"],"picked":"Terror","floor":12.0},{"not_picked":["Flechettes","Acrobatics","Bouncing Flask"],"picked":"SKIP","floor":13.0},{"not_picked":["Cloak And Dagger","Prepared","Heel Hook"],"picked":"SKIP","floor":14.0},{"not_picked":["Unload","Phantasmal Killer"],"picked":"Doppelganger","floor":16.0},{"not_picked":["Backflip","Deadly Poison","Bane"],"picked":"SKIP","floor":18.0},{"not_picked":["PiercingWail","Bane","Bouncing Flask"],"picked":"SKIP","floor":19.0},{"not_picked":["Deadly Poison","Poisoned Stab"],"picked":"Noxious Fumes+1","floor":20.0},{"not_picked":["Deadly Poison","Infinite Blades"],"picked":"Slice+1","floor":21.0},{"not_picked":["Deadly Poison","Tactician"],"picked":"Deflect","floor":25.0}],"player_experience":739351,"relics_obtained":[{"floor":6.0,"key":"Sundial"},{"floor":9.0,"key":"Pantograph"},{"floor":14.0,"key":"Oddly Smooth Stone"},{"floor":21.0,"key":"Shovel"},{"floor":21.0,"key":"Matryoshka"},{"floor":24.0,"key":"Dream Catcher"},{"floor":24.0,"key":"Shuriken"},{"floor":26.0,"key":"Pen Nib"},{"floor":26.0,"key":"Pear"},{"floor":27.0,"key":"Snake Skull"},{"floor":29.0,"key":"Singing Bowl"}],"event_choices":[{"damage_healed":0.0,"max_hp_gain":0.0,"max_hp_loss":0.0,"gold_gain":0.0,"event_name":"Match and Keep!","player_choice":"4 cards matched","floor":4.0,"gold_loss":0.0,"damage_taken":0.0,"cards_obtained":["Neutralize","Deflect","Noxious Fumes","After Image"]},{"damage_healed":0.0,"max_hp_gain":0.0,"max_hp_loss":0.0,"gold_gain":0.0,"event_name":"WeMeetAgain","player_choice":"Gave Potion","floor":8.0,"gold_loss":0.0,"damage_taken":0.0,"relics_obtained":["Bronze Scales"]},{"damage_healed":0.0,"max_hp_gain":0.0,"max_hp_loss":0.0,"gold_gain":0.0,"event_name":"Colosseum","player_choice":"Fight","floor":21.0,"gold_loss":0.0,"damage_taken":0.0},{"damage_healed":0.0,"max_hp_gain":0.0,"max_hp_loss":0.0,"gold_gain":0.0,"event_name":"Colosseum","player_choice":"Fought Nobs","floor":21.0,"gold_loss":0.0,"damage_taken":0.0},{"cards_removed":["Strike_G"],"damage_healed":0.0,"max_hp_gain":0.0,"max_hp_loss":0.0,"gold_gain":0.0,"event_name":"Beggar","player_choice":"Gave Gold","floor":22.0,"gold_loss":75.0,"damage_taken":0.0},{"damage_healed":0.0,"max_hp_gain":0.0,"max_hp_loss":0.0,"gold_gain":0.0,"event_name":"N\u0027loth","player_choice":"Ignored","floor":28.0,"gold_loss":0.0,"damage_taken":0.0}],"is_beta":false,"boss_relics":[{"not_picked":["Fusion Hammer","Cursed Key"],"picked":"HoveringKite"}],"items_purged_floors":[],"is_endless":false,"potions_floor_spawned":[5,11,13,16,18,19,21],"killed_by":"Cultist and Chosen","ascension_level":17}