{"gold_per_floor":[110,121,138,155,61,61,78,78,78,95,124,49,63,77,77,176,176,196,196,62,76,96,96,114,114,114,114,114,114,114,126,126,230,230,242,242,342,361,375,375,389,389,389,389,401,401],"floor_reached":46,"playtime":4128,"items_purged":["Strike_G","Strike_G"],"score":472,"play_id":"3eeee61f-23b3-484c-a2a7-dc9c12130da2","local_time":"20190115015849","is_ascension_mode":true,"campfire_choices":[{"data":"Footwork","floor":6,"key":"SMITH"},{"data":"Footwork","floor":8,"key":"SMITH"},{"data":"Blade Dance","floor":15,"key":"SMITH"},{"data":"Phantasmal Killer","floor":23,"key":"SMITH"},{"data":"Caltrops","floor":25,"key":"SMITH"},{"data":"Footwork","floor":30,"key":"SMITH"},{"data":"Well Laid Plans","floor":32,"key":"SMITH"},{"floor":40,"key":"RECALL"},{"floor":42,"key":"REST"}],"neow_cost":"NONE","seed_source_timestamp":414590062870644,"circlet_count":0,"master_deck":["Defend_G+1","Defend_G+1","Defend_G+1","Defend_G+1","Defend_G+1","Survivor+1","Neutralize+1","Backflip+1","Bane+1","Footwork+1","Footwork+1","Dagger Spray+1","Footwork+1","Blade Dance+1","Finisher+1","Phantasmal Killer+1","Caltrops+1","Infinite Blades+1","Leg Sweep+1","Well Laid Plans+1","Bite+1","Bite+1","Bite+1","Bite+1","Bite+1","Storm of Steel+1","Dagger Throw+1","Cloak And Dagger+1","Finisher+1","Deadly Poison"],"relics":["Ring of the Snake","NeowsBlessing","Oddly Smooth Stone","Bronze Scales","Philosopher\u0027s Stone","Bird Faced Urn","Enchiridion","MutagenicStrength","Black Star","Mark of the Bloom","Darkstone Periapt"],"potions_floor_usage":[11,11,39,45],"damage_taken":[{"damage":0,"enemies":"Cultist","floor":1,"turns":1},{"damage":0,"enemies":"Small Slimes","floor":2,"turns":1},{"damage":0,"enemies":"Jaw Worm","floor":3,"turns":1},{"damage":2,"enemies":"Blue Slaver","floor":4,"turns":6},{"damage":9,"enemies":"3 Louse","floor":7,"turns":3},{"damage":0,"enemies":"Lots of Slimes","floor":10,"turns":5},{"damage":6,"enemies":"Gremlin Nob","floor":11,"turns":5},{"damage":0,"enemies":"Large Slime","floor":13,"turns":9},{"damage":0,"enemies":"Blue Slaver","floor":14,"turns":5},{"damage":6,"enemies":"Hexaghost","floor":16,"turns":13},{"damage":6,"enemies":"Spheric Guardian","floor":18,"turns":6},{"damage":0,"enemies":"Chosen","floor":21,"turns":5},{"damage":3,"enemies":"Centurion and Healer","floor":22,"turns":9},{"damage":12,"enemies":"Sentry and Sphere","floor":24,"turns":7},{"damage":15,"enemies":"Snake Plant","floor":31,"turns":5},{"damage":14,"enemies":"Champ","floor":33,"turns":20},{"damage":41,"enemies":"3 Shapes","floor":35,"turns":7},{"damage":0,"enemies":"Orb Walker","floor":38,"turns":4},{"damage":8,"enemies":"Sphere and 2 Shapes","floor":39,"turns":9},{"damage":0,"enemies":"4 Shapes","floor":41,"turns":6},{"damage":3,"enemies":"Maw","floor":45,"turns":8},{"damage":14,"enemies":"Nemesis","floor":46,"turns":1}],"seed_played":"-3561911565264699105","potions_obtained":[{"floor":2,"key":"Energy Potion"},{"floor":4,"key":"FearPotion"},{"floor":7,"key":"Fire Potion"},{"floor":10,"key":"Fire Potion"},{"floor":16,"key":"Regen Potion"},{"floor":19,"key":"GhostInAJar"},{"floor":31,"key":"FairyPotion"}],"is_trial":false,"path_per_floor":["M","M","M","M","$","R","M","R","T","M","E","$","M","M","R","B",null,"M","?","$","M","M","R","M","R","T","?","?","?","R","M","R","B",null,"M","?","?","M","M","R","M","R","T","?","M","E"],"character_chosen":"THE_SILENT","items_purchased":["Footwork","Dagger Spray","Infinite Blades"],"campfire_rested":1,"item_purchase_floors":[5,5,20],"current_hp_per_floor":[70,70,70,68,68,68,59,59,59,59,53,53,53,53,53,47,70,64,64,64,64,61,61,49,49,49,49,33,33,33,36,36,49,49,23,23,23,23,15,15,15,15,15,15,12,0],"gold":401,"neow_bonus":"THREE_ENEMY_KILL","is_prod":false,"is_daily":false,"chose_seed":false,"campfire_upgraded":7,"win_rate":0,"timestamp":1547539129,"path_taken":["M","?","?","M","$","R","M","R","T","M","E","$","M","M","R","BOSS","M","?","$","M","?","R","M","R","T","?","?","?","R","M","R","BOSS","M","?","?","M","?","R","M","R","T","?","M","E"],"build_version":"2019-01-10","purchased_purges":2,"victory":false,"max_hp_per_floor":[70,70,70,70,70,70,70,70,70,70,70,70,70,70,70,70,70,70,70,70,70,70,70,70,70,70,49,49,49,49,49,49,49,49,49,49,49,49,49,49,49,49,49,43,43,43],"card_choices":[{"not_picked":["Dagger Spray","Skewer"],"picked":"Backflip","floor":1},{"not_picked":["Dagger Throw","Masterful Stab"],"picked":"Bane","floor":2},{"not_picked":["Endless Agony","Heel Hook"],"picked":"Footwork","floor":3},{"not_picked":["PiercingWail","Prepared","Calculated Gamble"],"picked":"SKIP","floor":4},{"not_picked":["Acrobatics","Underhanded Strike","Slice"],"picked":"SKIP","floor":7},{"not_picked":["PiercingWail","Underhanded Strike"],"picked":"Footwork","floor":10},{"not_picked":["Flying Knee","Doppelganger","A Thousand Cuts"],"picked":"SKIP","floor":11},{"not_picked":["Footwork","Crippling Poison"],"picked":"Blade Dance","floor":13},{"not_picked":["Backflip","Crippling Poison"],"picked":"Finisher","floor":14},{"not_picked":["Die Die Die","Malaise"],"picked":"Phantasmal Killer","floor":16},{"not_picked":["Quick Slash","Underhanded Strike+1"],"picked":"Caltrops","floor":18},{"not_picked":["Poisoned Stab","Phantasmal Killer"],"picked":"Leg Sweep+1","floor":21},{"not_picked":["Acrobatics","Dash","Predator"],"picked":"SKIP","floor":22},{"not_picked":["Bane","Masterful Stab"],"picked":"Well Laid Plans","floor":24},{"not_picked":["Underhanded Strike","Dash","Flying Knee"],"picked":"SKIP","floor":31},{"not_picked":["Unload","Phantasmal Killer"],"picked":"Storm of Steel","floor":33},{"not_picked":["Cloak And Dagger","Dagger Spray+1"],"picked":"Dagger Throw+1","floor":35},{"not_picked":["Eviscerate+1","Acrobatics"],"picked":"Cloak And Dagger+1","floor":38},{"not_picked":["Bullet Time","Dagger Spray+1","Dodge and Roll"],"picked":"SKIP","floor":39},{"not_picked":["Outmaneuver","Deflect"],"picked":"Finisher+1","floor":41},{"not_picked":["Masterful Stab","Escape Plan+1"],"picked":"Deadly Poison","floor":45}],"player_experience":215896,"relics_obtained":[{"floor":9,"key":"Oddly Smooth Stone"},{"floor":11,"key":"Bronze Scales"},{"floor":26,"key":"Bird Faced Urn"},{"floor":28,"key":"Enchiridion"},{"floor":43,"key":"Darkstone Periapt"}],"event_choices":[{"damage_healed":0,"gold_gain":0,"player_choice":"Got Potions","damage_taken":0,"max_hp_gain":0,"max_hp_loss":0,"event_name":"Lab","floor":19,"gold_loss":0},{"damage_healed":0,"gold_gain":0,"player_choice":"Became a vampire","damage_taken":0,"max_hp_gain":0,"max_hp_loss":21,"event_name":"Vampires","floor":27,"gold_loss":0,"cards_obtained":["Bite","Bite","Bite","Bite","Bite"]},{"damage_healed":0,"gold_gain":0,"player_choice":"Obtained Book","damage_taken":16,"max_hp_gain":0,"max_hp_loss":0,"event_name":"Cursed Tome","floor":28,"gold_loss":0},{"damage_healed":0,"gold_gain":0,"player_choice":"Inject Mutagens","damage_taken":0,"relics_obtained":["MutagenicStrength"],"max_hp_gain":0,"max_hp_loss":0,"event_name":"Drug Dealer","floor":29,"gold_loss":0},{"damage_healed":0,"gold_gain":0,"player_choice":"Upgrade","damage_taken":0,"relics_obtained":["Mark of the Bloom"],"max_hp_gain":0,"max_hp_loss":0,"event_name":"MindBloom","floor":36,"gold_loss":0,"cards_upgraded":["Defend_G","Defend_G","Defend_G","Defend_G","Defend_G","Survivor","Neutralize","Backflip","Bane","Dagger Spray","Finisher","Infinite Blades","Bite","Bite","Bite","Bite","Bite","Storm of Steel"]},{"damage_healed":0,"gold_gain":100,"player_choice":"Pray","damage_taken":0,"max_hp_gain":0,"max_hp_loss":0,"event_name":"Golden Shrine","floor":37,"gold_loss":0},{"damage_healed":43,"gold_gain":0,"player_choice":"Heal","damage_taken":0,"max_hp_gain":0,"max_hp_loss":6,"event_name":"The Moai Head","floor":44,"gold_loss":0}],"is_beta":false,"boss_relics":[{"not_picked":["Ectoplasm","Lizard Tail"],"picked":"Philosopher\u0027s Stone"},{"not_picked":["Eternal Feather","HoveringKite"],"picked":"Black Star"}],"items_purged_floors":[12,20],"is_endless":false,"potions_floor_spawned":[2,4,7,10,16,21,22,24,31,33,35,38,41],"killed_by":"Nemesis","ascension_level":1}