{"gold_per_floor":[114,114,39,50,69,69,84,84,84,84,84,84,97,108,108,207,207,224,72,72,72,86,86,103,114,163,163,163,163,163,63,63,161,161,179,279,291,166,166,166,177,190,190,210,226,226,226,246,246,246],"floor_reached":51,"playtime":3150,"items_purged":["Strike_R","Strike_R","Defend_R"],"score":762,"play_id":"cf55ee09-5f84-4dde-ae7f-46dfe900d18f","local_time":"20190129013018","is_ascension_mode":true,"campfire_choices":[{"data":"Clothesline","floor":6,"key":"SMITH"},{"data":"Bash","floor":8,"key":"SMITH"},{"data":"Shrug It Off","floor":12,"key":"SMITH"},{"data":"Cleave","floor":15,"key":"SMITH"},{"data":"Demon Form","floor":23,"key":"SMITH"},{"floor":27,"key":"REST"},{"data":"True Grit","floor":30,"key":"SMITH"},{"data":"Heavy Blade","floor":32,"key":"SMITH"},{"data":"Heavy Blade","floor":40,"key":"SMITH"},{"data":"Double Tap","floor":47,"key":"SMITH"},{"floor":49,"key":"REST"}],"neow_cost":"NONE","seed_source_timestamp":440644625031839,"circlet_count":0,"master_deck":["Strike_R","Defend_R","Defend_R","Bash+1","Shrug It Off+1","Cleave+1","Clothesline+1","Heavy Blade+1","Demon Form+1","Heavy Blade+1","Reaper","True Grit+1","Pommel Strike+1","Decay","Double Tap+1"],"relics":["Black Blood","Charon\u0027s Ashes","Mark of Pain","Anchor","MutagenicStrength","Pocketwatch","Singing Bowl","Red Skull"],"potions_floor_usage":[24,25,25],"damage_taken":[{"damage":0,"enemies":"Small Slimes","floor":1,"turns":3},{"damage":6,"enemies":"Cultist","floor":4,"turns":3},{"damage":4,"enemies":"Jaw Worm","floor":5,"turns":3},{"damage":6,"enemies":"Looter","floor":7,"turns":3},{"damage":6,"enemies":"Blue Slaver","floor":13,"turns":3},{"damage":16,"enemies":"Red Slaver","floor":14,"turns":5},{"damage":36,"enemies":"The Guardian","floor":16,"turns":12},{"damage":22,"enemies":"2 Thieves","floor":18,"turns":4},{"damage":23,"enemies":"Chosen","floor":22,"turns":5},{"damage":36,"enemies":"Shelled Parasite and Fungi","floor":24,"turns":6},{"damage":26,"enemies":"Cultist and Chosen","floor":25,"turns":5},{"damage":27,"enemies":"Champ","floor":33,"turns":8},{"damage":28,"enemies":"3 Shapes","floor":35,"turns":4},{"damage":22,"enemies":"Mind Bloom Boss Battle","floor":36,"turns":6},{"damage":42,"enemies":"3 Darklings","floor":37,"turns":9},{"damage":28,"enemies":"Jaw Worm Horde","floor":41,"turns":4},{"damage":35,"enemies":"Sphere and 2 Shapes","floor":42,"turns":4},{"damage":34,"enemies":"Maw","floor":44,"turns":6},{"damage":12,"enemies":"Spire Growth","floor":45,"turns":4},{"damage":35,"enemies":"Writhing Mass","floor":48,"turns":4},{"damage":74,"enemies":"Time Eater","floor":50,"turns":7}],"seed_played":"6897585956233660827","potions_obtained":[{"floor":4,"key":"Energy Potion"},{"floor":7,"key":"GamblersBrew"},{"floor":14,"key":"Regen Potion"},{"floor":16,"key":"SpeedPotion"},{"floor":24,"key":"Block Potion"},{"floor":25,"key":"Explosive Potion"},{"floor":33,"key":"Swift Potion"},{"floor":41,"key":"Fire Potion"}],"is_trial":false,"path_per_floor":["M","?","$","M","M","R","M","R","T","?","?","R","M","M","R","B",null,"M","$","?","$","M","R","M","M","T","R","?","?","R","$","R","B",null,"M","?","M","$","?","R","M","M","T","M","M","?","R","M","R","B",null],"character_chosen":"IRONCLAD","items_purchased":["Reaper"],"campfire_rested":2,"item_purchase_floors":[19],"current_hp_per_floor":[80,80,80,80,80,80,80,80,80,80,80,80,80,70,70,40,80,64,64,64,64,47,47,32,29,29,53,53,53,53,53,53,50,80,62,70,48,48,48,48,68,55,55,33,43,43,43,36,63,23],"gold":246,"neow_bonus":"RANDOM_COLORLESS","is_prod":false,"is_daily":false,"chose_seed":false,"campfire_upgraded":9,"win_rate":0,"timestamp":1548747018,"path_taken":["M","?","?","?","M","R","M","R","T","?","?","R","M","?","R","BOSS","M","$","?","?","M","R","M","M","T","R","?","?","R","$","R","BOSS","M","?","M","$","?","R","M","M","T","M","?","?","R","M","R","BOSS"],"build_version":"2019-01-23","purchased_purges":3,"victory":true,"max_hp_per_floor":[80,80,80,80,80,80,80,80,80,80,80,80,80,80,80,80,80,80,80,80,80,80,80,80,80,80,80,80,80,80,80,80,80,80,80,80,80,80,80,80,82,84,84,86,88,88,88,90,90,90],"card_choices":[{"not_picked":["Sword Boomerang","Anger"],"picked":"Shrug It Off","floor":1},{"not_picked":["Thunderclap","Sword Boomerang"],"picked":"Cleave","floor":4},{"not_picked":["Reckless Charge","Twin Strike"],"picked":"Clothesline","floor":5},{"not_picked":["Flex","Fire Breathing","Spot Weakness"],"picked":"SKIP","floor":7},{"not_picked":["Flex","Fire Breathing","Spot Weakness"],"picked":"SKIP","floor":7},{"not_picked":["Headbutt","Flex","Clothesline"],"picked":"SKIP","floor":13},{"not_picked":["Iron Wave","Warcry"],"picked":"Heavy Blade","floor":14},{"not_picked":["Impervious","Reaper"],"picked":"Demon Form","floor":16},{"not_picked":["Clothesline","Headbutt+1"],"picked":"Heavy Blade","floor":18},{"not_picked":["Carnage","Warcry"],"picked":"True Grit","floor":22},{"not_picked":["Heavy Blade+1","Perfected Strike"],"picked":"Pommel Strike+1","floor":24},{"not_picked":["Dropkick","Headbutt","Second Wind+1"],"picked":"SKIP","floor":25},{"not_picked":["Fiend Fire","Brutality"],"picked":"Double Tap","floor":33},{"not_picked":["Entrench","Pummel","Whirlwind"],"picked":"SKIP","floor":35},{"not_picked":["Pommel Strike","Dropkick","Havoc+1"],"picked":"SKIP","floor":37},{"not_picked":["Wild Strike","Anger+1","Flex"],"picked":"Singing Bowl","floor":41},{"not_picked":["Body Slam+1","Hemokinesis+1","Dropkick"],"picked":"Singing Bowl","floor":42},{"not_picked":["Perfected Strike+1","Armaments","Iron Wave"],"picked":"Singing Bowl","floor":44},{"not_picked":["Clothesline+1","Whirlwind","True Grit"],"picked":"Singing Bowl","floor":45},{"not_picked":["Pommel Strike","Heavy Blade","Anger"],"picked":"Singing Bowl","floor":48}],"player_experience":277653,"relics_obtained":[{"floor":9,"key":"Charon\u0027s Ashes"},{"floor":26,"key":"Anchor"},{"floor":36,"key":"Pocketwatch"},{"floor":43,"key":"Red Skull"}],"event_choices":[{"cards_removed":["Impatience"],"damage_healed":0,"gold_gain":0,"player_choice":"Offered Uncommon","damage_taken":0,"max_hp_gain":0,"max_hp_loss":0,"event_name":"Bonfire Elementals","floor":2,"gold_loss":0},{"cards_removed":["Strike_R"],"damage_healed":0,"gold_gain":0,"player_choice":"Forget","damage_taken":0,"max_hp_gain":0,"max_hp_loss":0,"event_name":"Living Wall","floor":10,"gold_loss":0},{"cards_removed":["Defend_R"],"damage_healed":0,"gold_gain":0,"player_choice":"Purged","damage_taken":0,"max_hp_gain":0,"max_hp_loss":0,"event_name":"Purifier","floor":11,"gold_loss":0},{"cards_removed":["Strike_R"],"damage_healed":0,"gold_gain":0,"player_choice":"Purged","damage_taken":0,"max_hp_gain":0,"max_hp_loss":0,"event_name":"Purifier","floor":20,"gold_loss":0},{"damage_healed":0,"gold_gain":0,"player_choice":"Inject Mutagens","damage_taken":0,"relics_obtained":["MutagenicStrength"],"max_hp_gain":0,"max_hp_loss":0,"event_name":"Drug Dealer","floor":28,"gold_loss":0},{"damage_healed":0,"gold_gain":0,"player_choice":"Smashed Altar","damage_taken":0,"max_hp_gain":0,"max_hp_loss":0,"event_name":"Forgotten Altar","floor":29,"gold_loss":0,"cards_obtained":["Decay"]},{"damage_healed":0,"gold_gain":0,"player_choice":"Fight","damage_taken":0,"max_hp_gain":0,"max_hp_loss":0,"event_name":"MindBloom","floor":36,"gold_loss":0},{"damage_healed":0,"gold_gain":0,"player_choice":"Gave Potion","damage_taken":0,"relics_obtained":["Singing Bowl"],"max_hp_gain":0,"max_hp_loss":0,"event_name":"WeMeetAgain","floor":39,"gold_loss":0},{"damage_healed":0,"gold_gain":0,"player_choice":"Ignored","damage_taken":0,"max_hp_gain":0,"max_hp_loss":0,"event_name":"Tomb of Lord Red Mask","floor":46,"gold_loss":0}],"is_beta":false,"boss_relics":[{"not_picked":["Runic Cube","Runic Pyramid"],"picked":"Mark of Pain"},{"not_picked":["Lizard Tail","Calling Bell"],"picked":"Black Blood"}],"items_purged_floors":[3,31,38],"is_endless":false,"potions_floor_spawned":[4,7,14,16,24,25,33,35,41,45,48],"ascension_level":4}