{"gold_per_floor":[113,113,113,137,62,62,62,83,83,83,119,140,140,140,140,270,270,294,93,113,138,163,198,198,223,223,173,173,73,96,96,96,194,244,254,254,254,354,160,160,191,191],"floor_reached":42,"playtime":2013,"items_purged":["Strike_R","Strike_R","Strike_R"],"score":597,"play_id":"bf71abcc-43d4-415c-bca2-744d240e0003","local_time":"20190328010734","is_ascension_mode":true,"campfire_choices":[{"data":"Cleave","floor":6,"key":"SMITH"},{"data":"Cleave","floor":10,"key":"SMITH"},{"data":"Shrug It Off","floor":13,"key":"SMITH"},{"data":"Shockwave","floor":15,"key":"SMITH"},{"floor":24,"key":"REST"},{"data":"Demon Form","floor":28,"key":"SMITH"},{"data":"Pommel Strike","floor":32,"key":"SMITH"},{"data":"Limit Break","floor":40,"key":"SMITH"}],"neow_cost":"NONE","seed_source_timestamp":1214308403482112,"circlet_count":0,"master_deck":["Strike_R","Strike_R+1","Defend_R","Defend_R","Defend_R","Defend_R","Bash","Uppercut+1","Cleave+1","Cleave+1","Shockwave+1","Shrug It Off+1","Demon Form+1","Shrug It Off+1","Heavy Blade","Infernal Blade+1","Twin Strike+1","Pommel Strike+1","Limit Break+1","True Grit+1","Spot Weakness","Pommel Strike+1"],"relics":["Burning Blood","Orichalcum","Bloody Idol","Bottled Flame","Anchor","Bronze Scales","Letter Opener","Philosopher\u0027s Stone","DollysMirror","Bag of Preparation","Sundial","Tiny House","Torii","PreservedInsect"],"potions_floor_usage":[30,38,41,41,42],"damage_taken":[{"damage":7,"enemies":"2 Louse","floor":1,"turns":3},{"damage":6,"enemies":"Jaw Worm","floor":4,"turns":2},{"damage":0,"enemies":"Cultist","floor":8,"turns":3},{"damage":18,"enemies":"Lagavulin","floor":11,"turns":5},{"damage":0,"enemies":"2 Fungi Beasts","floor":12,"turns":2},{"damage":2,"enemies":"Hexaghost","floor":16,"turns":9},{"damage":7,"enemies":"3 Byrds","floor":18,"turns":4},{"damage":6,"enemies":"Shell Parasite","floor":20,"turns":4},{"damage":12,"enemies":"Snake Plant","floor":21,"turns":4},{"damage":17,"enemies":"Chosen and Byrds","floor":22,"turns":5},{"damage":35,"enemies":"Gremlin Leader","floor":23,"turns":5},{"damage":19,"enemies":"Shelled Parasite and Fungi","floor":25,"turns":5},{"damage":0,"enemies":"Snecko","floor":30,"turns":3},{"damage":37,"enemies":"Collector","floor":33,"turns":6},{"damage":8,"enemies":"3 Shapes","floor":35,"turns":3},{"damage":30,"enemies":"Mind Bloom Boss Battle","floor":38,"turns":4},{"damage":25,"enemies":"Reptomancer","floor":41,"turns":7},{"damage":44,"enemies":"2 Orb Walkers","floor":42,"turns":4}],"seed_played":"-7435628564719819557","potions_obtained":[{"floor":11,"key":"BloodPotion"},{"floor":16,"key":"Poison Potion"},{"floor":20,"key":"Swift Potion"},{"floor":33,"key":"Weak Potion"},{"floor":34,"key":"Energy Potion"},{"floor":38,"key":"Poison Potion"}],"is_trial":false,"path_per_floor":["M","?","?","M","$","R","T","M","T","R","E","M","R","?","R","B",null,"M","$","M","M","M","E","R","M","T","$","R","$","M","?","R","B",null,"M","?","?","?","$","R","E","?"],"character_chosen":"IRONCLAD","items_purchased":["DollysMirror","Pommel Strike","Spot Weakness"],"campfire_rested":1,"item_purchase_floors":[19,27,39],"current_hp_per_floor":[71,71,51,51,51,51,51,57,57,57,45,51,51,51,51,55,74,73,73,73,67,56,27,51,38,38,38,38,38,44,44,44,18,71,74,74,74,55,55,55,41,0],"gold":191,"neow_bonus":"RANDOM_COMMON_RELIC","is_prod":false,"is_daily":false,"chose_seed":false,"campfire_upgraded":7,"win_rate":0,"timestamp":1553753254,"path_taken":["M","?","?","M","$","R","?","?","T","R","E","M","R","?","R","BOSS","M","$","M","M","M","E","R","M","T","$","R","?","M","?","R","BOSS","M","?","?","?","?","R","E","?"],"build_version":"2019-01-23","purchased_purges":3,"victory":false,"max_hp_per_floor":[80,80,80,80,80,80,80,80,80,80,80,80,80,80,80,80,80,80,80,80,80,80,80,80,80,80,80,80,80,80,80,80,80,85,85,85,81,81,81,81,81,81],"card_choices":[{"not_picked":["True Grit","Feel No Pain"],"picked":"Uppercut","floor":1},{"not_picked":["Infernal Blade","Clothesline"],"picked":"Cleave","floor":4},{"not_picked":["Twin Strike","Warcry"],"picked":"Cleave","floor":8},{"not_picked":["Intimidate","Whirlwind"],"picked":"Shockwave","floor":11},{"not_picked":["Iron Wave","Dropkick"],"picked":"Shrug It Off","floor":12},{"not_picked":["Reaper","Fiend Fire"],"picked":"Demon Form","floor":16},{"not_picked":["Warcry","Hemokinesis","Thunderclap"],"picked":"SKIP","floor":18},{"not_picked":["Iron Wave","Clash"],"picked":"Heavy Blade","floor":20},{"not_picked":["Power Through","Whirlwind","Clash"],"picked":"SKIP","floor":21},{"not_picked":["Intimidate","Power Through","Clash"],"picked":"SKIP","floor":22},{"not_picked":["Dark Embrace","Wild Strike"],"picked":"Infernal Blade+1","floor":23},{"not_picked":["Havoc","Headbutt"],"picked":"Twin Strike+1","floor":25},{"not_picked":["Perfected Strike","Iron Wave","Thunderclap+1"],"picked":"SKIP","floor":30},{"not_picked":["Feed","Double Tap"],"picked":"Limit Break","floor":33},{"not_picked":["Bloodletting+1","Thunderclap","True Grit"],"picked":"SKIP","floor":35},{"not_picked":["Warcry","Clash"],"picked":"True Grit+1","floor":38},{"not_picked":["Fire Breathing+1","Armaments"],"picked":"Pommel Strike+1","floor":41}],"player_experience":429397,"relics_obtained":[{"floor":7,"key":"Bottled Flame"},{"floor":9,"key":"Anchor"},{"floor":11,"key":"Bronze Scales"},{"floor":23,"key":"Bag of Preparation"},{"floor":26,"key":"Sundial"},{"floor":38,"key":"Torii"},{"floor":41,"key":"PreservedInsect"}],"event_choices":[{"damage_healed":0,"gold_gain":0,"player_choice":"Grow","damage_taken":0,"max_hp_gain":0,"max_hp_loss":0,"event_name":"Living Wall","floor":2,"gold_loss":0,"cards_upgraded":["Uppercut"]},{"damage_healed":0,"gold_gain":0,"player_choice":"Take Damage","damage_taken":20,"relics_obtained":["Golden Idol"],"max_hp_gain":0,"max_hp_loss":0,"event_name":"Golden Idol","floor":3,"gold_loss":0},{"damage_healed":0,"gold_gain":0,"player_choice":"Gave Potion","damage_taken":0,"relics_obtained":["Letter Opener"],"max_hp_gain":0,"max_hp_loss":0,"event_name":"WeMeetAgain","floor":14,"gold_loss":0},{"damage_healed":0,"gold_gain":0,"player_choice":"Gave Idol","damage_taken":0,"relics_obtained":["Bloody Idol"],"max_hp_gain":0,"max_hp_loss":0,"event_name":"Forgotten Altar","floor":31,"relics_lost":["Golden Idol"],"gold_loss":0},{"damage_healed":0,"gold_gain":0,"player_choice":"Ignored","damage_taken":0,"max_hp_gain":0,"max_hp_loss":0,"event_name":"Tomb of Lord Red Mask","floor":36,"gold_loss":0},{"damage_healed":0,"gold_gain":0,"player_choice":"Max HP","damage_taken":0,"max_hp_gain":0,"max_hp_loss":4,"event_name":"Winding Halls","floor":37,"gold_loss":0},{"damage_healed":0,"gold_gain":0,"player_choice":"Fight","damage_taken":0,"max_hp_gain":0,"max_hp_loss":0,"event_name":"MindBloom","floor":38,"gold_loss":0},{"damage_healed":0,"gold_gain":0,"player_choice":"Fight","damage_taken":0,"max_hp_gain":0,"max_hp_loss":0,"event_name":"Mysterious Sphere","floor":42,"gold_loss":0}],"is_beta":false,"boss_relics":[{"not_picked":["Empty Cage","Fusion Hammer"],"picked":"Philosopher\u0027s Stone"},{"not_picked":["Lizard Tail","Pandora\u0027s Box"],"picked":"Tiny House"}],"items_purged_floors":[5,29,39],"is_endless":false,"potions_floor_spawned":[11,16,20,33,35,38],"killed_by":"2 Orb Walkers","ascension_level":7}