{"gold_per_floor":[360,373,323,323,323,323,334,350,377,377,389,424,90,102,102,207,207,225,225,140,140,40,40,59,86,113,113,129,39,56,67,67,67],"floor_reached":33,"playtime":2691,"items_purged":["Strike_G","Strike_G"],"score":267,"play_id":"9f1e1fb7-892e-4347-bf0d-97f24a199471","local_time":"20190429232756","is_ascension_mode":false,"campfire_choices":[{"data":"Noxious Fumes","floor":6,"key":"SMITH"},{"data":"Bane","floor":10,"key":"SMITH"},{"floor":15,"key":"REST"},{"data":"Envenom","floor":23,"key":"SMITH"},{"floor":27,"key":"REST"},{"floor":32,"key":"REST"}],"neow_cost":"BASIC_CARDS","seed_source_timestamp":7320680958800,"circlet_count":0,"master_deck":["Defend_G","Defend_G+1","Defend_G","Defend_G","Defend_G","Survivor","Neutralize","Survivor","ZombieSpit","Deadly Poison","Noxious Fumes+1","Flechettes+1","Bane+1","Cloak And Dagger","Deadly Poison","Envenom+1","Poisoned Stab+1","Poisoned Stab"],"relics":["Ring of the Snake","Bag of Marbles","Pen Nib","TwistedFunnel","Eternal Feather","Potion Belt","Ginger","PreservedInsect"],"potions_floor_usage":[24],"damage_taken":[{"damage":1,"enemies":"Jaw Worm","floor":1,"turns":4},{"damage":6,"enemies":"2 Louse","floor":2,"turns":3},{"damage":0,"enemies":"Cultist","floor":7,"turns":4},{"damage":4,"enemies":"2 Fungi Beasts","floor":8,"turns":3},{"damage":6,"enemies":"Exordium Wildlife","floor":11,"turns":3},{"damage":17,"enemies":"Gremlin Nob","floor":12,"turns":4},{"damage":0,"enemies":"Large Slime","floor":14,"turns":2},{"damage":20,"enemies":"Hexaghost","floor":16,"turns":7},{"damage":6,"enemies":"Shell Parasite","floor":18,"turns":4},{"damage":10,"enemies":"Chosen","floor":24,"turns":3},{"damage":41,"enemies":"Book of Stabbing","floor":25,"turns":5},{"damage":16,"enemies":"Shelled Parasite and Fungi","floor":28,"turns":3},{"damage":19,"enemies":"Sentry and Sphere","floor":30,"turns":4},{"damage":4,"enemies":"Snecko","floor":31,"turns":4},{"damage":48,"enemies":"Automaton","floor":33,"turns":6}],"seed_played":"-2934763508140464272","potions_obtained":[{"floor":11,"key":"FearPotion"},{"floor":16,"key":"LiquidBronze"},{"floor":28,"key":"Doom Potion"}],"is_trial":false,"path_per_floor":["M","M","?","?","?","R","M","M","T","R","M","E","$","M","R","B",null,"M","?","?","?","$","R","M","E","T","R","M","?","M","M","R","B"],"character_chosen":"THE_SILENT","items_purchased":["TwistedFunnel","Deadly Poison"],"campfire_rested":3,"item_purchase_floors":[13,13],"current_hp_per_floor":[69,63,63,63,63,63,63,59,59,59,53,36,36,36,57,37,70,64,64,64,64,64,70,60,19,19,49,33,33,14,10,40,0],"gold":67,"neow_bonus":"TWO_FIFTY_GOLD","is_prod":false,"is_daily":false,"chose_seed":false,"campfire_upgraded":3,"win_rate":0.0,"timestamp":1556537276,"path_taken":["M","M","?","?","?","R","M","M","T","R","?","E","$","M","R","BOSS","M","?","?","?","$","R","M","E","T","R","M","?","M","?","R","BOSS"],"build_version":"2019-01-23","purchased_purges":2,"victory":false,"max_hp_per_floor":[70,70,70,70,70,70,70,70,70,70,70,70,70,70,70,70,70,70,70,70,70,70,70,70,70,70,70,70,70,70,70,70,70],"card_choices":[{"not_picked":["PiercingWail","Noxious Fumes"],"picked":"Deadly Poison","floor":1},{"not_picked":["Blade Dance","Dagger Throw"],"picked":"Noxious Fumes","floor":2},{"not_picked":["Infinite Blades","ReplayTheSpireMod:Exploit Weakness"],"picked":"Bane","floor":7},{"not_picked":["Blade Dance","Sucker Punch","Reflex"],"picked":"SKIP","floor":8},{"not_picked":["ReplayTheSpireMod:Tripwire","Expertise","Quick Slash"],"picked":"SKIP","floor":11},{"not_picked":["Escape Plan","Eviscerate"],"picked":"Cloak And Dagger","floor":12},{"not_picked":["Dagger Throw","Backflip","Prepared"],"picked":"SKIP","floor":14},{"not_picked":["Glass Knife","Adrenaline"],"picked":"Envenom","floor":16},{"not_picked":["Cloak And Dagger","ReplayTheSpireMod:Shiv Toss","Quick Slash"],"picked":"SKIP","floor":18},{"not_picked":["ReplayTheSpireMod:The Works","PiercingWail"],"picked":"Poisoned Stab+1","floor":24},{"not_picked":["Sucker Punch","Heel Hook","Dagger Spray"],"picked":"SKIP","floor":25},{"not_picked":["PiercingWail","Backflip+1","Underhanded Strike"],"picked":"SKIP","floor":28},{"not_picked":["Sucker Punch+1","Blur+1"],"picked":"Poisoned Stab","floor":30},{"not_picked":["Bane+1","Accuracy+1","Escape Plan"],"picked":"SKIP","floor":31}],"player_experience":110184,"relics_obtained":[{"floor":9,"key":"Bag of Marbles"},{"floor":12,"key":"Pen Nib"},{"floor":25,"key":"Ginger"},{"floor":26,"key":"PreservedInsect"}],"event_choices":[{"cards_removed":["Strike_G"],"damage_healed":0,"gold_gain":0,"player_choice":"Card Removal","damage_taken":0,"max_hp_gain":0,"max_hp_loss":0,"event_name":"The Cleric","floor":3,"gold_loss":50},{"damage_healed":0,"gold_gain":0,"player_choice":"Bought 0 Potions","damage_taken":0,"max_hp_gain":0,"max_hp_loss":0,"event_name":"The Woman in Blue","floor":5,"gold_loss":0},{"damage_healed":0,"gold_gain":0,"player_choice":"Ignored","damage_taken":0,"max_hp_gain":0,"max_hp_loss":0,"event_name":"Vampires","floor":19,"gold_loss":0},{"damage_healed":0,"gold_gain":0,"player_choice":"Obtained Relic","damage_taken":0,"relics_obtained":["Potion Belt"],"max_hp_gain":0,"max_hp_loss":0,"event_name":"Addict","floor":20,"gold_loss":85},{"damage_healed":0,"gold_gain":0,"player_choice":"Ignored","damage_taken":0,"max_hp_gain":0,"max_hp_loss":0,"event_name":"The Mausoleum","floor":21,"gold_loss":0},{"cards_removed":["Strike_G"],"damage_healed":0,"gold_gain":0,"player_choice":"Upgrade and Remove","damage_taken":0,"max_hp_gain":0,"max_hp_loss":0,"event_name":"Designer","floor":29,"gold_loss":90,"cards_upgraded":["Defend_G"]}],"is_beta":false,"boss_relics":[{"not_picked":["Runesmith:UraniumAnvil","Fusion Hammer"],"picked":"Eternal Feather"}],"items_purged_floors":[13,22],"is_endless":false,"potions_floor_spawned":[11,16,28],"killed_by":"Automaton","ascension_level":0}