{"gold_per_floor":[118,293,293,313,326,326,339,339,339,339,339,357,380,403,403,529,529,544,544,560,560,584,584,291,291,291,153,169,169,202,327,327,455,455,474,312,312,18,18,41,41,41,41,56,56,56,91,110,110,110],"floor_reached":51,"playtime":1385,"items_purged":["Pain","Regret","Doubt"],"score":710,"play_id":"956a4cca-1bbc-4972-a5b5-50d3d53d38c1","local_time":"20190426101621","is_ascension_mode":false,"campfire_choices":[{"data":"Inflame","floor":6.0,"key":"SMITH"},{"data":"Bash","floor":10.0,"key":"SMITH"},{"data":"Disarm","floor":15.0,"key":"SMITH"},{"data":"Uppercut","floor":23.0,"key":"SMITH"},{"data":"Whirlwind","floor":25.0,"key":"SMITH"},{"data":"Heavy Blade","floor":29.0,"key":"SMITH"},{"floor":32.0,"key":"REST"},{"floor":41,"key":"REST"},{"data":"Doubt","floor":46,"key":"PURGE"},{"floor":49,"key":"DIG"}],"neow_cost":"NONE","seed_source_timestamp":19182244652887,"circlet_count":0,"master_deck":["Strike_R","Strike_R","Strike_R","Strike_R","Strike_R","Defend_R","Defend_R","Defend_R","Defend_R","Bash+1","Disarm+1","Twin Strike","Inflame+1","Flex","Anger","Metallicize","Immolate","Heavy Blade+1","Uppercut+1","Twin Strike+1","Whirlwind+1","Inflame","Flex+1","Reaper","Clothesline","Inflame","Shrug It Off+1"],"special_seed":0,"relics":["Velvet Choker","Champion Belt","Golden Idol","Thread and Needle","Vajra","Runic Dome","WarpedTongs","Happy Flower","Shuriken","PreservedInsect","Shovel","Ornamental Fan","Busted Crown","Peace Pipe","Self Forming Clay","Paper Frog","Anchor"],"potions_floor_usage":[50],"damage_taken":[{"damage":2.0,"enemies":"2 Louse","floor":1.0,"turns":4.0},{"damage":6.0,"enemies":"Jaw Worm","floor":4.0,"turns":6.0},{"damage":4.0,"enemies":"Small Slimes","floor":5.0,"turns":4.0},{"damage":1.0,"enemies":"Looter","floor":7.0,"turns":3.0},{"damage":4.0,"enemies":"Large Slime","floor":12.0,"turns":4.0},{"damage":4.0,"enemies":"Gremlin Gang","floor":13.0,"turns":3.0},{"damage":13.0,"enemies":"Exordium Thugs","floor":14.0,"turns":5.0},{"damage":14.0,"enemies":"Hexaghost","floor":16.0,"turns":7.0},{"damage":12.0,"enemies":"Spheric Guardian","floor":18.0,"turns":4.0},{"damage":5.0,"enemies":"Shell Parasite","floor":20.0,"turns":3.0},{"damage":15.0,"enemies":"Centurion and Healer","floor":22.0,"turns":3.0},{"damage":1.0,"enemies":"Shelled Parasite and Fungi","floor":28.0,"turns":3.0},{"damage":16.0,"enemies":"Slavers","floor":30.0,"turns":3.0},{"damage":0.0,"enemies":"Colosseum Slavers","floor":31.0,"turns":3.0},{"damage":4.0,"enemies":"Colosseum Nobs","floor":31.0,"turns":5.0},{"damage":49,"enemies":"Automaton","floor":33,"turns":8},{"damage":33,"enemies":"3 Darklings","floor":35,"turns":4},{"damage":6,"enemies":"3 Shapes","floor":40,"turns":2},{"damage":9,"enemies":"3 Darklings","floor":44,"turns":3},{"damage":2,"enemies":"Giant Head","floor":47,"turns":4},{"damage":23,"enemies":"4 Shapes","floor":48,"turns":5},{"damage":1,"enemies":"Time Eater","floor":50,"turns":6}],"seed_played":"2893115866831388226","potions_obtained":[{"floor":1.0,"key":"PowerPotion"},{"floor":4.0,"key":"Regen Potion"},{"floor":7.0,"key":"Ancient Potion"},{"floor":13.0,"key":"FairyPotion"},{"floor":18.0,"key":"Poison Potion"},{"floor":20.0,"key":"SteroidPotion"},{"floor":21.0,"key":"Swift Potion"},{"floor":30.0,"key":"SpeedPotion"},{"floor":33,"key":"Energy Potion"},{"floor":48,"key":"EssenceOfSteel"}],"is_trial":false,"path_per_floor":["M","?","?","M","M","R","M","?","T","R","T","M","M","M","R","B",null,"M","?","M","?","M","R","$","R","T","$","M","R","E","?","R","B",null,"M","$","?","$","$","M","R","?","T","M","?","R","E","M","R","B",null],"character_chosen":"IRONCLAD","items_purchased":["Whirlwind","Happy Flower","Inflame","Inflame","Peace Pipe"],"campfire_rested":2,"item_purchase_floors":[24,24,27,36,38],"current_hp_per_floor":[78,78,78,72,68,68,67,67,67,67,67,63,59,46,46,47,74,62,62,57,57,42,42,42,42,42,42,41,41,25,49,71,35,74,41,41,41,41,41,35,57,74,74,74,70,70,68,58,58,57],"gold":110,"neow_bonus":"BOSS_RELIC","is_prod":false,"is_daily":false,"chose_seed":false,"campfire_upgraded":6,"win_rate":0,"timestamp":1556295381,"path_taken":["M","?","?","M","M","R","M","?","T","R","?","M","M","M","R","BOSS","M","?","?","?","?","R","$","R","T","$","M","R","E","?","R","BOSS","M","$","?","?","$","M","R","?","T","?","?","R","E","M","R","BOSS"],"build_version":"2019-01-23","purchased_purges":3,"victory":true,"max_hp_per_floor":[80,80,80,80,80,80,80,74,74,74,74,74,74,74,74,74,74,74,74,74,74,74,74,74,74,74,74,74,74,74,74,74,74,74,74,74,74,74,74,74,74,74,74,74,70,70,70,70,70,70],"card_choices":[{"not_picked":["Wild Strike","Clothesline"],"picked":"Disarm","floor":1.0},{"not_picked":["Thunderclap","True Grit"],"picked":"Twin Strike","floor":4.0},{"not_picked":["Pommel Strike","Shrug It Off"],"picked":"Inflame","floor":5.0},{"not_picked":["Iron Wave","Intimidate"],"picked":"Flex","floor":7.0},{"not_picked":["Armaments","Shrug It Off","Offering"],"picked":"SKIP","floor":12.0},{"not_picked":["Blood for Blood","Anger","Cleave"],"picked":"SKIP","floor":13.0},{"not_picked":["Blood for Blood","Cleave"],"picked":"Anger","floor":13.0},{"not_picked":["Dropkick","Rupture"],"picked":"Metallicize","floor":14.0},{"not_picked":["Impervious","Double Tap"],"picked":"Immolate","floor":16.0},{"not_picked":["Armaments","Shrug It Off+1"],"picked":"Heavy Blade","floor":18.0},{"not_picked":["Sentinel","Armaments"],"picked":"Uppercut","floor":20.0},{"not_picked":["Anger","Armaments"],"picked":"Twin Strike+1","floor":22.0},{"not_picked":["Rampage","Perfected Strike+1"],"picked":"Flex+1","floor":28.0},{"not_picked":["Fire Breathing","Thunderclap+1"],"picked":"Reaper","floor":30.0},{"not_picked":["Wild Strike","Sever Soul"],"picked":"Clothesline","floor":31.0},{"not_picked":["Pommel Strike+1"],"picked":"SKIP","floor":35},{"not_picked":["Rampage+1"],"picked":"SKIP","floor":40},{"not_picked":["Anger"],"picked":"SKIP","floor":44},{"not_picked":["Ghostly Armor"],"picked":"SKIP","floor":47},{"not_picked":[],"picked":"Shrug It Off+1","floor":48}],"player_experience":1320699,"relics_obtained":[{"floor":9.0,"key":"Thread and Needle"},{"floor":11.0,"key":"Vajra"},{"floor":26.0,"key":"Shuriken"},{"floor":30.0,"key":"PreservedInsect"},{"floor":31.0,"key":"Shovel"},{"floor":31.0,"key":"Ornamental Fan"},{"floor":43,"key":"Self Forming Clay"},{"floor":47,"key":"Paper Frog"},{"floor":49,"key":"Anchor"}],"event_choices":[{"damage_healed":0.0,"max_hp_gain":0.0,"max_hp_loss":0.0,"gold_gain":175.0,"event_name":"Liars Game","player_choice":"AGREE","floor":2.0,"gold_loss":0.0,"damage_taken":0.0,"cards_obtained":["Doubt"]},{"damage_healed":0.0,"max_hp_gain":0.0,"max_hp_loss":0.0,"gold_gain":0.0,"event_name":"Big Fish","player_choice":"Box","floor":3.0,"gold_loss":0.0,"damage_taken":0.0,"relics_obtained":["Champion Belt"],"cards_obtained":["Regret"]},{"damage_healed":0.0,"max_hp_gain":0.0,"max_hp_loss":6.0,"gold_gain":0.0,"event_name":"Golden Idol","player_choice":"Lose Max HP","floor":8.0,"gold_loss":0.0,"damage_taken":0.0,"relics_obtained":["Golden Idol"]},{"damage_healed":0.0,"max_hp_gain":0.0,"max_hp_loss":0.0,"gold_gain":0.0,"event_name":"Accursed Blacksmith","player_choice":"Rummage","floor":19.0,"gold_loss":0.0,"damage_taken":0.0,"relics_obtained":["WarpedTongs"],"cards_obtained":["Pain"]},{"damage_healed":0.0,"max_hp_gain":0.0,"max_hp_loss":0.0,"gold_gain":0.0,"event_name":"Lab","player_choice":"Got Potions","floor":21.0,"gold_loss":0.0,"damage_taken":0.0},{"damage_healed":0.0,"max_hp_gain":0.0,"max_hp_loss":0.0,"gold_gain":0.0,"event_name":"Colosseum","player_choice":"Fight","floor":31.0,"gold_loss":0.0,"damage_taken":0.0},{"damage_healed":0.0,"max_hp_gain":0.0,"max_hp_loss":0.0,"gold_gain":0.0,"event_name":"Colosseum","player_choice":"Fought Nobs","floor":31.0,"gold_loss":0.0,"damage_taken":0.0},{"damage_healed":0,"gold_gain":0,"player_choice":"Ignored","damage_taken":0,"max_hp_gain":0,"max_hp_loss":0,"event_name":"SecretPortal","floor":37,"gold_loss":0},{"damage_healed":17,"gold_gain":0,"player_choice":"Heal","damage_taken":0,"max_hp_gain":0,"max_hp_loss":0,"event_name":"MindBloom","floor":42,"gold_loss":0,"cards_obtained":["Doubt"]},{"damage_healed":0,"gold_gain":0,"player_choice":"Max HP","damage_taken":0,"max_hp_gain":0,"max_hp_loss":4,"event_name":"Winding Halls","floor":45,"gold_loss":0}],"is_beta":false,"boss_relics":[{"not_picked":["Calling Bell","Orrery"],"picked":"Runic Dome"},{"not_picked":["Coffee Dripper","Astrolabe"],"picked":"Busted Crown"}],"items_purged_floors":[24,27,36],"is_endless":false,"potions_floor_spawned":[1,4,7,13,14,18,20,30,33,44,48],"ascension_level":0}