{"gold_per_floor":[116,116,191,191,116,116,132,132,206,221,234,264,276,303,303,407,407,417,362,192,291,96,108,121,121,121,121,42,53,64,64,64,164,164,184,204,204,204,54,54,54,54,77,89,99,99,99],"floor_reached":47,"playtime":3023,"items_purged":["Strike_B","Strike_B","Strike_B","Defend_B"],"score":425,"play_id":"879c5b5f-637f-44f5-b3ee-8ac51796645e","local_time":"20190425172010","is_ascension_mode":false,"campfire_choices":[{"data":"Storm","floor":6.0,"key":"SMITH"},{"data":"Dualcast","floor":8.0,"key":"SMITH"},{"floor":15,"key":"REST"},{"floor":27,"key":"REST"},{"floor":32,"key":"REST"}],"neow_cost":"NONE","seed_source_timestamp":0,"circlet_count":0,"master_deck":["Defend_B","Defend_B","Zap","Dualcast+1","Storm+1","Heatsinks","White Noise","Defragment","Electrodynamics","Consume+1","Static Discharge","Loop","Capacitor","FTL+1","Amplify","Machine Learning","Redo+1","Tempest","Lockon+1"],"special_seed":0,"relics":["Cracked Core","NeowsBlessing","Letter Opener","Mango","Bronze Scales","Fusion Hammer","Tiny Chest","Gambling Chip","Coffee Dripper","StoneCalendar","Whetstone"],"potions_floor_usage":[16,33,35,47],"damage_taken":[{"damage":0.0,"enemies":"Small Slimes","floor":1.0,"turns":1.0},{"damage":0.0,"enemies":"Jaw Worm","floor":2.0,"turns":1.0},{"damage":0.0,"enemies":"Cultist","floor":7.0,"turns":1.0},{"damage":12.0,"enemies":"Blue Slaver","floor":10.0,"turns":3.0},{"damage":10.0,"enemies":"Looter","floor":11.0,"turns":3.0},{"damage":6,"enemies":"Exordium Wildlife","floor":13,"turns":3},{"damage":27,"enemies":"Gremlin Nob","floor":14,"turns":4},{"damage":7,"enemies":"Slime Boss","floor":16,"turns":5},{"damage":12,"enemies":"3 Byrds","floor":18,"turns":2},{"damage":10,"enemies":"Spheric Guardian","floor":23,"turns":3},{"damage":15,"enemies":"Centurion and Healer","floor":24,"turns":3},{"damage":10,"enemies":"Sentry and Sphere","floor":29,"turns":3},{"damage":15,"enemies":"Snecko","floor":30,"turns":4},{"damage":53,"enemies":"Collector","floor":33,"turns":6},{"damage":7,"enemies":"3 Shapes","floor":35,"turns":3},{"damage":0,"enemies":"3 Darklings","floor":36,"turns":2},{"damage":10,"enemies":"Transient","floor":44,"turns":5},{"damage":35,"enemies":"Maw","floor":45,"turns":4},{"damage":37,"enemies":"Jaw Worm Horde","floor":47,"turns":2}],"seed_played":"-2549886456966943499","potions_obtained":[{"floor":10.0,"key":"GamblersBrew"},{"floor":11.0,"key":"EssenceOfSteel"},{"floor":30,"key":"Block Potion"},{"floor":36,"key":"Energy Potion"}],"is_trial":false,"path_per_floor":["M","M","?","?","$","R","M","R","T","M","M","?","M","E","R","B",null,"M","?","$","?","$","M","M","$","T","R","$","M","M","?","R","B",null,"M","M","T","?","$","R","$","R","T","M","M","R","M"],"character_chosen":"DEFECT","items_purchased":["Static Discharge","Loop","Capacitor"],"campfire_rested":3,"item_purchase_floors":[20,22,28],"current_hp_per_floor":[75,75,64,64,64,64,64,64,64,52,42,56,50,23,49,42,89,77,77,77,77,77,67,52,52,52,78,78,68,53,53,79,26,89,82,82,82,82,82,82,82,82,82,72,37,37,0],"gold":99,"neow_bonus":"THREE_ENEMY_KILL","is_prod":false,"is_daily":false,"chose_seed":false,"campfire_upgraded":2,"win_rate":0,"timestamp":1556169610,"path_taken":["M","M","?","?","$","R","?","R","T","M","M","?","M","E","R","BOSS","M","?","$","?","$","M","M","?","T","R","$","M","M","?","R","BOSS","M","M","?","?","$","R","$","R","T","M","M","R","M"],"build_version":"2019-01-23","purchased_purges":4,"victory":false,"max_hp_per_floor":[75,75,75,75,75,75,75,75,75,75,75,89,89,89,89,89,89,89,89,89,89,89,89,89,89,89,89,89,89,89,89,89,89,89,89,89,89,89,89,89,89,89,89,89,89,89,89],"card_choices":[{"not_picked":["Beam Cell","Ball Lightning"],"picked":"Storm","floor":1.0},{"not_picked":["Streamline","Sweeping Beam","Coolheaded"],"picked":"SKIP","floor":2.0},{"not_picked":["Genetic Algorithm","Coolheaded"],"picked":"Heatsinks","floor":7.0},{"not_picked":["Sweeping Beam","Steam"],"picked":"White Noise","floor":10.0},{"not_picked":["Beam Cell","Sweeping Beam","Self Repair"],"picked":"SKIP","floor":11.0},{"not_picked":["Beam Cell","Stack"],"picked":"Defragment","floor":13},{"not_picked":["Rip and Tear","Multi-Cast","Aggregate"],"picked":"SKIP","floor":14},{"not_picked":["Seek","Meteor Strike"],"picked":"Electrodynamics","floor":16},{"not_picked":["Beam Cell","Chill+1"],"picked":"Consume+1","floor":18},{"not_picked":["Fusion","Barrage","Sweeping Beam"],"picked":"SKIP","floor":23},{"not_picked":["Beam Cell","Steam+1","Streamline"],"picked":"SKIP","floor":24},{"not_picked":["Sweeping Beam","Conserve Battery","Fusion"],"picked":"SKIP","floor":29},{"not_picked":["Gash","Rebound"],"picked":"FTL","floor":30},{"not_picked":["Thunder Strike","Buffer"],"picked":"Machine Learning","floor":33},{"not_picked":["Coolheaded","Cold Snap+1","Consume+1"],"picked":"SKIP","floor":35},{"not_picked":["Ball Lightning","Sweeping Beam"],"picked":"Redo+1","floor":36},{"not_picked":["Sweeping Beam","Rebound"],"picked":"Tempest","floor":44},{"not_picked":["Cold Snap+1","Rebound"],"picked":"Lockon+1","floor":45}],"player_experience":32721,"relics_obtained":[{"floor":9.0,"key":"Letter Opener"},{"floor":14,"key":"Bronze Scales"},{"floor":26,"key":"Gambling Chip"},{"floor":37,"key":"StoneCalendar"},{"floor":43,"key":"Whetstone"}],"event_choices":[{"damage_healed":0.0,"max_hp_gain":0.0,"max_hp_loss":0.0,"gold_gain":75.0,"event_name":"World of Goop","player_choice":"Gather Gold","floor":3.0,"gold_loss":0.0,"damage_taken":11.0},{"damage_healed":0.0,"max_hp_gain":0.0,"max_hp_loss":0.0,"gold_gain":0.0,"event_name":"WeMeetAgain","player_choice":"Ignored","floor":4.0,"gold_loss":0.0,"damage_taken":0.0},{"damage_healed":0,"gold_gain":30,"player_choice":"Searched \u00273\u0027 times","damage_taken":0,"relics_obtained":["Mango"],"max_hp_gain":0,"max_hp_loss":0,"event_name":"Dead Adventurer","floor":12,"gold_loss":0},{"damage_healed":0,"gold_gain":0,"player_choice":"Obtained Relic","damage_taken":0,"relics_obtained":["Tiny Chest"],"max_hp_gain":0,"max_hp_loss":0,"event_name":"Addict","floor":19,"gold_loss":85},{"damage_healed":0,"gold_gain":99,"player_choice":"Stole From Cult","damage_taken":0,"max_hp_gain":0,"max_hp_loss":0,"event_name":"Nest","floor":21,"gold_loss":0},{"damage_healed":0,"gold_gain":0,"cards_transformed":["Strike_B"],"player_choice":"Transformed","damage_taken":0,"max_hp_gain":0,"max_hp_loss":0,"event_name":"Transmorgrifier","floor":31,"gold_loss":0,"cards_obtained":["Amplify"]},{"cards_removed":["Defend_B"],"damage_healed":0,"gold_gain":0,"player_choice":"Purged","damage_taken":0,"max_hp_gain":0,"max_hp_loss":0,"event_name":"Purifier","floor":38,"gold_loss":0}],"is_beta":false,"boss_relics":[{"not_picked":["Snecko Eye","Calling Bell"],"picked":"Fusion Hammer"},{"not_picked":["Runic Pyramid","Eternal Feather"],"picked":"Coffee Dripper"}],"items_purged_floors":[5,20,22,39],"is_endless":false,"potions_floor_spawned":[10,11,14,18,30,36,45],"killed_by":"Jaw Worm Horde","ascension_level":0}