{"gold_per_floor":[116,134,21,21,21,48,59,69,92,111,111,140,97,110,110,208,208,219,234,247,247,247],"floor_reached":22,"playtime":1783,"items_purged":["Strike_R"],"score":256,"play_id":"8f8d782c-0758-485e-8553-d3f34db875b1","local_time":"20190119221223","is_ascension_mode":true,"campfire_choices":[{"data":"Demon Form","floor":11,"key":"SMITH"},{"floor":15,"key":"REST"}],"neow_cost":"NONE","seed_source_timestamp":94196165879455,"circlet_count":0,"master_deck":["Defend_R","Defend_R","Defend_R","Defend_R","Bash","Uppercut","Inflame","Entrench","Demon Form+1","Rampage","Shrug It Off","Shrug It Off","Seeing Red+1","Pommel Strike+1","Headbutt+1","Doubt"],"relics":["Burning Blood","NeowsBlessing","Potion Belt","Bag of Marbles","Lantern","Astrolabe"],"potions_floor_usage":[],"damage_taken":[{"damage":0,"enemies":"2 Louse","floor":1,"turns":1},{"damage":0,"enemies":"Cultist","floor":2,"turns":1},{"damage":0,"enemies":"3 Sentries","floor":6,"turns":2},{"damage":10,"enemies":"Jaw Worm","floor":7,"turns":4},{"damage":29,"enemies":"Gremlin Gang","floor":8,"turns":6},{"damage":7,"enemies":"Blue Slaver","floor":10,"turns":4},{"damage":22,"enemies":"Gremlin Nob","floor":12,"turns":4},{"damage":15,"enemies":"2 Fungi Beasts","floor":14,"turns":3},{"damage":40,"enemies":"The Guardian","floor":16,"turns":10},{"damage":41,"enemies":"2 Thieves","floor":18,"turns":4},{"damage":18,"enemies":"3 Byrds","floor":19,"turns":6},{"damage":6,"enemies":"Snake Plant","floor":20,"turns":4},{"damage":33,"enemies":"Centurion and Healer","floor":22,"turns":3}],"seed_played":"-2289657906271660539","potions_obtained":[{"floor":1,"key":"AttackPotion"},{"floor":8,"key":"BloodPotion"},{"floor":16,"key":"FearPotion"},{"floor":20,"key":"LiquidBronze"}],"is_trial":false,"path_per_floor":["M","M","$","?","$","E","M","M","T","M","R","E","?","M","R","B",null,"M","M","M","?","M"],"character_chosen":"IRONCLAD","items_purchased":["Inflame"],"campfire_rested":1,"item_purchase_floors":[3],"current_hp_per_floor":[80,80,80,80,80,80,76,53,53,52,52,36,36,27,51,17,80,45,33,33,33,0],"gold":247,"neow_bonus":"THREE_ENEMY_KILL","is_prod":false,"is_daily":false,"chose_seed":false,"campfire_upgraded":1,"win_rate":0,"timestamp":1547957543,"path_taken":["M","M","$","?","?","E","?","M","T","M","R","E","?","M","R","BOSS","M","M","M","?","?"],"build_version":"2019-01-17v2","purchased_purges":1,"victory":false,"max_hp_per_floor":[80,80,80,80,80,80,80,80,80,80,80,80,80,80,80,80,80,80,80,80,80,80],"card_choices":[{"not_picked":["Feel No Pain","Blood for Blood","Wild Strike"],"picked":"SKIP","floor":1},{"not_picked":["Perfected Strike","Thunderclap"],"picked":"Uppercut","floor":2},{"not_picked":["Body Slam","Perfected Strike"],"picked":"Demon Form","floor":6},{"not_picked":["Clothesline","Fire Breathing","Flex"],"picked":"SKIP","floor":7},{"not_picked":["Heavy Blade","Twin Strike"],"picked":"Rampage","floor":8},{"not_picked":["Anger","Twin Strike","Clash"],"picked":"SKIP","floor":10},{"not_picked":["Intimidate","Combust"],"picked":"Shrug It Off","floor":12},{"not_picked":["Clothesline","Body Slam"],"picked":"Shrug It Off","floor":14},{"not_picked":["Uppercut","Armaments","Combust+1"],"picked":"SKIP","floor":18},{"not_picked":["Twin Strike+1","Flex+1","Wild Strike"],"picked":"SKIP","floor":19},{"not_picked":["Second Wind+1","Intimidate+1","Bloodletting"],"picked":"SKIP","floor":20}],"player_experience":243885,"relics_obtained":[{"floor":6,"key":"Potion Belt"},{"floor":9,"key":"Bag of Marbles"},{"floor":12,"key":"Lantern"}],"event_choices":[{"damage_healed":0,"gold_gain":0,"cards_transformed":["Strike_R"],"player_choice":"Transformed","damage_taken":0,"max_hp_gain":0,"max_hp_loss":0,"event_name":"Transmorgrifier","floor":4,"gold_loss":0,"cards_obtained":["Entrench"]},{"damage_healed":0,"gold_gain":0,"player_choice":"Left Gold","damage_taken":0,"max_hp_gain":0,"max_hp_loss":0,"event_name":"World of Goop","floor":13,"gold_loss":43},{"damage_healed":0,"gold_gain":0,"player_choice":"1 cards matched","damage_taken":0,"max_hp_gain":0,"max_hp_loss":0,"event_name":"Match and Keep!","floor":21,"gold_loss":0,"cards_obtained":["Doubt"]}],"is_beta":false,"boss_relics":[{"not_picked":["Lizard Tail","Eternal Feather"],"picked":"Astrolabe"}],"items_purged_floors":[3],"is_endless":false,"potions_floor_spawned":[1,8,16,20],"killed_by":"Centurion and Healer","ascension_level":3}