{"gold_per_floor":[360,380,228,228,246,246,92,92,92,92,92,92,92,92,92,212,212,152,152,152,26,26,26,26,26,26,26,26,26,26,26,26,26,26,26,26,26,26,26,26,26,26,26,26,26,26,26,26,26,26],"floor_reached":51,"playtime":1473,"items_purged":["Strike_B","Strike_B"],"score":743,"play_id":"039d900a-1275-44aa-a5a5-4316ab9c117d","local_time":"20190417120643","is_ascension_mode":false,"campfire_choices":[{"data":"Zap","floor":6.0,"key":"SMITH"},{"data":"Dualcast","floor":8.0,"key":"SMITH"},{"floor":11.0,"key":"REST"},{"data":"Conserve Battery","floor":15.0,"key":"SMITH"},{"data":"Biased Cognition","floor":23,"key":"SMITH"},{"data":"Creative AI","floor":25,"key":"SMITH"},{"data":"Cold Snap","floor":30,"key":"SMITH"},{"data":"Defend_B","floor":32,"key":"SMITH"},{"data":"Capacitor","floor":42,"key":"SMITH"},{"floor":49,"key":"REST"}],"neow_cost":"PERCENT_DAMAGE","seed_source_timestamp":1125193698535,"circlet_count":0,"master_deck":["Strike_B","Strike_B","Defend_B+1","Defend_B+1","Defend_B","Defend_B+1","Zap+1","Dualcast+1","Defragment+1","Conserve Battery+1","Biased Cognition+1","Conserve Battery+1","Creative AI+1","Chaos+1","Zap+1","Chill+1","Hologram+1","Cold Snap+1","Leap+1","Hologram+1","Chill+1","Electrodynamics","White Noise+1","Coolheaded+1","Capacitor+1","Storm+1","Panacea+1","Discovery+1","Panache","Rainbow+1","Static Discharge+1","White Noise+1","Skim+1","Consume+1"],"special_seed":0,"relics":["Cracked Core","Turnip","Golden Idol","Toxic Egg 2","Ectoplasm","Happy Flower","Strawberry","SsserpentHead","Black Star","Omamori","Mummified Hand","Cables","PreservedInsect","Regal Pillow","Dream Catcher","Potion Belt","War Paint"],"potions_floor_usage":[31,41,47],"damage_taken":[{"damage":1.0,"enemies":"Cultist","floor":1.0,"turns":3.0},{"damage":1.0,"enemies":"Jaw Worm","floor":2.0,"turns":3.0},{"damage":0.0,"enemies":"2 Louse","floor":5.0,"turns":4.0},{"damage":44.0,"enemies":"Hexaghost","floor":16.0,"turns":12.0},{"damage":10.0,"enemies":"2 Thieves","floor":18.0,"turns":4.0},{"damage":8,"enemies":"Shell Parasite","floor":20,"turns":5},{"damage":8,"enemies":"Slavers","floor":24,"turns":5},{"damage":7,"enemies":"Snake Plant","floor":27,"turns":4},{"damage":3,"enemies":"Shelled Parasite and Fungi","floor":29,"turns":4},{"damage":0,"enemies":"Chosen and Byrds","floor":31,"turns":5},{"damage":10,"enemies":"Collector","floor":33,"turns":10},{"damage":0,"enemies":"Orb Walker","floor":35,"turns":6},{"damage":0,"enemies":"3 Shapes","floor":37,"turns":2},{"damage":5,"enemies":"Transient","floor":39,"turns":5},{"damage":5,"enemies":"Giant Head","floor":40,"turns":7},{"damage":0,"enemies":"3 Darklings","floor":41,"turns":3},{"damage":4,"enemies":"Nemesis","floor":45,"turns":5},{"damage":0,"enemies":"4 Shapes","floor":46,"turns":3},{"damage":21,"enemies":"Giant Head","floor":47,"turns":6},{"damage":6,"enemies":"Maw","floor":48,"turns":6},{"damage":7,"enemies":"Donu and Deca","floor":50,"turns":5}],"seed_played":"6061358854843932463","potions_obtained":[{"floor":1.0,"key":"Weak Potion"},{"floor":16.0,"key":"SteroidPotion"},{"floor":24,"key":"Explosive Potion"},{"floor":29,"key":"Energy Potion"},{"floor":31,"key":"GamblersBrew"},{"floor":35,"key":"Swift Potion"},{"floor":41,"key":"Weak Potion"},{"floor":48,"key":"Poison Potion"}],"is_trial":false,"path_per_floor":["M","M","$","?","M","R","$","R","T","?","R","T","?","$","R","B",null,"M","?","M","$","$","R","E","R","T","M","?","M","R","M","R","B",null,"M","T","M","$","M","E","M","R","T","?","E","M","E","M","R","B",null],"character_chosen":"DEFECT","items_purchased":["Defragment","Conserve Battery","Chill+1","Hologram+1"],"campfire_rested":2,"item_purchase_floors":[3,7,21,21],"current_hp_per_floor":[53,52,52,52,52,52,52,52,52,34,56,56,61,61,61,17,80,70,70,62,62,62,62,54,54,61,54,54,51,51,51,51,41,87,87,87,87,87,82,77,77,77,77,67,63,63,42,36,77,70],"gold":26,"neow_bonus":"TWO_FIFTY_GOLD","is_prod":false,"is_daily":false,"chose_seed":false,"campfire_upgraded":8,"win_rate":0,"timestamp":1555524403,"path_taken":["M","M","$","?","M","R","?","R","T","?","R","?","?","?","R","BOSS","M","?","M","?","$","R","E","R","T","M","?","?","R","M","R","BOSS","M","?","M","?","?","E","M","R","T","?","E","M","E","M","R","BOSS"],"build_version":"2019-01-23","purchased_purges":2,"victory":true,"max_hp_per_floor":[75,75,75,75,75,75,75,75,75,75,75,75,80,80,80,80,80,80,80,80,80,80,80,80,80,87,87,87,87,87,87,87,87,87,87,87,87,87,87,87,87,87,87,87,87,87,87,87,87,87],"card_choices":[{"not_picked":["Rip and Tear","Auto Shields","Stack"],"picked":"SKIP","floor":1.0},{"not_picked":["Turbo","Force Field","Rip and Tear"],"picked":"SKIP","floor":2.0},{"not_picked":["Rebound","Beam Cell","Compile Driver"],"picked":"SKIP","floor":5.0},{"not_picked":["Seek+1","Meteor Strike"],"picked":"Biased Cognition","floor":16.0},{"not_picked":["Turbo+1","Recycle+1"],"picked":"Conserve Battery+1","floor":18.0},{"not_picked":["Gash","Beam Cell","Compile Driver"],"picked":"SKIP","floor":20},{"not_picked":["Buffer","Doom and Gloom"],"picked":"Cold Snap","floor":24},{"not_picked":["Steam+1","Turbo+1"],"picked":"Leap+1","floor":27},{"not_picked":["Steam+1","Doom and Gloom"],"picked":"Hologram+1","floor":29},{"not_picked":["Auto Shields+1","Beam Cell"],"picked":"Chill+1","floor":31},{"not_picked":["Amplify+1","Meteor Strike"],"picked":"Electrodynamics","floor":33},{"not_picked":["Hologram+1","Leap+1"],"picked":"White Noise+1","floor":35},{"not_picked":["Steam+1","Turbo+1","Blizzard"],"picked":"SKIP","floor":37},{"not_picked":["Aggregate+1","Hologram+1"],"picked":"Coolheaded+1","floor":39},{"not_picked":["Go for the Eyes+1","Rebound+1"],"picked":"Capacitor","floor":40},{"not_picked":["Sweeping Beam","Steam+1"],"picked":"Storm+1","floor":41},{"not_picked":["Dramatic Entrance","Finesse+1"],"picked":"Panacea+1","floor":44},{"not_picked":["Apotheosis+1","Jack Of All Trades+1"],"picked":"Discovery+1","floor":44},{"not_picked":["Bandage Up+1","Madness+1"],"picked":"Panache","floor":44},{"not_picked":["Turbo+1","Sweeping Beam"],"picked":"Rainbow+1","floor":45},{"not_picked":["Hologram+1","Steam+1"],"picked":"Static Discharge+1","floor":46},{"not_picked":["Hologram+1","Redo+1"],"picked":"White Noise+1","floor":47},{"not_picked":["Steam+1","Sweeping Beam+1"],"picked":"Skim+1","floor":48},{"not_picked":["Static Discharge","Doom and Gloom+1"],"picked":"Consume+1","floor":49}],"player_experience":1238520,"relics_obtained":[{"floor":9.0,"key":"Turnip"},{"floor":12.0,"key":"Toxic Egg 2"},{"floor":24,"key":"Happy Flower"},{"floor":26,"key":"Strawberry"},{"floor":36,"key":"Omamori"},{"floor":40,"key":"Mummified Hand"},{"floor":40,"key":"Cables"},{"floor":43,"key":"PreservedInsect"},{"floor":45,"key":"Regal Pillow"},{"floor":45,"key":"Dream Catcher"},{"floor":47,"key":"Potion Belt"},{"floor":47,"key":"War Paint"}],"event_choices":[{"damage_healed":0.0,"max_hp_gain":0.0,"max_hp_loss":0.0,"gold_gain":0.0,"event_name":"Accursed Blacksmith","player_choice":"Forge","floor":4.0,"gold_loss":0.0,"damage_taken":0.0,"cards_upgraded":["Defragment"]},{"damage_healed":0.0,"max_hp_gain":0.0,"max_hp_loss":0.0,"gold_gain":0.0,"event_name":"Golden Idol","player_choice":"Take Damage","floor":10.0,"gold_loss":0.0,"damage_taken":18.0,"relics_obtained":["Golden Idol"]},{"damage_healed":0.0,"max_hp_gain":5.0,"max_hp_loss":0.0,"gold_gain":0.0,"event_name":"Big Fish","player_choice":"Donut","floor":13.0,"gold_loss":0.0,"damage_taken":0.0},{"damage_healed":0,"gold_gain":0,"player_choice":"3 cards matched","damage_taken":0,"max_hp_gain":0,"max_hp_loss":0,"event_name":"Match and Keep!","floor":19,"gold_loss":0,"cards_obtained":["Creative AI","Chaos","Zap"]},{"damage_healed":0,"gold_gain":0,"player_choice":"Trade","damage_taken":0,"relics_obtained":["SsserpentHead"],"max_hp_gain":0,"max_hp_loss":0,"event_name":"FaceTrader","floor":28,"gold_loss":0},{"damage_healed":0,"gold_gain":0,"player_choice":"Memory 3","damage_taken":10,"max_hp_gain":0,"max_hp_loss":0,"event_name":"SensoryStone","floor":44,"gold_loss":0}],"is_beta":false,"boss_relics":[{"not_picked":["Calling Bell","Pandora\u0027s Box"],"picked":"Ectoplasm"},{"not_picked":["Runic Dome","Runic Pyramid"],"picked":"Black Star"}],"items_purged_floors":[3,7],"is_endless":false,"potions_floor_spawned":[1,16,24,29,31,35,41,46,48],"ascension_level":0}