{"gold_per_floor":[109,123,48,123,123,158,158,175,175,175,175,192,192,218,218,218],"floor_reached":16,"playtime":1047,"items_purged":["Strike_G"],"score":151,"play_id":"331888e6-84d2-4277-bb41-4d3bcd6eacfe","local_time":"20190507081212","is_ascension_mode":true,"campfire_choices":[{"floor":7,"key":"REST"},{"data":"Deadly Poison","floor":11,"key":"SMITH"},{"floor":13,"key":"REST"},{"data":"Bullet Time","floor":15,"key":"SMITH"}],"neow_cost":"NONE","seed_source_timestamp":418613612750989,"circlet_count":0,"master_deck":["Defend_G","Defend_G","Defend_G+1","Defend_G","Defend_G+1","Strike_G","Strike_G","Strike_G","Strike_G","Survivor","Neutralize","Deadly Poison+1","Backflip","Bullet Time+1"],"relics":["Ring of the Snake","Blood Vial","Orichalcum","Paper Crane","Turnip"],"potions_floor_usage":[6,6,6,14],"damage_taken":[{"damage":6,"enemies":"Jaw Worm","floor":1,"turns":5},{"damage":0,"enemies":"2 Louse","floor":2,"turns":3},{"damage":6,"enemies":"3 Sentries","floor":6,"turns":13},{"damage":1,"enemies":"Cultist","floor":8,"turns":5},{"damage":12,"enemies":"3 Louse","floor":12,"turns":5},{"damage":25,"enemies":"Gremlin Nob","floor":14,"turns":5},{"damage":45,"enemies":"Slime Boss","floor":16,"turns":12}],"seed_played":"7513458166767144407","potions_obtained":[{"floor":2,"key":"GamblersBrew"},{"floor":5,"key":"PowerPotion"},{"floor":5,"key":"EssenceOfSteel"},{"floor":6,"key":"Ancient Potion"},{"floor":12,"key":"Block Potion"}],"is_trial":false,"path_per_floor":["M","M","$","?","?","E","R","M","T","?","R","M","R","E","R","B"],"character_chosen":"THE_SILENT","items_purchased":[],"campfire_rested":2,"item_purchase_floors":[],"current_hp_per_floor":[59,61,61,50,50,46,67,68,68,54,54,44,65,42,42,0],"gold":218,"neow_bonus":"RANDOM_COMMON_RELIC","is_prod":false,"is_daily":false,"chose_seed":false,"campfire_upgraded":2,"win_rate":0,"timestamp":1557209532,"path_taken":["M","M","$","?","?","E","R","?","T","?","R","M","R","E","R","BOSS"],"build_version":"2019-01-23","purchased_purges":1,"victory":false,"max_hp_per_floor":[70,70,70,70,70,70,70,70,70,70,70,70,70,70,70,70],"card_choices":[{"not_picked":["Slice","Quick Slash"],"picked":"Deadly Poison","floor":1},{"not_picked":["Well Laid Plans","Outmaneuver","Blade Dance"],"picked":"SKIP","floor":2},{"not_picked":["Dodge and Roll","Blur","Prepared"],"picked":"SKIP","floor":6},{"not_picked":["Underhanded Strike","Heel Hook","Calculated Gamble"],"picked":"SKIP","floor":8},{"not_picked":["Sucker Punch","Terror"],"picked":"Backflip","floor":12},{"not_picked":["Predator","Blade Dance"],"picked":"Bullet Time","floor":14}],"player_experience":421242,"relics_obtained":[{"floor":6,"key":"Orichalcum"},{"floor":9,"key":"Paper Crane"},{"floor":14,"key":"Turnip"}],"event_choices":[{"damage_healed":0,"gold_gain":75,"player_choice":"Gather Gold","damage_taken":11,"max_hp_gain":0,"max_hp_loss":0,"event_name":"World of Goop","floor":4,"gold_loss":0},{"damage_healed":0,"gold_gain":0,"player_choice":"Got Potions","damage_taken":0,"max_hp_gain":0,"max_hp_loss":0,"event_name":"Lab","floor":5,"gold_loss":0},{"damage_healed":0,"gold_gain":0,"player_choice":"Entered Light","damage_taken":14,"max_hp_gain":0,"max_hp_loss":0,"event_name":"Shining Light","floor":10,"gold_loss":0,"cards_upgraded":["Defend_G","Defend_G"]}],"is_beta":false,"boss_relics":[],"items_purged_floors":[3],"is_endless":false,"potions_floor_spawned":[2,6,12],"killed_by":"Slime Boss","ascension_level":8}