{"gold_per_floor":[113,63,163,174,191,223,223,250,302,317,352,352,352,352,352,457,457,467,245,263,263],"floor_reached":21,"playtime":905,"items_purged":["Strike_R"],"score":300,"play_id":"8f9b78f5-ac89-4df3-a73f-77c0242c73c6","local_time":"20190504224625","is_ascension_mode":true,"campfire_choices":[{"data":"Bash","floor":7,"key":"SMITH"},{"floor":13,"key":"REST"},{"data":"Heavy Blade","floor":15,"key":"SMITH"}],"neow_cost":"NONE","seed_source_timestamp":697898250768657,"circlet_count":0,"master_deck":["Strike_R","Strike_R","Strike_R","Defend_R","Defend_R","Defend_R","Defend_R","Bash+1","Inflame","Heavy Blade+1","Spot Weakness","Inflame","Disarm","Heavy Blade+1","Feed"],"relics":["Burning Blood","NeowsBlessing","Paper Frog","Happy Flower","Anchor","Dream Catcher","Philosopher\u0027s Stone","Regal Pillow"],"potions_floor_usage":[16,20,20,21],"damage_taken":[{"damage":0,"enemies":"Small Slimes","floor":1,"turns":1},{"damage":0,"enemies":"Jaw Worm","floor":4,"turns":1},{"damage":0,"enemies":"Cultist","floor":5,"turns":1},{"damage":20,"enemies":"Gremlin Nob","floor":6,"turns":4},{"damage":40,"enemies":"3 Sentries","floor":8,"turns":7},{"damage":8,"enemies":"Blue Slaver","floor":10,"turns":4},{"damage":18,"enemies":"Gremlin Nob","floor":11,"turns":3},{"damage":17,"enemies":"Hexaghost","floor":16,"turns":5},{"damage":17,"enemies":"2 Thieves","floor":18,"turns":3},{"damage":46,"enemies":"3 Byrds","floor":20,"turns":5},{"damage":36,"enemies":"Cultist and Chosen","floor":21,"turns":4}],"seed_played":"-1910220623241939996","potions_obtained":[{"floor":5,"key":"Poison Potion"},{"floor":8,"key":"SkillPotion"},{"floor":10,"key":"LiquidBronze"},{"floor":16,"key":"PowerPotion"},{"floor":18,"key":"FearPotion"}],"is_trial":false,"path_per_floor":["M","?","?","M","M","E","R","E","T","M","E","?","R","?","R","B",null,"M","$","M","M"],"character_chosen":"IRONCLAD","items_purchased":["Regal Pillow"],"campfire_rested":1,"item_purchase_floors":[19],"current_hp_per_floor":[78,78,78,80,80,66,66,32,32,30,18,18,42,42,42,31,68,60,60,23,0],"gold":263,"neow_bonus":"THREE_ENEMY_KILL","is_prod":false,"is_daily":false,"chose_seed":false,"campfire_upgraded":2,"win_rate":0,"timestamp":1557027985,"path_taken":["M","?","?","M","?","E","R","E","T","M","E","?","R","?","R","BOSS","M","$","?","M"],"build_version":"2019-01-23","purchased_purges":1,"victory":false,"max_hp_per_floor":[80,80,80,80,80,80,80,80,80,80,80,80,80,80,80,80,80,83,83,86,86],"card_choices":[{"not_picked":["Sword Boomerang","Cleave"],"picked":"Inflame","floor":1},{"not_picked":["Clash","Havoc"],"picked":"Heavy Blade","floor":4},{"not_picked":["Perfected Strike","Body Slam","Feel No Pain"],"picked":"SKIP","floor":5},{"not_picked":["Perfected Strike","Iron Wave"],"picked":"Spot Weakness","floor":6},{"not_picked":["Shrug It Off","Shockwave"],"picked":"Inflame","floor":8},{"not_picked":["Reckless Charge","Cleave"],"picked":"Disarm","floor":10},{"not_picked":["Carnage","Anger","Clothesline"],"picked":"SKIP","floor":11},{"not_picked":["Corruption","Sword Boomerang"],"picked":"Heavy Blade","floor":13},{"not_picked":["Dark Embrace","Bludgeon"],"picked":"Feed","floor":16},{"not_picked":["Seeing Red","Havoc","Fire Breathing"],"picked":"SKIP","floor":18},{"not_picked":["Havoc","Clash","Intimidate"],"picked":"SKIP","floor":20}],"player_experience":588804,"relics_obtained":[{"floor":6,"key":"Paper Frog"},{"floor":8,"key":"Happy Flower"},{"floor":9,"key":"Anchor"},{"floor":11,"key":"Dream Catcher"}],"event_choices":[{"cards_removed":["Strike_R"],"damage_healed":0,"gold_gain":0,"player_choice":"Card Removal","damage_taken":0,"max_hp_gain":0,"max_hp_loss":0,"event_name":"The Cleric","floor":2,"gold_loss":50},{"damage_healed":0,"gold_gain":100,"player_choice":"Pray","damage_taken":0,"max_hp_gain":0,"max_hp_loss":0,"event_name":"Golden Shrine","floor":3,"gold_loss":0},{"damage_healed":0,"gold_gain":0,"player_choice":"Ignored","damage_taken":0,"max_hp_gain":0,"max_hp_loss":0,"event_name":"Shining Light","floor":12,"gold_loss":0},{"damage_healed":0,"gold_gain":0,"player_choice":"Upgraded","damage_taken":0,"max_hp_gain":0,"max_hp_loss":0,"event_name":"Upgrade Shrine","floor":14,"gold_loss":0,"cards_upgraded":["Heavy Blade"]}],"is_beta":false,"boss_relics":[{"not_picked":["Empty Cage","Ectoplasm"],"picked":"Philosopher\u0027s Stone"}],"items_purged_floors":[19],"is_endless":false,"potions_floor_spawned":[5,8,10,11,16,18],"killed_by":"Cultist and Chosen","ascension_level":7}