{"gold_per_floor":[109,59,59,59,134,134,164,164,164,89,89,128,28,48,48,179,179,200,55,71,71,89,89,89],"floor_reached":24,"playtime":1753,"items_purged":["Strike_B","Strike_B"],"score":192,"play_id":"14ac0d79-9a0c-48a3-9ab6-90b2fcf89a72","local_time":"20181231001458","is_ascension_mode":false,"campfire_choices":[{"data":"Dualcast","floor":6,"key":"SMITH"},{"floor":8,"key":"REST"},{"data":"Gash","floor":15,"key":"SMITH"},{"data":"Buffer","floor":23,"key":"SMITH"}],"neow_cost":"NONE","seed_source_timestamp":251226406700406,"circlet_count":0,"master_deck":["Strike_B","Defend_B","Defend_B","Defend_B","Defend_B","Zap+1","Dualcast+1","Gash+1","All For One+1","Gash+1","Reboot","Stack+1","Go for the Eyes+1","Buffer+1"],"relics":["Cracked Core","Dream Catcher","Ginger","Golden Idol","Molten Egg 2","Coffee Dripper","Bag of Preparation"],"potions_floor_usage":[],"damage_taken":[{"damage":0,"enemies":"Small Slimes","floor":1,"turns":2},{"damage":1,"enemies":"Jaw Worm","floor":4,"turns":3},{"damage":27,"enemies":"Lagavulin","floor":12,"turns":7},{"damage":0,"enemies":"Cultist","floor":14,"turns":2},{"damage":2,"enemies":"Slime Boss","floor":16,"turns":8},{"damage":0,"enemies":"Chosen","floor":18,"turns":2},{"damage":10,"enemies":"2 Thieves","floor":20,"turns":3},{"damage":15,"enemies":"Snake Plant","floor":22,"turns":3},{"damage":54,"enemies":"Book of Stabbing","floor":24,"turns":7}],"seed_played":"-5735351032860814433","potions_obtained":[{"floor":1,"key":"GamblersBrew"},{"floor":16,"key":"SkillPotion"},{"floor":18,"key":"Fire Potion"},{"floor":20,"key":"Swift Potion"}],"is_trial":false,"path_per_floor":["M","?","?","M","?","R","?","R","T","$","?","E","$","M","R","B",null,"M","$","M","?","M","R","E"],"character_chosen":"DEFECT","items_purchased":["Bag of Preparation"],"campfire_rested":1,"item_purchase_floors":[19],"current_hp_per_floor":[82,82,82,81,70,70,70,82,82,82,76,49,49,49,49,47,76,76,76,66,66,51,51,0],"gold":89,"neow_bonus":"TEN_PERCENT_HP_BONUS","is_prod":false,"is_daily":false,"chose_seed":false,"campfire_upgraded":3,"win_rate":0.0,"timestamp":1546236898,"path_taken":["M","?","?","?","?","R","?","R","T","$","?","E","?","M","R","BOSS","M","$","M","?","M","R","E"],"build_version":"2018-12-20","purchased_purges":2,"victory":false,"max_hp_per_floor":[82,82,82,82,82,82,82,82,82,82,76,76,76,76,76,76,76,76,76,76,76,76,76,76],"card_choices":[{"not_picked":["Heatsinks","Cold Snap","Fusion"],"picked":"SKIP","floor":1},{"not_picked":["Auto Shields","Sweeping Beam","Stack"],"picked":"SKIP","floor":4},{"not_picked":["Streamline","Stack"],"picked":"Gash","floor":8},{"not_picked":["Buffer","Steam"],"picked":"All For One","floor":12},{"not_picked":["Conserve Battery","Steam Power"],"picked":"Gash+1","floor":14},{"not_picked":["Thunder Strike+1","Machine Learning"],"picked":"Reboot","floor":16},{"not_picked":["Barrage+1","Glacier"],"picked":"Stack+1","floor":18},{"not_picked":["Hello World","BootSequence"],"picked":"Go for the Eyes+1","floor":20},{"not_picked":["Cold Snap+1","Leap"],"picked":"Buffer","floor":22}],"player_experience":134029,"relics_obtained":[{"floor":9,"key":"Ginger"},{"floor":12,"key":"Molten Egg 2"}],"event_choices":[{"cards_removed":["Strike_B"],"damage_healed":0,"gold_gain":0,"player_choice":"Card Removal","damage_taken":0,"max_hp_gain":0,"max_hp_loss":0,"event_name":"The Cleric","floor":2,"gold_loss":50},{"damage_healed":0,"gold_gain":0,"player_choice":"Upgraded","damage_taken":0,"max_hp_gain":0,"max_hp_loss":0,"event_name":"Upgrade Shrine","floor":3,"gold_loss":0,"cards_upgraded":["Zap"]},{"damage_healed":0,"gold_gain":75,"player_choice":"Gather Gold","damage_taken":11,"max_hp_gain":0,"max_hp_loss":0,"event_name":"World of Goop","floor":5,"gold_loss":0},{"damage_healed":0,"gold_gain":30,"player_choice":"Searched \u00273\u0027 times","damage_taken":0,"relics_obtained":["Dream Catcher"],"max_hp_gain":0,"max_hp_loss":0,"event_name":"Dead Adventurer","floor":7,"gold_loss":0},{"damage_healed":0,"gold_gain":0,"player_choice":"Lose Max HP","damage_taken":0,"relics_obtained":["Golden Idol"],"max_hp_gain":0,"max_hp_loss":6,"event_name":"Golden Idol","floor":11,"gold_loss":0},{"damage_healed":0,"gold_gain":0,"player_choice":"Ignored","damage_taken":0,"max_hp_gain":0,"max_hp_loss":0,"event_name":"Vampires","floor":21,"gold_loss":0}],"is_beta":false,"boss_relics":[{"not_picked":["Lizard Tail","Velvet Choker"],"picked":"Coffee Dripper"}],"items_purged_floors":[10,13],"is_endless":false,"potions_floor_spawned":[1,16,18,20],"killed_by":"Book of Stabbing","ascension_level":0}