{"gold_per_floor":[115,132,132,149,104,104,138,138,138,149,165,139,139,156,156,259,259,278,290,290,301,34,34,34,62,85,61,61,61,77,88,88,88],"floor_reached":33,"playtime":2763,"items_purged":[],"score":374,"play_id":"4a800fe2-4ac4-4dfe-a3f4-00197d3e58f2","local_time":"20190501011639","is_ascension_mode":true,"campfire_choices":[{"data":"Footwork","floor":6,"key":"SMITH"},{"floor":8,"key":"REST"},{"floor":15,"key":"REST"},{"floor":23,"key":"REST"},{"floor":28,"key":"REST"},{"floor":32,"key":"REST"}],"neow_cost":"TEN_PERCENT_HP_LOSS","seed_source_timestamp":359447298803612,"circlet_count":0,"master_deck":["Defend_G","Defend_G","Defend_G","Defend_G","Defend_G","Strike_G","Strike_G","Strike_G","Strike_G","Strike_G","Survivor","Neutralize","Dagger Spray","Footwork+1","Backflip","Quick Slash","Noxious Fumes+1","Backflip","PiercingWail","Footwork","Venomology","Cloak And Dagger+1","Caltrops+1","Blade Dance","Poisoned Stab+1","Deadly Poison","Accuracy","Concentrate+1"],"relics":["Ring of the Snake","Bottled Flame","Kunai","Runic Pyramid","Nloth\u0027s Gift","Shuriken","Omamori","Blood Vial"],"potions_floor_usage":[10,14,14,19,21,25,30,31,31,33,33],"damage_taken":[{"damage":1,"enemies":"Small Slimes","floor":1,"turns":4},{"damage":0,"enemies":"Cultist","floor":2,"turns":4},{"damage":5,"enemies":"Jaw Worm","floor":4,"turns":5},{"damage":0,"enemies":"Looter","floor":5,"turns":5},{"damage":32,"enemies":"3 Sentries","floor":7,"turns":9},{"damage":31,"enemies":"Gremlin Gang","floor":10,"turns":5},{"damage":0,"enemies":"2 Fungi Beasts","floor":11,"turns":4},{"damage":6,"enemies":"Lots of Slimes","floor":14,"turns":2},{"damage":8,"enemies":"Hexaghost","floor":16,"turns":13},{"damage":7,"enemies":"Shell Parasite","floor":18,"turns":10},{"damage":11,"enemies":"3 Byrds","floor":19,"turns":7},{"damage":8,"enemies":"Cultist and Chosen","floor":21,"turns":9},{"damage":28,"enemies":"Book of Stabbing","floor":25,"turns":8},{"damage":23,"enemies":"Sentry and Sphere","floor":30,"turns":7},{"damage":6,"enemies":"Snake Plant","floor":31,"turns":5},{"damage":28,"enemies":"Collector","floor":33,"turns":2}],"seed_played":"-8634311939047721286","potions_obtained":[{"floor":1,"key":"Weak Potion"},{"floor":10,"key":"Regen Potion"},{"floor":11,"key":"Explosive Potion"},{"floor":19,"key":"Strength Potion"},{"floor":30,"key":"GhostInAJar"},{"floor":31,"key":"Strength Potion"}],"is_trial":false,"path_per_floor":["M","M","?","M","M","R","E","R","T","M","M","?","?","M","R","B",null,"M","M","?","M","$","R","?","E","T","$","R","?","M","M","R","B"],"character_chosen":"THE_SILENT","items_purchased":["Blade Dance","Shuriken","Deadly Poison"],"campfire_rested":5,"item_purchase_floors":[22,22,27],"current_hp_per_floor":[62,62,62,57,57,57,25,43,43,12,12,12,12,15,33,25,54,47,36,36,28,28,46,46,18,18,18,36,30,9,5,23,0],"gold":88,"neow_bonus":"ONE_RARE_RELIC","is_prod":false,"is_daily":false,"chose_seed":false,"campfire_upgraded":1,"win_rate":0,"timestamp":1556691399,"path_taken":["M","M","?","?","M","R","E","R","T","M","M","?","?","M","R","BOSS","M","?","?","?","$","R","?","E","T","$","R","?","M","M","R","BOSS"],"build_version":"2019-01-23","purchased_purges":0,"victory":false,"max_hp_per_floor":[63,63,63,63,63,63,63,63,63,63,63,63,63,63,63,63,63,63,63,63,63,63,63,63,63,63,63,63,63,63,63,63,63],"card_choices":[{"not_picked":["Deflect","Bane","Underhanded Strike"],"picked":"SKIP","floor":1},{"not_picked":["Backflip","Bouncing Flask"],"picked":"Dagger Spray","floor":2},{"not_picked":["Deflect","Riddle With Holes"],"picked":"Backflip","floor":4},{"not_picked":["Infinite Blades","Night Terror"],"picked":"Quick Slash","floor":5},{"not_picked":["Bouncing Flask","Leg Sweep"],"picked":"Noxious Fumes","floor":7},{"not_picked":["Bane","Dagger Spray"],"picked":"Backflip","floor":10},{"not_picked":["Backflip","Quick Slash"],"picked":"PiercingWail","floor":11},{"not_picked":["Deflect","Well Laid Plans"],"picked":"Footwork","floor":14},{"not_picked":["Night Terror","Grand Finale"],"picked":"Venomology","floor":16},{"not_picked":["PiercingWail","Bane"],"picked":"Cloak And Dagger+1","floor":18},{"not_picked":["Blade Dance","Flechettes"],"picked":"Caltrops+1","floor":19},{"not_picked":["Underhanded Strike","Tactician","Backflip"],"picked":"SKIP","floor":21},{"not_picked":["Unload","Wraith Form v2"],"picked":"Poisoned Stab+1","floor":25},{"not_picked":["Acrobatics","Flying Knee+1"],"picked":"Accuracy","floor":30},{"not_picked":["Dodge and Roll","Deflect"],"picked":"Concentrate+1","floor":31}],"player_experience":473715,"relics_obtained":[{"floor":7,"key":"Bottled Flame"},{"floor":9,"key":"Kunai"},{"floor":25,"key":"Omamori"},{"floor":26,"key":"Blood Vial"}],"event_choices":[{"damage_healed":0,"gold_gain":0,"player_choice":"1 cards matched","damage_taken":0,"max_hp_gain":0,"max_hp_loss":0,"event_name":"Match and Keep!","floor":3,"gold_loss":0,"cards_obtained":["Footwork"]},{"damage_healed":0,"gold_gain":0,"player_choice":"Left Gold","damage_taken":0,"max_hp_gain":0,"max_hp_loss":0,"event_name":"World of Goop","floor":12,"gold_loss":26},{"damage_healed":0,"gold_gain":0,"player_choice":"Upgraded","damage_taken":0,"max_hp_gain":0,"max_hp_loss":0,"event_name":"Upgrade Shrine","floor":13,"gold_loss":0,"cards_upgraded":["Noxious Fumes"]},{"damage_healed":0,"gold_gain":0,"player_choice":"Traded Relic","damage_taken":0,"relics_obtained":["Nloth\u0027s Gift"],"max_hp_gain":0,"max_hp_loss":0,"event_name":"N\u0027loth","floor":20,"relics_lost":["Du-Vu Doll"],"gold_loss":0},{"damage_healed":0,"gold_gain":0,"player_choice":"Ignored","damage_taken":0,"max_hp_gain":0,"max_hp_loss":0,"event_name":"Beggar","floor":24,"gold_loss":0},{"damage_healed":0,"gold_gain":0,"player_choice":"","damage_taken":6,"max_hp_gain":0,"max_hp_loss":0,"event_name":"Knowing Skull","floor":29,"potions_obtained":[],"gold_loss":0,"cards_obtained":[]}],"is_beta":false,"boss_relics":[{"not_picked":["Eternal Feather","Pandora\u0027s Box"],"picked":"Runic Pyramid"}],"items_purged_floors":[],"is_endless":false,"potions_floor_spawned":[1,10,11,19,30,31],"killed_by":"Collector","ascension_level":8}