{"gold_per_floor":[117,117,117,127,16,36,36,36,118,118,0,0,10,24,24,121,121,140,55,55,70,25,25,59,59,83,32,32,50,84,84,84,184,184,199,212,212,224,235,235,249,249,249,249,249,267,295,221,221,221],"floor_reached":51,"playtime":5326,"items_purged":[],"score":753,"play_id":"a5d1bdfc-1956-4f2a-b867-27ffdf2e7d58","local_time":"20181231173714","is_ascension_mode":false,"campfire_choices":[{"data":"Defragment","floor":8,"key":"SMITH"},{"data":"Zap","floor":10,"key":"SMITH"},{"data":"Redo","floor":15,"key":"SMITH"},{"data":"Coolheaded","floor":23,"key":"SMITH"},{"data":"Biased Cognition","floor":25,"key":"SMITH"},{"data":"Rainbow","floor":32,"key":"SMITH"},{"data":"Creative AI","floor":40,"key":"SMITH"},{"data":"Heatsinks","floor":42,"key":"SMITH"},{"data":"Blizzard","floor":44,"key":"SMITH"},{"data":"Creative AI","floor":49,"key":"SMITH"}],"neow_cost":"NONE","seed_source_timestamp":310164347561095,"circlet_count":0,"master_deck":["Defend_B+1","Zap+1","Dualcast","Buffer+1","Darkness+1","Multi-Cast+1","Cold Snap","Skim","Defragment+1","Blizzard","Tempest","Redo+1","Bandage Up","Cold Snap","Blizzard+1","Biased Cognition+1","Redo+1","Coolheaded+1","Coolheaded+1","Glacier","Rainbow+1","Creative AI+1","Redo+1","Bandage Up","Heatsinks+1","Darkness+1","Defragment+1","Creative AI+1"],"relics":["Astrolabe","Mummified Hand","Darkstone Periapt","Inserter","Pantograph","Strawberry","PreservedInsect","Bag of Preparation","Bottled Tornado","Sozu","War Paint","Anchor"],"potions_floor_usage":[],"damage_taken":[{"damage":0,"enemies":"Jaw Worm","floor":1,"turns":3},{"damage":1,"enemies":"Small Slimes","floor":4,"turns":3},{"damage":0,"enemies":"Cultist","floor":6,"turns":4},{"damage":0,"enemies":"Exordium Wildlife","floor":13,"turns":3},{"damage":0,"enemies":"3 Louse","floor":14,"turns":3},{"damage":0,"enemies":"The Guardian","floor":16,"turns":6},{"damage":21,"enemies":"3 Byrds","floor":18,"turns":4},{"damage":5,"enemies":"2 Thieves","floor":21,"turns":4},{"damage":15,"enemies":"Book of Stabbing","floor":24,"turns":5},{"damage":2,"enemies":"Snecko","floor":29,"turns":4},{"damage":18,"enemies":"Slavers","floor":30,"turns":5},{"damage":19,"enemies":"Collector","floor":33,"turns":9},{"damage":0,"enemies":"3 Darklings","floor":35,"turns":5},{"damage":0,"enemies":"Orb Walker","floor":36,"turns":4},{"damage":0,"enemies":"Maw","floor":38,"turns":7},{"damage":0,"enemies":"Spire Growth","floor":39,"turns":5},{"damage":0,"enemies":"Transient","floor":41,"turns":5},{"damage":0,"enemies":"Maw","floor":46,"turns":7},{"damage":0,"enemies":"Nemesis","floor":47,"turns":7},{"damage":53,"enemies":"Awakened One","floor":50,"turns":9}],"seed_played":"-8662977391889822426","potions_obtained":[{"floor":1,"key":"Weak Potion"},{"floor":13,"key":"Block Potion"},{"floor":18,"key":"Swift Potion"},{"floor":33,"key":"Weak Potion"}],"is_trial":false,"path_per_floor":["M","?","?","M","$","M","?","R","T","R","$","?","M","M","R","B",null,"M","?","?","M","$","R","E","R","T","$","?","M","E","?","R","B",null,"M","M","?","M","M","R","M","R","T","R","?","M","E","$","R","B",null],"character_chosen":"DEFECT","items_purchased":["Defragment","Blizzard","Redo","Bandage Up","Coolheaded","Coolheaded","Creative AI"],"campfire_rested":0,"item_purchase_floors":[5,5,11,11,22,27,48],"current_hp_per_floor":[75,75,68,67,67,67,67,67,67,67,67,64,68,72,72,75,75,54,54,54,53,53,53,49,49,49,49,49,47,33,33,33,43,82,82,82,82,82,82,82,82,82,82,82,82,82,82,82,82,33],"gold":221,"neow_bonus":"BOSS_RELIC","is_prod":false,"is_daily":false,"chose_seed":false,"campfire_upgraded":10,"win_rate":0.0,"timestamp":1546299434,"path_taken":["M","?","?","M","$","M","?","R","T","R","$","?","M","M","R","BOSS","M","?","?","M","$","R","E","R","T","$","?","?","E","?","R","BOSS","M","M","?","M","M","R","M","R","T","R","?","?","E","$","R","BOSS"],"build_version":"2018-12-20","purchased_purges":0,"victory":true,"max_hp_per_floor":[75,75,75,75,75,75,75,75,75,75,75,75,75,75,75,75,75,75,75,75,75,75,75,82,82,82,82,82,82,82,82,82,82,82,82,82,82,82,82,82,82,82,82,82,82,82,82,82,82,82],"card_choices":[{"not_picked":["Double Energy","Hologram"],"picked":"Cold Snap","floor":1},{"not_picked":["Streamline","Stack"],"picked":"Skim","floor":4},{"not_picked":["Sweeping Beam","Compile Driver"],"picked":"Tempest","floor":6},{"not_picked":["Stack","Steam Power"],"picked":"Cold Snap","floor":13},{"not_picked":["Scrape","Steam"],"picked":"Blizzard","floor":14},{"not_picked":["Reboot","All For One"],"picked":"Biased Cognition","floor":16},{"not_picked":["Compile Driver","Steam","Redo"],"picked":"SKIP","floor":18},{"not_picked":["Steam","Blizzard+1"],"picked":"Redo+1","floor":21},{"not_picked":["Auto Shields","Hello World","Reinforced Body"],"picked":"SKIP","floor":24},{"not_picked":["Heatsinks","Reinforced Body+1"],"picked":"Glacier","floor":29},{"not_picked":["Scrape+1","Compile Driver"],"picked":"Rainbow","floor":30},{"not_picked":["Rainbow","Amplify"],"picked":"Creative AI","floor":33},{"not_picked":["Beam Cell","Steam+1"],"picked":"Redo+1","floor":35},{"not_picked":["Gash","Conserve Battery","Redo"],"picked":"SKIP","floor":36},{"not_picked":["Purity","Finesse"],"picked":"Bandage Up","floor":37},{"not_picked":["Ball Lightning","Beam Cell+1","Sweeping Beam"],"picked":"SKIP","floor":38},{"not_picked":["Beam Cell","Go for the Eyes","Scrape+1"],"picked":"SKIP","floor":39},{"not_picked":["Ball Lightning+1","FTL+1"],"picked":"Heatsinks","floor":41},{"not_picked":["Lockon","Streamline+1"],"picked":"Darkness+1","floor":46},{"not_picked":["Conserve Battery+1","Blizzard"],"picked":"Defragment+1","floor":47}],"player_experience":139787,"relics_obtained":[{"floor":9,"key":"Mummified Hand"},{"floor":24,"key":"Strawberry"},{"floor":26,"key":"PreservedInsect"},{"floor":30,"key":"Bottled Tornado"},{"floor":43,"key":"War Paint"},{"floor":47,"key":"Anchor"}],"event_choices":[{"cards_removed":["Strike_B"],"damage_healed":0,"gold_gain":0,"player_choice":"Forget","damage_taken":0,"max_hp_gain":0,"max_hp_loss":0,"event_name":"Living Wall","floor":2,"gold_loss":0},{"cards_removed":["Defend_B"],"damage_healed":0,"gold_gain":0,"player_choice":"Card Removal","damage_taken":7,"max_hp_gain":0,"max_hp_loss":0,"event_name":"Golden Wing","floor":3,"gold_loss":0},{"damage_healed":0,"gold_gain":0,"player_choice":"Ignored","damage_taken":0,"max_hp_gain":0,"max_hp_loss":0,"event_name":"Golden Idol","floor":7,"gold_loss":0},{"damage_healed":0,"gold_gain":0,"player_choice":"Success","damage_taken":3,"relics_obtained":["Darkstone Periapt"],"max_hp_gain":0,"max_hp_loss":0,"event_name":"Scrap Ooze","floor":12,"gold_loss":0},{"damage_healed":0,"gold_gain":0,"player_choice":"Obtained Relic","damage_taken":0,"relics_obtained":["Pantograph"],"max_hp_gain":0,"max_hp_loss":0,"event_name":"Addict","floor":19,"gold_loss":85},{"cards_removed":["Strike_B"],"damage_healed":0,"gold_gain":0,"player_choice":"Elegance","damage_taken":0,"max_hp_gain":0,"max_hp_loss":0,"event_name":"Back to Basics","floor":20,"gold_loss":0},{"damage_healed":0,"gold_gain":0,"player_choice":"Gave Potion","damage_taken":0,"relics_obtained":["Bag of Preparation"],"max_hp_gain":0,"max_hp_loss":0,"event_name":"WeMeetAgain","floor":28,"gold_loss":0},{"damage_healed":0,"gold_gain":0,"player_choice":"Ignored","damage_taken":0,"max_hp_gain":0,"max_hp_loss":0,"event_name":"The Mausoleum","floor":31,"gold_loss":0},{"damage_healed":0,"gold_gain":0,"player_choice":"Memory 1","damage_taken":0,"max_hp_gain":0,"max_hp_loss":0,"event_name":"SensoryStone","floor":37,"gold_loss":0},{"cards_removed":["Defend_B"],"damage_healed":0,"gold_gain":0,"player_choice":"Purged","damage_taken":0,"max_hp_gain":0,"max_hp_loss":0,"event_name":"Purifier","floor":45,"gold_loss":0}],"is_beta":false,"boss_relics":[{"not_picked":["Black Star","Lizard Tail"],"picked":"Inserter"},{"not_picked":["Runic Dome","Eternal Feather"],"picked":"Sozu"}],"items_purged_floors":[],"is_endless":false,"potions_floor_spawned":[1,13,18,21,33,35,38],"ascension_level":0}