{"gold_per_floor":[218,77,90,90,90,115,115,144,191,202,212,212,224,257,257,357,357,377,377,111,128,33,59,59,87,111,143,143,172,172,184,184,286,286,300,300,320,331,331,356,356,376,376,376,386,386,413,513,513,513],"floor_reached":51,"playtime":2114,"items_purged":["Strike_R"],"score":951,"play_id":"de6ff100-9780-4452-a3b9-9e727b9ee6ac","local_time":"20190507160942","is_ascension_mode":false,"campfire_choices":[{"data":"Whirlwind","floor":7,"key":"SMITH"},{"data":"Armaments","floor":12,"key":"SMITH"},{"data":"Disarm","floor":15,"key":"SMITH"},{"data":"Rage","floor":24,"key":"SMITH"},{"data":"Uppercut","floor":28,"key":"SMITH"},{"data":"Immolate","floor":30,"key":"SMITH"},{"data":"Juggernaut","floor":32,"key":"SMITH"},{"data":"Inflame","floor":41,"key":"SMITH"},{"data":"Limit Break","floor":44,"key":"SMITH"},{"data":"Shockwave","floor":49,"key":"SMITH"}],"neow_cost":"NONE","seed_source_timestamp":299057939488100,"circlet_count":0,"master_deck":["Strike_R","Strike_R","Strike_R","Strike_R","Defend_R","Defend_R+1","Defend_R","Defend_R+1","Bash","Iron Wave","Armaments+1","Immolate","Whirlwind+1","Disarm+1","Iron Wave","Metallicize","Rage+1","Ghostly Armor","Immolate+1","Shrug It Off+1","Feed","Headbutt+1","Uppercut+1","Disarm","Anger","Juggernaut+1","Evolve+1","Double Tap","Carnage+1","Cleave+1","Inflame+1","Pommel Strike+1","Limit Break+1","Dual Wield+1","Shrug It Off+1","Corruption+1","Apotheosis","Blind","Shockwave+1","True Grit+1"],"relics":["Burning Blood","Potion Belt","Prayer Wheel","Pear","Self Forming Clay","Pen Nib","Kunai","Mark of Pain","Membership Card","PreservedInsect","Dodecahedron","Bird Faced Urn","War Paint","Mango","Bottled Lightning","Philosopher\u0027s Stone","Frozen Egg 2","Sundial","Bag of Marbles","Magic Flower"],"potions_floor_usage":[6,14,25,45,50,50],"damage_taken":[{"damage":12,"enemies":"Jaw Worm","floor":1,"turns":5},{"damage":2,"enemies":"Small Slimes","floor":3,"turns":4},{"damage":26,"enemies":"Gremlin Nob","floor":6,"turns":4},{"damage":24,"enemies":"Lagavulin","floor":8,"turns":7},{"damage":0,"enemies":"Cultist","floor":10,"turns":2},{"damage":1,"enemies":"2 Fungi Beasts","floor":11,"turns":3},{"damage":0,"enemies":"Exordium Thugs","floor":13,"turns":3},{"damage":1,"enemies":"Gremlin Nob","floor":14,"turns":4},{"damage":8,"enemies":"Hexaghost","floor":16,"turns":11},{"damage":0,"enemies":"3 Byrds","floor":18,"turns":4},{"damage":0,"enemies":"Spheric Guardian","floor":21,"turns":3},{"damage":0,"enemies":"Gremlin Leader","floor":23,"turns":5},{"damage":8,"enemies":"Slavers","floor":25,"turns":5},{"damage":0,"enemies":"Gremlin Leader","floor":27,"turns":5},{"damage":12,"enemies":"Book of Stabbing","floor":29,"turns":5},{"damage":0,"enemies":"Cultist and Chosen","floor":31,"turns":2},{"damage":28,"enemies":"Champ","floor":33,"turns":10},{"damage":0,"enemies":"3 Darklings","floor":35,"turns":1},{"damage":0,"enemies":"Orb Walker","floor":37,"turns":3},{"damage":0,"enemies":"Transient","floor":38,"turns":5},{"damage":0,"enemies":"Giant Head","floor":40,"turns":6},{"damage":3,"enemies":"4 Shapes","floor":42,"turns":5},{"damage":22,"enemies":"Maw","floor":45,"turns":7},{"damage":29,"enemies":"Nemesis","floor":47,"turns":7},{"damage":0,"enemies":"Mind Bloom Boss Battle","floor":48,"turns":9},{"damage":9,"enemies":"Time Eater","floor":50,"turns":14}],"seed_played":"3080395940155470595","potions_obtained":[{"floor":6,"key":"FearPotion"},{"floor":11,"key":"Energy Potion"},{"floor":13,"key":"SpeedPotion"},{"floor":16,"key":"SteroidPotion"},{"floor":23,"key":"Regen Potion"},{"floor":31,"key":"BloodPotion"},{"floor":36,"key":"Swift Potion"},{"floor":36,"key":"Ancient Potion"},{"floor":45,"key":"Ancient Potion"}],"is_trial":false,"path_per_floor":["M","$","M","?","?","E","R","E","T","M","M","R","M","E","R","B",null,"M","?","$","M","$","E","R","E","T","E","R","E","R","M","R","B",null,"M","?","M","M","?","E","R","M","T","R","M","?","E","?","R","B",null],"character_chosen":"IRONCLAD","items_purchased":["Iron Wave","Armaments","FearPotion","Membership Card","Feed","Disarm","PreservedInsect"],"campfire_rested":0,"item_purchase_floors":[2,2,2,20,20,22,22],"current_hp_per_floor":[74,74,78,60,60,50,50,32,32,38,43,43,49,54,54,52,90,90,90,90,90,90,90,90,91,91,110,110,106,106,110,110,91,110,110,110,113,113,113,113,113,116,116,116,104,94,81,93,93,117],"gold":513,"neow_bonus":"HUNDRED_GOLD","is_prod":false,"is_daily":false,"chose_seed":false,"campfire_upgraded":10,"win_rate":1,"timestamp":1557270582,"path_taken":["M","$","M","?","?","E","R","E","T","?","M","R","M","E","R","BOSS","M","?","?","M","$","E","R","E","T","E","R","E","R","M","R","BOSS","M","?","?","M","?","E","R","M","T","R","M","?","E","?","R","BOSS"],"build_version":"2019-01-23","purchased_purges":1,"victory":true,"max_hp_per_floor":[80,80,80,80,80,90,90,90,90,90,90,90,90,90,90,90,90,90,90,90,90,90,90,90,93,93,110,110,110,110,110,110,110,110,110,110,113,113,113,113,113,116,116,116,116,116,116,116,116,120],"card_choices":[{"not_picked":["Havoc","Body Slam","Warcry"],"picked":"SKIP","floor":1},{"not_picked":["Disarm","Clothesline"],"picked":"Immolate","floor":3},{"not_picked":["Warcry","Clash"],"picked":"Whirlwind","floor":6},{"not_picked":["Whirlwind","Clash"],"picked":"Disarm","floor":8},{"not_picked":["Flex","Dark Embrace"],"picked":"Iron Wave","floor":10},{"not_picked":["Pommel Strike","Cleave","Blood for Blood"],"picked":"SKIP","floor":10},{"not_picked":["Armaments","Whirlwind"],"picked":"Metallicize","floor":11},{"not_picked":["Heavy Blade","Havoc","Cleave"],"picked":"SKIP","floor":11},{"not_picked":["Clash","Sword Boomerang"],"picked":"Headbutt","floor":13},{"not_picked":["Burning Pact","Body Slam"],"picked":"Rage","floor":13},{"not_picked":["Havoc","Iron Wave"],"picked":"Ghostly Armor","floor":14},{"not_picked":["Impervious","Bludgeon"],"picked":"Immolate","floor":16},{"not_picked":["Seeing Red","Iron Wave"],"picked":"Shrug It Off+1","floor":18},{"not_picked":["Thunderclap+1","Flex","Blood for Blood"],"picked":"SKIP","floor":18},{"not_picked":["Armaments+1","Blood for Blood"],"picked":"Headbutt+1","floor":21},{"not_picked":["Clash","Thunderclap+1"],"picked":"Uppercut","floor":21},{"not_picked":["Blood for Blood","Twin Strike"],"picked":"Anger","floor":23},{"not_picked":["Dark Embrace","Flex"],"picked":"Juggernaut","floor":25},{"not_picked":["Dropkick+1","True Grit"],"picked":"Evolve+1","floor":27},{"not_picked":["Searing Blow+1","Carnage","Sentinel"],"picked":"SKIP","floor":29},{"not_picked":["Thunderclap","Anger","Warcry"],"picked":"SKIP","floor":31},{"not_picked":["Second Wind","Flex+1","Wild Strike"],"picked":"SKIP","floor":31},{"not_picked":["Immolate","Bludgeon"],"picked":"Double Tap","floor":33},{"not_picked":["Dropkick","Pommel Strike"],"picked":"Carnage+1","floor":35},{"not_picked":["Perfected Strike","Pommel Strike"],"picked":"Cleave+1","floor":35},{"not_picked":["Anger","Bloodletting+1"],"picked":"Inflame","floor":37},{"not_picked":["Infernal Blade+1","Pummel","Clash+1"],"picked":"SKIP","floor":37},{"not_picked":["Wild Strike","Twin Strike"],"picked":"Pommel Strike+1","floor":38},{"not_picked":["Sever Soul+1","Wild Strike","Thunderclap"],"picked":"SKIP","floor":38},{"not_picked":["Body Slam+1","Power Through+1"],"picked":"Limit Break","floor":40},{"not_picked":["Iron Wave+1","Uppercut"],"picked":"Dual Wield+1","floor":42},{"not_picked":["Armaments+1","Heavy Blade+1","Clash"],"picked":"SKIP","floor":42},{"not_picked":["Rampage","Entrench+1"],"picked":"Shrug It Off+1","floor":45},{"not_picked":["Fire Breathing+1","Combust+1"],"picked":"Corruption+1","floor":45},{"not_picked":["Impatience","Purity"],"picked":"Apotheosis","floor":46},{"not_picked":["Flash of Steel","Apotheosis"],"picked":"Blind","floor":46},{"not_picked":["True Grit","Wild Strike"],"picked":"Shockwave","floor":47},{"not_picked":["Armaments+1","Corruption+1"],"picked":"True Grit+1","floor":48}],"player_experience":751696,"relics_obtained":[{"floor":5,"key":"Prayer Wheel"},{"floor":6,"key":"Pear"},{"floor":8,"key":"Self Forming Clay"},{"floor":9,"key":"Pen Nib"},{"floor":14,"key":"Kunai"},{"floor":23,"key":"Dodecahedron"},{"floor":25,"key":"Bird Faced Urn"},{"floor":26,"key":"War Paint"},{"floor":27,"key":"Mango"},{"floor":29,"key":"Bottled Lightning"},{"floor":40,"key":"Frozen Egg 2"},{"floor":43,"key":"Sundial"},{"floor":47,"key":"Bag of Marbles"},{"floor":48,"key":"Magic Flower"}],"event_choices":[{"damage_healed":0,"gold_gain":0,"player_choice":"Success","damage_taken":18,"relics_obtained":["Potion Belt"],"max_hp_gain":0,"max_hp_loss":0,"event_name":"Scrap Ooze","floor":4,"gold_loss":0},{"damage_healed":0,"gold_gain":0,"player_choice":"Relic","damage_taken":0,"max_hp_gain":0,"max_hp_loss":0,"event_name":"Wheel of Change","floor":5,"gold_loss":0},{"damage_healed":0,"gold_gain":0,"player_choice":"Ignored","damage_taken":0,"max_hp_gain":0,"max_hp_loss":0,"event_name":"NoteForYourself","floor":19,"gold_loss":0},{"damage_healed":0,"gold_gain":0,"player_choice":"Got Potions","damage_taken":0,"max_hp_gain":0,"max_hp_loss":0,"event_name":"Lab","floor":36,"gold_loss":0},{"cards_removed":["Headbutt"],"damage_healed":0,"gold_gain":0,"player_choice":"Removed Attack","damage_taken":0,"max_hp_gain":0,"max_hp_loss":0,"event_name":"Falling","floor":39,"gold_loss":0},{"damage_healed":0,"gold_gain":0,"player_choice":"Memory 3","damage_taken":10,"max_hp_gain":0,"max_hp_loss":0,"event_name":"SensoryStone","floor":46,"gold_loss":0},{"damage_healed":0,"gold_gain":0,"player_choice":"Fight","damage_taken":0,"max_hp_gain":0,"max_hp_loss":0,"event_name":"MindBloom","floor":48,"gold_loss":0}],"is_beta":false,"boss_relics":[{"not_picked":["Busted Crown","Astrolabe"],"picked":"Mark of Pain"},{"not_picked":["Runic Pyramid","Tiny House"],"picked":"Philosopher\u0027s Stone"}],"items_purged_floors":[20],"is_endless":false,"potions_floor_spawned":[6,11,13,16,23,31,38,42,45],"ascension_level":0}