{"gold_per_floor":[116,116,135,152,171,196,196,223,223,11,33,53,53,153,153,252,352,367,383,333,346,296,331,331,281,281,281,281],"floor_reached":28,"playtime":3121,"items_purged":["Strike_G","Strike_G","Defend_G","Defend_G"],"score":271,"play_id":"46dd1aaf-6955-474e-b2a1-209fcb8d6510","local_time":"20190508140628","is_ascension_mode":false,"campfire_choices":[{"floor":13,"key":"REST"},{"floor":15,"key":"REST"},{"floor":24,"key":"REST"},{"floor":27,"key":"REST"}],"neow_cost":"NONE","seed_source_timestamp":47167772776700,"circlet_count":0,"master_deck":["Defend_G","Defend_G","Defend_G","Strike_G","Strike_G","Strike_G","Survivor","Neutralize","Caltrops","Backflip","Backflip","Bouncing Flask","Escape Plan","Deadly Poison","Leg Sweep","ReplayTheSpireMod:Speed Training","After Image","Escape Plan","Malaise","Well Laid Plans"],"relics":["Orrery","Art of War","Blue Doll","Smiling Mask","Odd Mushroom","Replay:Wanted Poster","Toxic Egg 2","PreservedInsect"],"potions_floor_usage":[1,3,6,6,8,11,16,23,23],"damage_taken":[{"damage":5,"enemies":"Small Slimes","floor":1,"turns":5},{"damage":0,"enemies":"Cultist","floor":3,"turns":3},{"damage":2,"enemies":"Jaw Worm","floor":4,"turns":4},{"damage":4,"enemies":"Looter","floor":5,"turns":4},{"damage":11,"enemies":"3 Sentries","floor":6,"turns":9},{"damage":12,"enemies":"Gremlin Nob","floor":8,"turns":3},{"damage":30,"enemies":"The Mushroom Lair","floor":11,"turns":8},{"damage":1,"enemies":"2 Fungi Beasts","floor":12,"turns":4},{"damage":8,"enemies":"The Guardian","floor":16,"turns":11},{"damage":2,"enemies":"3 Byrds","floor":18,"turns":4},{"damage":6,"enemies":"Spheric Guardian","floor":19,"turns":5},{"damage":0,"enemies":"Shelled Parasite and Fungi","floor":21,"turns":7},{"damage":41,"enemies":"Slavers","floor":23,"turns":7},{"damage":74,"enemies":"3 Cultists","floor":28,"turns":8}],"seed_played":"2830950474985466881","potions_obtained":[{"floor":1,"key":"Fruit Juice"},{"floor":2,"key":"PowerPotion"},{"floor":2,"key":"Weak Potion"},{"floor":2,"key":"Dexterity Potion"},{"floor":5,"key":"Death Potion"},{"floor":8,"key":"Swift Potion"},{"floor":11,"key":"Explosive Potion"},{"floor":18,"key":"Poison Potion"},{"floor":19,"key":"PowerPotion"}],"is_trial":false,"path_per_floor":["M","?","M","M","M","E","?","E","T","$","?","M","R","?","R","B",null,"M","M","$","M","$","E","R","$","T","R","M"],"character_chosen":"THE_SILENT","items_purchased":["After Image"],"campfire_rested":4,"item_purchase_floors":[10],"current_hp_per_floor":[70,70,70,68,64,53,75,63,63,63,33,32,54,54,75,67,75,73,67,67,67,67,26,48,48,48,70,0],"gold":281,"neow_bonus":"BOSS_RELIC","is_prod":false,"is_daily":false,"chose_seed":false,"campfire_upgraded":0,"win_rate":0.0,"timestamp":1557281188,"path_taken":["M","?","M","?","M","E","?","E","T","$","?","M","R","?","R","BOSS","M","M","$","M","$","E","R","?","T","R","M"],"build_version":"2019-01-23","purchased_purges":4,"victory":false,"max_hp_per_floor":[75,75,75,75,75,75,75,75,75,75,75,75,75,75,75,75,75,75,75,75,75,75,75,75,75,75,75,75],"card_choices":[{"not_picked":["Terror","Masterful Stab"],"picked":"Caltrops","floor":0},{"not_picked":["Underhanded Strike","Expertise"],"picked":"Backflip","floor":0},{"not_picked":["Distraction","Predator"],"picked":"Backflip","floor":0},{"not_picked":["Masterful Stab","Deadly Poison"],"picked":"Bouncing Flask","floor":1},{"not_picked":["Sucker Punch","PiercingWail"],"picked":"Escape Plan","floor":3},{"not_picked":["Prepared","Dodge and Roll","Backflip"],"picked":"SKIP","floor":4},{"not_picked":["Dagger Spray","Underhanded Strike"],"picked":"Deadly Poison","floor":5},{"not_picked":["Infinite Blades","Poisoned Stab"],"picked":"Leg Sweep","floor":6},{"not_picked":["Blade Dance","Cloak And Dagger"],"picked":"ReplayTheSpireMod:Speed Training","floor":8},{"not_picked":["Underhanded Strike","Slice"],"picked":"Escape Plan","floor":12},{"not_picked":["Atom Bomb","Poison Darts"],"picked":"Malaise","floor":16},{"not_picked":["Backflip","Terror","Quick Slash"],"picked":"SKIP","floor":18},{"not_picked":["Sucker Punch+1","PiercingWail"],"picked":"Well Laid Plans","floor":19},{"not_picked":["Quick Slash+1","Leg Sweep","Deflect+1"],"picked":"SKIP","floor":21},{"not_picked":["Bullet Time","Terror","Sucker Punch"],"picked":"SKIP","floor":23}],"player_experience":143381,"relics_obtained":[{"floor":6,"key":"Art of War"},{"floor":8,"key":"Blue Doll"},{"floor":9,"key":"Smiling Mask"},{"floor":11,"key":"Odd Mushroom"},{"floor":23,"key":"Toxic Egg 2"},{"floor":26,"key":"PreservedInsect"}],"event_choices":[{"damage_healed":0,"gold_gain":0,"player_choice":"Got Potions","damage_taken":0,"max_hp_gain":0,"max_hp_loss":0,"event_name":"Lab","floor":2,"gold_loss":0},{"damage_healed":25,"gold_gain":0,"player_choice":"Banana","damage_taken":0,"max_hp_gain":0,"max_hp_loss":0,"event_name":"Big Fish","floor":7,"gold_loss":0},{"damage_healed":0,"gold_gain":0,"player_choice":"Fought Mushrooms","damage_taken":0,"max_hp_gain":0,"max_hp_loss":0,"event_name":"Mushrooms","floor":11,"gold_loss":0},{"damage_healed":0,"gold_gain":100,"player_choice":"Pray","damage_taken":0,"max_hp_gain":0,"max_hp_loss":0,"event_name":"Golden Shrine","floor":14,"gold_loss":0}],"is_beta":false,"boss_relics":[{"not_picked":["Painkiller Herb","Replay:Cursed D8"],"picked":"Replay:Wanted Poster"}],"items_purged_floors":[10,20,22,25],"is_endless":false,"potions_floor_spawned":[1,5,8,11,18,19],"killed_by":"3 Cultists","ascension_level":0}