{"gold_per_floor":[112,21,36,211,211,211,225,225,225,225,225,238,271,291,291,386,386,398,241,271,271],"floor_reached":21,"playtime":1484,"items_purged":[],"score":195,"play_id":"36ee0491-ce7f-490e-9be0-75825a46e0e6","local_time":"20190130225057","is_ascension_mode":true,"campfire_choices":[{"data":"Noxious Fumes","floor":6,"key":"SMITH"},{"data":"Neutralize","floor":8,"key":"SMITH"},{"data":"Bouncing Flask","floor":10,"key":"SMITH"},{"floor":15,"key":"REST"}],"neow_cost":"NONE","seed_source_timestamp":60717250139331,"circlet_count":0,"master_deck":["Survivor","Neutralize+1","Underhanded Strike+1","Deadly Poison","Noxious Fumes+1","Backflip","Bouncing Flask+1","Doubt","Deadly Poison","Escape Plan","Bane","Reflex","Deflect","Backstab+1","Malaise","Calculated Gamble","Accuracy","Accuracy","Acrobatics","Leg Sweep+1"],"relics":["Ring of the Snake","Boot","Ancient Tea Set","Pandora\u0027s Box","Whetstone","Red Mask"],"potions_floor_usage":[13,18],"damage_taken":[{"damage":11,"enemies":"Jaw Worm","floor":1,"turns":7},{"damage":6,"enemies":"Small Slimes","floor":3,"turns":4},{"damage":1,"enemies":"2 Louse","floor":7,"turns":3},{"damage":6,"enemies":"2 Fungi Beasts","floor":12,"turns":4},{"damage":18,"enemies":"3 Sentries","floor":13,"turns":7},{"damage":14,"enemies":"3 Louse","floor":14,"turns":3},{"damage":12,"enemies":"Hexaghost","floor":16,"turns":7},{"damage":16,"enemies":"3 Byrds","floor":18,"turns":4},{"damage":49,"enemies":"Masked Bandits","floor":20,"turns":5}],"seed_played":"-6635349794651507473","potions_obtained":[{"floor":7,"key":"LiquidBronze"},{"floor":12,"key":"SkillPotion"},{"floor":14,"key":"GhostInAJar"},{"floor":16,"key":"GamblersBrew"}],"is_trial":false,"path_per_floor":["M","$","M","?","?","R","M","R","T","R","?","M","E","M","R","B",null,"M","$","?","?"],"character_chosen":"THE_SILENT","items_purchased":["Noxious Fumes","Backflip","Whetstone"],"campfire_rested":1,"item_purchase_floors":[2,2,19],"current_hp_per_floor":[59,59,53,53,58,58,57,57,57,57,50,44,26,12,34,22,75,59,59,10,0],"gold":271,"neow_bonus":"TRANSFORM_CARD","is_prod":false,"is_daily":false,"chose_seed":false,"campfire_upgraded":3,"win_rate":0,"timestamp":1548910257,"path_taken":["M","$","M","?","?","R","M","R","T","R","?","M","E","M","R","BOSS","M","$","?","?"],"build_version":"2019-01-23","purchased_purges":0,"victory":false,"max_hp_per_floor":[70,70,70,70,75,75,75,75,75,75,75,75,75,75,75,75,75,75,75,75,75],"card_choices":[{"not_picked":["Deflect","Sucker Punch"],"picked":"Deadly Poison","floor":1},{"not_picked":["Quick Slash","Blade Dance"],"picked":"Bouncing Flask","floor":3},{"not_picked":["Concentrate","Reflex"],"picked":"Deadly Poison","floor":7},{"not_picked":["Dodge and Roll","Dagger Throw"],"picked":"Escape Plan","floor":12},{"not_picked":["Deadly Poison","Acrobatics","Night Terror"],"picked":"SKIP","floor":13},{"not_picked":["Deadly Poison","Acrobatics"],"picked":"Bane","floor":14},{"not_picked":["Quick Slash+1","Tactician","Cloak And Dagger"],"picked":"SKIP","floor":18},{"not_picked":["Deflect","Reflex"],"picked":"Leg Sweep+1","floor":20}],"player_experience":284163,"relics_obtained":[{"floor":9,"key":"Boot"},{"floor":13,"key":"Ancient Tea Set"},{"floor":20,"key":"Red Mask"}],"event_choices":[{"damage_healed":0,"gold_gain":175,"player_choice":"AGREE","damage_taken":0,"max_hp_gain":0,"max_hp_loss":0,"event_name":"Liars Game","floor":4,"gold_loss":0,"cards_obtained":["Doubt"]},{"damage_healed":0,"gold_gain":0,"player_choice":"Donut","damage_taken":0,"max_hp_gain":5,"max_hp_loss":0,"event_name":"Big Fish","floor":5,"gold_loss":0},{"cards_removed":["Strike_G"],"damage_healed":0,"gold_gain":0,"player_choice":"Card Removal","damage_taken":7,"max_hp_gain":0,"max_hp_loss":0,"event_name":"Golden Wing","floor":11,"gold_loss":0},{"damage_healed":0,"gold_gain":0,"player_choice":"Fought Bandits","damage_taken":0,"max_hp_gain":0,"max_hp_loss":0,"event_name":"Masked Bandits","floor":20,"gold_loss":0}],"is_beta":false,"boss_relics":[{"not_picked":["Runic Dome","Orrery"],"picked":"Pandora\u0027s Box"}],"items_purged_floors":[],"is_endless":false,"potions_floor_spawned":[7,12,14,16],"ascension_level":2}