{"gold_per_floor":[118,193,193,209,11,44,44,58,58,77,108,108,122,122,122,223,223,223],"floor_reached":18,"playtime":744,"items_purged":["Strike_R"],"score":273,"play_id":"2e8bc0aa-216e-42e3-8880-14217f144fcf","local_time":"20190505222702","is_ascension_mode":true,"campfire_choices":[{"data":"True Grit","floor":7,"key":"SMITH"},{"data":"Demon Form","floor":15,"key":"SMITH"}],"neow_cost":"NONE","seed_source_timestamp":783219348296575,"circlet_count":0,"master_deck":["Strike_R","Strike_R","Strike_R","Defend_R","Defend_R","Defend_R","Defend_R","Bash","Thunderclap","Flex","Demon Form+1","Cleave","True Grit+1","Cleave","Pommel Strike","Feel No Pain","Dark Embrace"],"relics":["Burning Blood","NeowsBlessing","Red Skull","Blue Candle","Paper Frog","Bottled Flame","Philosopher\u0027s Stone"],"potions_floor_usage":[16,16,16],"damage_taken":[{"damage":0,"enemies":"2 Louse","floor":1,"turns":1},{"damage":0,"enemies":"Jaw Worm","floor":4,"turns":1},{"damage":0,"enemies":"3 Sentries","floor":6,"turns":1},{"damage":0,"enemies":"Small Slimes","floor":8,"turns":3},{"damage":15,"enemies":"3 Louse","floor":10,"turns":2},{"damage":20,"enemies":"Lagavulin","floor":11,"turns":5},{"damage":9,"enemies":"2 Fungi Beasts","floor":13,"turns":3},{"damage":29,"enemies":"Hexaghost","floor":16,"turns":8},{"damage":83,"enemies":"3 Byrds","floor":18,"turns":4}],"seed_played":"7113368544083180298","potions_obtained":[{"floor":4,"key":"Energy Potion"},{"floor":8,"key":"Poison Potion"},{"floor":10,"key":"Weak Potion"},{"floor":13,"key":"Fruit Juice"}],"is_trial":false,"path_per_floor":["M","?","$","M","$","E","R","M","T","M","E","?","M","T","R","B",null,"M"],"character_chosen":"IRONCLAD","items_purchased":["Demon Form","Cleave"],"campfire_rested":0,"item_purchase_floors":[5,5],"current_hp_per_floor":[78,67,67,73,73,79,79,80,80,71,57,50,47,47,47,29,71,0],"gold":223,"neow_bonus":"THREE_ENEMY_KILL","is_prod":false,"is_daily":false,"chose_seed":false,"campfire_upgraded":2,"win_rate":0,"timestamp":1557113222,"path_taken":["M","?","$","M","$","E","R","M","T","M","E","?","M","?","R","BOSS","M"],"build_version":"2019-01-23","purchased_purges":1,"victory":false,"max_hp_per_floor":[80,80,80,80,80,80,80,80,80,80,80,80,80,80,80,85,85,85],"card_choices":[{"not_picked":["Havoc","Flex"],"picked":"Thunderclap","floor":1},{"not_picked":["Warcry","Burning Pact"],"picked":"Flex","floor":4},{"not_picked":["Perfected Strike","Intimidate"],"picked":"True Grit","floor":6},{"not_picked":["Metallicize","Combust"],"picked":"Cleave","floor":8},{"not_picked":["Body Slam","Flex"],"picked":"Pommel Strike","floor":10},{"not_picked":["Anger","Thunderclap"],"picked":"Feel No Pain","floor":11},{"not_picked":["Wild Strike","Clash","Power Through"],"picked":"SKIP","floor":13},{"not_picked":["Juggernaut","Brutality"],"picked":"Dark Embrace","floor":16}],"player_experience":599731,"relics_obtained":[{"floor":6,"key":"Red Skull"},{"floor":9,"key":"Blue Candle"},{"floor":11,"key":"Paper Frog"},{"floor":14,"key":"Bottled Flame"}],"event_choices":[{"damage_healed":0,"gold_gain":75,"player_choice":"Gather Gold","damage_taken":11,"max_hp_gain":0,"max_hp_loss":0,"event_name":"World of Goop","floor":2,"gold_loss":0},{"cards_removed":["Strike_R"],"damage_healed":0,"gold_gain":0,"player_choice":"Card Removal","damage_taken":7,"max_hp_gain":0,"max_hp_loss":0,"event_name":"Golden Wing","floor":12,"gold_loss":0}],"is_beta":false,"boss_relics":[{"not_picked":["Runic Pyramid","Coffee Dripper"],"picked":"Philosopher\u0027s Stone"}],"items_purged_floors":[5],"is_endless":false,"potions_floor_spawned":[4,8,10,13],"killed_by":"3 Byrds","ascension_level":8}