{"gold_per_floor":[114,69,69,82,98,98,98,127,127,157,173,173,144,161,161,259,259,259,259,270,283,298,298],"floor_reached":23,"playtime":3315,"items_purged":[],"score":274,"play_id":"9616fc8c-dbf6-418c-bfbe-b5853bddf780","local_time":"20190504153109","is_ascension_mode":true,"campfire_choices":[{"data":"True Grit","floor":6.0,"key":"SMITH"},{"data":"Shockwave","floor":12.0,"key":"SMITH"},{"floor":15.0,"key":"REST"}],"neow_cost":"NONE","seed_source_timestamp":0,"circlet_count":0,"master_deck":["Strike_R","Strike_R","Strike_R","Strike_R","Defend_R","Defend_R","Defend_R","Defend_R","Bash+1","Cleave","Clothesline","True Grit+1","Shockwave+1","Shrug It Off","Double Tap","Juggernaut+1","Inflame+1","Feel No Pain+1","True Grit"],"special_seed":0,"relics":["Burning Blood","Frozen Egg 2","Blue Candle","Bag of Marbles","Sozu"],"potions_floor_usage":[23,23,23],"damage_taken":[{"damage":10.0,"enemies":"Small Slimes","floor":1.0,"turns":4.0},{"damage":0.0,"enemies":"Cultist","floor":4.0,"turns":3.0},{"damage":6.0,"enemies":"2 Louse","floor":5.0,"turns":3.0},{"damage":31.0,"enemies":"Lagavulin","floor":8.0,"turns":7.0},{"damage":20.0,"enemies":"Gremlin Nob","floor":10.0,"turns":5.0},{"damage":7.0,"enemies":"Gremlin Gang","floor":11.0,"turns":2.0},{"damage":3.0,"enemies":"2 Fungi Beasts","floor":14.0,"turns":4.0},{"damage":48.0,"enemies":"The Guardian","floor":16.0,"turns":16.0},{"damage":34,"enemies":"3 Byrds","floor":18,"turns":5},{"damage":5,"enemies":"Chosen","floor":20,"turns":5},{"damage":42,"enemies":"Shelled Parasite and Fungi","floor":21,"turns":6},{"damage":23,"enemies":"Snake Plant","floor":22,"turns":4},{"damage":29,"enemies":"Slavers","floor":23,"turns":2}],"seed_played":"-8273058291057138182","potions_obtained":[{"floor":4.0,"key":"Explosive Potion"},{"floor":5.0,"key":"Explosive Potion"},{"floor":10.0,"key":"SpeedPotion"},{"floor":11.0,"key":"AttackPotion"}],"is_trial":false,"path_per_floor":["M","$","?","M","M","R","?","E","T","E","M","R","?","M","R","B",null,"M","?","M","M","M","E"],"character_chosen":"IRONCLAD","items_purchased":["True Grit"],"campfire_rested":1,"item_purchase_floors":[2],"current_hp_per_floor":[68,68,68,74,74,74,74,49,49,35,34,34,34,37,61,19,65,37,80,80,44,27,0],"gold":298,"neow_bonus":"THREE_CARDS","is_prod":false,"is_daily":false,"chose_seed":false,"campfire_upgraded":2,"win_rate":0,"timestamp":1557001869,"path_taken":["M","$","?","M","?","R","?","E","T","E","?","R","?","M","R","BOSS","M","?","?","M","?","E"],"build_version":"2019-01-23","purchased_purges":0,"victory":false,"max_hp_per_floor":[80,80,80,80,80,80,80,80,80,80,80,80,80,80,80,80,80,80,80,80,80,80,80],"card_choices":[{"not_picked":["Armaments","Sentinel"],"picked":"Cleave","floor":0.0},{"not_picked":["Blood for Blood","Perfected Strike"],"picked":"Clothesline","floor":1.0},{"not_picked":["Heavy Blade","Warcry","Flame Barrier"],"picked":"SKIP","floor":4.0},{"not_picked":["Headbutt","Power Through"],"picked":"Shockwave","floor":5.0},{"not_picked":["Pommel Strike","Perfected Strike"],"picked":"Shrug It Off","floor":8.0},{"not_picked":["Infernal Blade","Warcry"],"picked":"Double Tap","floor":10.0},{"not_picked":["Dual Wield","Sword Boomerang","Corruption+1"],"picked":"SKIP","floor":11.0},{"not_picked":["Dual Wield","Sword Boomerang","Corruption+1"],"picked":"SKIP","floor":11.0},{"not_picked":["Infernal Blade","Flex","Corruption+1"],"picked":"SKIP","floor":14.0},{"not_picked":["Brutality+1","Reaper"],"picked":"Juggernaut+1","floor":16.0},{"not_picked":["Clothesline+1","Sword Boomerang","Body Slam"],"picked":"SKIP","floor":18},{"not_picked":["Anger","Pummel"],"picked":"Inflame+1","floor":20},{"not_picked":["Sword Boomerang","Pommel Strike"],"picked":"Feel No Pain+1","floor":21},{"not_picked":["Headbutt","Immolate"],"picked":"True Grit","floor":22}],"player_experience":573992,"relics_obtained":[{"floor":8.0,"key":"Frozen Egg 2"},{"floor":9.0,"key":"Blue Candle"},{"floor":10.0,"key":"Bag of Marbles"}],"event_choices":[{"damage_healed":0.0,"max_hp_gain":0.0,"max_hp_loss":0.0,"gold_gain":0.0,"event_name":"Accursed Blacksmith","player_choice":"Forge","floor":3.0,"gold_loss":0.0,"damage_taken":0.0,"cards_upgraded":["Bash"]},{"cards_removed":["Strike_R"],"damage_healed":0.0,"max_hp_gain":0.0,"max_hp_loss":0.0,"gold_gain":0.0,"event_name":"Purifier","player_choice":"Purged","floor":7.0,"gold_loss":0.0,"damage_taken":0.0},{"damage_healed":0.0,"max_hp_gain":0.0,"max_hp_loss":0.0,"gold_gain":0.0,"event_name":"World of Goop","player_choice":"Left Gold","floor":13.0,"gold_loss":29.0,"damage_taken":0.0},{"damage_healed":43,"gold_gain":0,"player_choice":"Full Heal","damage_taken":0,"max_hp_gain":0,"max_hp_loss":0,"event_name":"Wheel of Change","floor":19,"gold_loss":0}],"is_beta":false,"boss_relics":[{"not_picked":["Coffee Dripper","Runic Dome"],"picked":"Sozu"}],"items_purged_floors":[],"is_endless":false,"potions_floor_spawned":[4,5,10,11,14,20,21],"killed_by":"Slavers","ascension_level":7}