{"gold_per_floor":[117,134,309,47,63,63,88,88,114,125,125,75,91,101,101,204,204,217,217,229,246,62,62,78,78,78,104,123,123,123,142,142,237,237,253,202,215,215,215,215,244,344,417,429,17,34,49,81,81,81],"floor_reached":51,"playtime":2119,"items_purged":["Doubt","Strike_B+1"],"score":754,"play_id":"c7611310-3986-45e1-8df5-02d825398cad","local_time":"20190507101202","is_ascension_mode":false,"campfire_choices":[{"data":"Zap","floor":6,"key":"SMITH"},{"data":"Defragment","floor":8,"key":"SMITH"},{"data":"Chaos","floor":11,"key":"SMITH"},{"data":"Dualcast","floor":15,"key":"SMITH"},{"data":"Hologram","floor":23,"key":"SMITH"},{"data":"Tempest","floor":25,"key":"SMITH"},{"data":"Meteor Strike","floor":29,"key":"SMITH"},{"floor":32,"key":"REST"},{"data":"Hello World","floor":40,"key":"SMITH"},{"data":"Thunder Strike","floor":49,"key":"SMITH"}],"neow_cost":"TEN_PERCENT_HP_LOSS","seed_source_timestamp":9183594742844,"circlet_count":0,"master_deck":["Strike_B+1","Strike_B+1","Defend_B+1","Defend_B+1","Defend_B+1","Zap+1","Dualcast+1","Reprogram","Hologram+1","Conserve Battery","Coolheaded","Good Instincts","Defragment+1","Chaos+1","Coolheaded","Conserve Battery","Meteor Strike+1","Echo Form","Compile Driver+1","Reinforced Body+1","Rip and Tear","Tempest+1","Ball Lightning","Meteor Strike","Hello World+1","Tempest","Thunder Strike+1","Steam+1","Reinforced Body+1","Defragment","Shame","Tempest","Compile Driver","Compile Driver+1","Stack+1"],"relics":["Cracked Core","Turnip","Happy Flower","Bag of Preparation","Velvet Choker","Bronze Scales","Bottled Flame","Potion Belt","Enchiridion","Cursed Key","Pantograph","Mango","Dodecahedron","DataDisk","Dead Branch"],"potions_floor_usage":[27,27,37,50,50,50,50,50],"damage_taken":[{"damage":0,"enemies":"Small Slimes","floor":1,"turns":2},{"damage":0,"enemies":"2 Louse","floor":2,"turns":3},{"damage":0,"enemies":"Jaw Worm","floor":5,"turns":4},{"damage":5,"enemies":"Lagavulin","floor":7,"turns":9},{"damage":1,"enemies":"Large Slime","floor":10,"turns":7},{"damage":0,"enemies":"Blue Slaver","floor":13,"turns":3},{"damage":0,"enemies":"Exordium Thugs","floor":14,"turns":4},{"damage":5,"enemies":"The Guardian","floor":16,"turns":12},{"damage":3,"enemies":"3 Byrds","floor":18,"turns":5},{"damage":0,"enemies":"Chosen","floor":20,"turns":4},{"damage":0,"enemies":"Centurion and Healer","floor":21,"turns":6},{"damage":3,"enemies":"Cultist and Chosen","floor":24,"turns":5},{"damage":1,"enemies":"Book of Stabbing","floor":27,"turns":5},{"damage":0,"enemies":"Shelled Parasite and Fungi","floor":28,"turns":4},{"damage":8,"enemies":"3 Cultists","floor":31,"turns":4},{"damage":38,"enemies":"Collector","floor":33,"turns":8},{"damage":0,"enemies":"3 Darklings","floor":35,"turns":3},{"damage":0,"enemies":"3 Shapes","floor":37,"turns":4},{"damage":2,"enemies":"Nemesis","floor":41,"turns":5},{"damage":0,"enemies":"Mind Bloom Boss Battle","floor":42,"turns":4},{"damage":0,"enemies":"Spire Growth","floor":44,"turns":3},{"damage":3,"enemies":"3 Darklings","floor":46,"turns":3},{"damage":0,"enemies":"4 Shapes","floor":47,"turns":4},{"damage":13,"enemies":"Giant Head","floor":48,"turns":5},{"damage":23,"enemies":"Time Eater","floor":50,"turns":6}],"seed_played":"6249291337512868624","potions_obtained":[{"floor":13,"key":"Block Potion"},{"floor":14,"key":"Regen Potion"},{"floor":18,"key":"Block Potion"},{"floor":28,"key":"Weak Potion"},{"floor":31,"key":"LiquidBronze"},{"floor":35,"key":"Energy Potion"},{"floor":42,"key":"FearPotion"},{"floor":47,"key":"LiquidBronze"}],"is_trial":false,"path_per_floor":["M","M","?","$","M","R","E","R","T","M","R","?","M","M","R","B",null,"M","?","M","M","$","R","M","R","T","E","M","R","?","M","R","B",null,"M","$","M","?","$","R","E","?","T","M","$","M","M","E","R","B",null],"character_chosen":"DEFECT","items_purchased":["Conserve Battery","Coolheaded","Good Instincts","Tempest","Bronze Scales","Strength Potion","DataDisk","Tempest","Dexterity Potion","Compile Driver"],"campfire_rested":1,"item_purchase_floors":[4,4,4,22,22,36,45,45,45,45],"current_hp_per_floor":[68,68,68,68,68,68,63,63,63,62,62,62,62,62,62,57,68,65,65,65,65,65,65,62,62,62,61,61,61,45,37,57,19,68,68,68,68,68,68,68,66,82,82,82,82,79,79,66,66,71],"gold":81,"neow_bonus":"ONE_RARE_RELIC","is_prod":false,"is_daily":false,"chose_seed":false,"campfire_upgraded":9,"win_rate":0,"timestamp":1557245522,"path_taken":["M","M","?","$","M","R","E","R","T","M","R","?","M","M","R","BOSS","M","?","M","M","$","R","M","R","T","E","M","R","?","M","R","BOSS","M","$","M","?","$","R","E","?","T","M","$","M","M","E","R","BOSS"],"build_version":"2019-01-23","purchased_purges":2,"victory":true,"max_hp_per_floor":[68,68,68,68,68,68,68,68,68,68,68,68,68,68,68,68,68,68,68,68,68,68,68,68,68,68,68,68,68,68,68,68,68,68,68,68,68,68,68,68,68,82,82,82,82,82,82,82,82,82],"card_choices":[{"not_picked":["Beam Cell","Skim"],"picked":"Reprogram","floor":1},{"not_picked":["Turbo","Steam"],"picked":"Hologram","floor":2},{"not_picked":["Darkness","Tempest"],"picked":"Defragment","floor":5},{"not_picked":["Skim","Static Discharge"],"picked":"Chaos","floor":7},{"not_picked":["Cold Snap","Genetic Algorithm"],"picked":"Coolheaded","floor":10},{"not_picked":["Coolheaded","Gash"],"picked":"Conserve Battery","floor":13},{"not_picked":["Rebound","Steam"],"picked":"Meteor Strike","floor":14},{"not_picked":["Hyperbeam","Amplify"],"picked":"Echo Form","floor":16},{"not_picked":["Leap","Skim"],"picked":"Compile Driver+1","floor":18},{"not_picked":["Turbo","Static Discharge"],"picked":"Reinforced Body+1","floor":20},{"not_picked":["Rip and Tear","Turbo","Redo"],"picked":"SKIP","floor":21},{"not_picked":["Turbo","Redo"],"picked":"Rip and Tear","floor":21},{"not_picked":["Storm","Buffer"],"picked":"Ball Lightning","floor":24},{"not_picked":["Beam Cell+1","Turbo"],"picked":"Meteor Strike","floor":27},{"not_picked":["Coolheaded+1","Reprogram"],"picked":"Hello World","floor":28},{"not_picked":["Reinforced Body","Streamline"],"picked":"Tempest","floor":31},{"not_picked":["Seek","Core Surge"],"picked":"Thunder Strike","floor":33},{"not_picked":["Hologram","Compile Driver+1"],"picked":"Steam+1","floor":35},{"not_picked":["Streamline","Redo+1"],"picked":"Reinforced Body+1","floor":37},{"not_picked":["Cold Snap","Machine Learning"],"picked":"Defragment","floor":41},{"not_picked":["Barrage","Self Repair","Turbo+1"],"picked":"SKIP","floor":44},{"not_picked":["Beam Cell+1","Compile Driver+1","Gash+1"],"picked":"SKIP","floor":46},{"not_picked":["Rebound+1","Steam Power+1"],"picked":"Compile Driver+1","floor":47},{"not_picked":["Sweeping Beam+1","FTL+1"],"picked":"Stack+1","floor":48}],"player_experience":1377187,"relics_obtained":[{"floor":7,"key":"Happy Flower"},{"floor":9,"key":"Bag of Preparation"},{"floor":26,"key":"Bottled Flame"},{"floor":27,"key":"Potion Belt"},{"floor":30,"key":"Enchiridion"},{"floor":41,"key":"Pantograph"},{"floor":42,"key":"Mango"},{"floor":43,"key":"Dodecahedron"},{"floor":48,"key":"Dead Branch"}],"event_choices":[{"damage_healed":0,"gold_gain":175,"player_choice":"AGREE","damage_taken":0,"max_hp_gain":0,"max_hp_loss":0,"event_name":"Liars Game","floor":3,"gold_loss":0,"cards_obtained":["Doubt"]},{"cards_removed":["Strike_B"],"damage_healed":0,"gold_gain":0,"player_choice":"Card Removal","damage_taken":0,"max_hp_gain":0,"max_hp_loss":0,"event_name":"The Cleric","floor":12,"gold_loss":50},{"damage_healed":0,"gold_gain":0,"player_choice":"Simplicity","damage_taken":0,"max_hp_gain":0,"max_hp_loss":0,"event_name":"Back to Basics","floor":19,"gold_loss":0,"cards_upgraded":["Strike_B","Strike_B","Strike_B","Defend_B","Defend_B","Defend_B","Defend_B"]},{"damage_healed":0,"gold_gain":0,"player_choice":"Obtained Book","damage_taken":16,"max_hp_gain":0,"max_hp_loss":0,"event_name":"Cursed Tome","floor":30,"gold_loss":0},{"cards_removed":["Defend_B"],"damage_healed":0,"gold_gain":0,"player_choice":"Removed Skill","damage_taken":0,"max_hp_gain":0,"max_hp_loss":0,"event_name":"Falling","floor":38,"gold_loss":0},{"damage_healed":0,"gold_gain":0,"player_choice":"Fight","damage_taken":0,"max_hp_gain":0,"max_hp_loss":0,"event_name":"MindBloom","floor":42,"gold_loss":0}],"is_beta":false,"boss_relics":[{"not_picked":["Fusion Hammer","White Beast Statue"],"picked":"Velvet Choker"},{"not_picked":["Eternal Feather","Nuclear Battery"],"picked":"Cursed Key"}],"items_purged_floors":[4,45],"is_endless":false,"potions_floor_spawned":[13,14,18,28,31,35,42,47],"ascension_level":0}