{"gold_per_floor":[362,379,389,389,401,401,434,434,459,178,195,195,229,249,249,353,353,365,165,185,185,197,222,29,29,29,29,29,45,60,70,70,170,170,190,190,255,580,593,593,656,656,656,672,705,705,57,70,70,70],"floor_reached":51,"playtime":1447,"items_purged":["Writhe","Regret"],"score":836,"play_id":"a02fb09e-64d6-44c3-ba79-675e33552402","local_time":"20190423213258","is_ascension_mode":false,"campfire_choices":[{"data":"Bash","floor":6.0,"key":"SMITH"},{"data":"Shockwave","floor":8.0,"key":"SMITH"},{"data":"Whirlwind","floor":12.0,"key":"SMITH"},{"data":"Juggernaut","floor":15.0,"key":"SMITH"},{"data":"Metallicize","floor":27.0,"key":"SMITH"},{"floor":32.0,"key":"REST"},{"data":"Limit Break","floor":40,"key":"SMITH"},{"data":"Panacea","floor":42,"key":"SMITH"},{"floor":46,"key":"REST"},{"floor":49,"key":"REST"}],"neow_cost":"CURSE","seed_source_timestamp":85972828945093,"circlet_count":0,"master_deck":["Strike_R","Strike_R","Strike_R","Strike_R","Strike_R","Defend_R","Defend_R","Defend_R","Defend_R","Bash+1","Shockwave+1","Twin Strike","Metallicize+1","Whirlwind+1","Panacea+1","Sword Boomerang","Headbutt","Juggernaut+1","Offering","Limit Break+1","Flex+1","Iron Wave+1"],"special_seed":0,"relics":["Burning Blood","Centennial Puzzle","Strawberry","Oddly Smooth Stone","Boot","Busted Crown","ClockworkSouvenir","Orichalcum","Brimstone","Bottled Flame","Philosopher\u0027s Stone","SsserpentHead","Bottled Lightning","Bag of Preparation","Chemical X","Charon\u0027s Ashes"],"potions_floor_usage":[45,45,50,50],"damage_taken":[{"damage":6.0,"enemies":"Jaw Worm","floor":1.0,"turns":4.0},{"damage":1.0,"enemies":"Cultist","floor":2.0,"turns":4.0},{"damage":0.0,"enemies":"2 Louse","floor":3.0,"turns":4.0},{"damage":12.0,"enemies":"Blue Slaver","floor":5.0,"turns":5.0},{"damage":12.0,"enemies":"Gremlin Nob","floor":7.0,"turns":3.0},{"damage":6.0,"enemies":"Lots of Slimes","floor":11.0,"turns":2.0},{"damage":23.0,"enemies":"Lagavulin","floor":13.0,"turns":5.0},{"damage":1.0,"enemies":"Exordium Thugs","floor":14.0,"turns":4.0},{"damage":17.0,"enemies":"Slime Boss","floor":16.0,"turns":7.0},{"damage":10.0,"enemies":"Shell Parasite","floor":18.0,"turns":5.0},{"damage":6.0,"enemies":"3 Byrds","floor":20.0,"turns":3.0},{"damage":6.0,"enemies":"Snecko","floor":22.0,"turns":4.0},{"damage":40.0,"enemies":"Slavers","floor":23.0,"turns":4.0},{"damage":6.0,"enemies":"3 Cultists","floor":29.0,"turns":1.0},{"damage":8.0,"enemies":"Cultist and Chosen","floor":30.0,"turns":3.0},{"damage":12.0,"enemies":"Snecko","floor":31.0,"turns":4.0},{"damage":17.0,"enemies":"Champ","floor":33.0,"turns":6.0},{"damage":0.0,"enemies":"3 Shapes","floor":35.0,"turns":1.0},{"damage":0.0,"enemies":"3 Darklings","floor":37.0,"turns":2.0},{"damage":46,"enemies":"Writhing Mass","floor":39,"turns":4},{"damage":21,"enemies":"Transient","floor":41,"turns":5},{"damage":6,"enemies":"Sphere and 2 Shapes","floor":44,"turns":1},{"damage":24,"enemies":"Nemesis","floor":45,"turns":5},{"damage":7,"enemies":"4 Shapes","floor":48,"turns":1},{"damage":70,"enemies":"Time Eater","floor":50,"turns":5}],"seed_played":"977548369661528360","potions_obtained":[{"floor":2.0,"key":"BloodPotion"},{"floor":3.0,"key":"SteroidPotion"},{"floor":7.0,"key":"Weak Potion"},{"floor":11.0,"key":"Poison Potion"},{"floor":18.0,"key":"SpeedPotion"},{"floor":28.0,"key":"FairyPotion"},{"floor":28.0,"key":"Strength Potion"},{"floor":33.0,"key":"Regen Potion"},{"floor":45,"key":"Ancient Potion"}],"is_trial":false,"path_per_floor":["M","M","M","?","M","R","E","R","T","$","M","R","E","M","R","B",null,"M","$","M","$","M","E","$","?","T","R","?","M","M","M","R","B",null,"M","?","M","?","M","R","M","R","T","M","E","R","$","M","R","B",null],"character_chosen":"IRONCLAD","items_purchased":["Whirlwind","Panacea","Sword Boomerang","ClockworkSouvenir","Brimstone","Chemical X","SpeedPotion","Charon\u0027s Ashes"],"campfire_rested":3,"item_purchase_floors":[10,10,10,19,24,47,47,47],"current_hp_per_floor":[80,80,80,80,74,74,75,75,75,75,75,75,58,63,63,52,87,83,83,83,83,83,49,49,49,49,49,49,49,47,41,67,56,87,87,87,87,87,47,47,32,32,32,32,28,54,54,53,79,15],"gold":70,"neow_bonus":"TWO_FIFTY_GOLD","is_prod":false,"is_daily":false,"chose_seed":false,"campfire_upgraded":7,"win_rate":0,"timestamp":1556076778,"path_taken":["M","M","M","?","M","R","E","R","T","$","?","R","E","M","R","BOSS","M","$","M","$","M","E","$","?","T","R","?","M","?","M","R","BOSS","M","?","?","?","M","R","?","R","T","M","E","R","$","M","R","BOSS"],"build_version":"2019-01-23","purchased_purges":2,"victory":true,"max_hp_per_floor":[80,80,80,80,80,80,87,87,87,87,87,87,87,87,87,87,87,87,87,87,87,87,87,87,87,87,87,87,87,87,87,87,87,87,87,87,87,87,87,87,87,87,87,87,87,87,87,87,87,87],"card_choices":[{"not_picked":["True Grit","Carnage"],"picked":"Shockwave","floor":1.0},{"not_picked":["Rage","Ghostly Armor","Havoc"],"picked":"SKIP","floor":2.0},{"not_picked":["Anger","Perfected Strike"],"picked":"Twin Strike","floor":3.0},{"not_picked":["Wild Strike","Shrug It Off","Armaments"],"picked":"SKIP","floor":5.0},{"not_picked":["Havoc","Heavy Blade"],"picked":"Metallicize","floor":7.0},{"not_picked":["Wild Strike","Body Slam"],"picked":"Headbutt","floor":11.0},{"not_picked":["Headbutt","Second Wind"],"picked":"Juggernaut","floor":13.0},{"not_picked":["True Grit","Cleave","Fire Breathing"],"picked":"SKIP","floor":14.0},{"not_picked":["Reaper","Bludgeon"],"picked":"Offering","floor":16.0},{"not_picked":["Wild Strike"],"picked":"SKIP","floor":18.0},{"not_picked":["Sentinel"],"picked":"SKIP","floor":20.0},{"not_picked":["Bloodletting"],"picked":"SKIP","floor":22.0},{"not_picked":["Feel No Pain"],"picked":"SKIP","floor":23.0},{"not_picked":["Ghostly Armor"],"picked":"SKIP","floor":29.0},{"not_picked":["Cleave"],"picked":"SKIP","floor":30.0},{"not_picked":["Shrug It Off"],"picked":"SKIP","floor":31.0},{"not_picked":[],"picked":"Limit Break","floor":33.0},{"not_picked":["Clothesline+1"],"picked":"SKIP","floor":35.0},{"not_picked":[],"picked":"Flex+1","floor":37.0},{"not_picked":["Wild Strike+1"],"picked":"SKIP","floor":39},{"not_picked":["Iron Wave+1"],"picked":"SKIP","floor":41},{"not_picked":[],"picked":"Iron Wave+1","floor":41},{"not_picked":["Cleave+1"],"picked":"SKIP","floor":44},{"not_picked":["Exhume"],"picked":"SKIP","floor":45},{"not_picked":["Clothesline"],"picked":"SKIP","floor":48}],"player_experience":1295060,"relics_obtained":[{"floor":7.0,"key":"Strawberry"},{"floor":9.0,"key":"Oddly Smooth Stone"},{"floor":13.0,"key":"Boot"},{"floor":23.0,"key":"Orichalcum"},{"floor":26.0,"key":"Bottled Flame"},{"floor":43,"key":"Bottled Lightning"},{"floor":45,"key":"Bag of Preparation"}],"event_choices":[{"damage_healed":0.0,"max_hp_gain":0.0,"max_hp_loss":0.0,"gold_gain":0.0,"event_name":"WeMeetAgain","player_choice":"Gave Potion","floor":4.0,"gold_loss":0.0,"damage_taken":0.0,"relics_obtained":["Centennial Puzzle"]},{"damage_healed":0.0,"max_hp_gain":0.0,"max_hp_loss":0.0,"gold_gain":0.0,"event_name":"Lab","player_choice":"Got Potions","floor":28.0,"gold_loss":0.0,"damage_taken":0.0},{"damage_healed":0.0,"max_hp_gain":0.0,"max_hp_loss":0.0,"gold_gain":0.0,"event_name":"FaceTrader","player_choice":"Trade","floor":36.0,"gold_loss":0.0,"damage_taken":0.0,"relics_obtained":["SsserpentHead"]},{"damage_healed":0.0,"max_hp_gain":0.0,"max_hp_loss":0.0,"gold_gain":275.0,"event_name":"Golden Shrine","player_choice":"Desecrate","floor":38.0,"gold_loss":0.0,"damage_taken":0.0,"cards_obtained":["Regret"]}],"is_beta":false,"boss_relics":[{"not_picked":["Tiny House","Coffee Dripper"],"picked":"Busted Crown"},{"not_picked":["Cursed Key","Runic Cube"],"picked":"Philosopher\u0027s Stone"}],"items_purged_floors":[10,47],"is_endless":false,"potions_floor_spawned":[2,3,7,11,18,29,33,44,45,48],"ascension_level":0}