{"gold_per_floor":[113,133,153,172,15,49,49,66,142,142,142,161,161,180,180,276,276,292,217,132,132,142,168,168,92,92,25,25,45,71,84,84,187,187,205,151,151,167,0,25,42,42,42,73,83,83,101,129,129,129],"floor_reached":51,"playtime":1788,"items_purged":[],"score":802,"play_id":"109cc461-8006-4f59-97cf-823cc4177c76","local_time":"20190506180818","is_ascension_mode":false,"campfire_choices":[{"data":"Perfected Strike","floor":7,"key":"SMITH"},{"data":"Armaments","floor":11,"key":"SMITH"},{"data":"Bash","floor":13,"key":"SMITH"},{"data":"Clothesline","floor":15,"key":"SMITH"},{"data":"Intimidate","floor":24,"key":"SMITH"},{"data":"Spot Weakness","floor":28,"key":"SMITH"},{"floor":32,"key":"REST"},{"data":"Limit Break","floor":42,"key":"SMITH"},{"floor":49,"key":"REST"}],"neow_cost":"NONE","seed_source_timestamp":220093702523500,"circlet_count":0,"master_deck":["Strike_R","Strike_R","Strike_R","Strike_R","Strike_R","Defend_R","Defend_R","Bash+1","Shrug It Off","Armaments+1","Perfected Strike+1","Anger","Combust","Power Through","Intimidate+1","Clothesline+1","Demon Form+1","Shrug It Off+1","Clothesline+1","Spot Weakness+1","Spot Weakness","Cleave+1","Limit Break+1","Pommel Strike+1","Shrug It Off","Metallicize","Pommel Strike+1","Entrench+1","Perfected Strike+1","Writhe","Feel No Pain+1"],"relics":["Burning Blood","Lantern","Blood Vial","Shuriken","Sozu","Ginger","Red Skull","Sundial","Charon\u0027s Ashes","Mummified Hand","Mark of Pain","Red Mask","Letter Opener","Bottled Tornado","Unceasing Top","Smiling Mask"],"potions_floor_usage":[16,50,50,50],"damage_taken":[{"damage":7,"enemies":"Jaw Worm","floor":1,"turns":5},{"damage":0,"enemies":"Cultist","floor":2,"turns":3},{"damage":1,"enemies":"2 Louse","floor":3,"turns":4},{"damage":11,"enemies":"Blue Slaver","floor":4,"turns":3},{"damage":22,"enemies":"Gremlin Nob","floor":6,"turns":4},{"damage":8,"enemies":"Red Slaver","floor":8,"turns":2},{"damage":0,"enemies":"3 Louse","floor":12,"turns":4},{"damage":3,"enemies":"Lots of Slimes","floor":14,"turns":6},{"damage":2,"enemies":"Slime Boss","floor":16,"turns":10},{"damage":3,"enemies":"3 Byrds","floor":18,"turns":4},{"damage":9,"enemies":"Spheric Guardian","floor":22,"turns":4},{"damage":32,"enemies":"Gremlin Leader","floor":23,"turns":7},{"damage":10,"enemies":"Chosen and Byrds","floor":29,"turns":6},{"damage":23,"enemies":"Book of Stabbing","floor":30,"turns":6},{"damage":4,"enemies":"Centurion and Healer","floor":31,"turns":7},{"damage":28,"enemies":"Automaton","floor":33,"turns":10},{"damage":24,"enemies":"3 Darklings","floor":35,"turns":8},{"damage":0,"enemies":"Orb Walker","floor":38,"turns":2},{"damage":13,"enemies":"Giant Head","floor":40,"turns":6},{"damage":23,"enemies":"Writhing Mass","floor":41,"turns":5},{"damage":27,"enemies":"Reptomancer","floor":44,"turns":6},{"damage":5,"enemies":"Transient","floor":45,"turns":5},{"damage":18,"enemies":"Sphere and 2 Shapes","floor":47,"turns":4},{"damage":11,"enemies":"Nemesis","floor":48,"turns":5},{"damage":45,"enemies":"Donu and Deca","floor":50,"turns":7}],"seed_played":"-8493697413345769514","potions_obtained":[{"floor":1,"key":"Dexterity Potion"},{"floor":4,"key":"GamblersBrew"},{"floor":14,"key":"LiquidBronze"},{"floor":16,"key":"EntropicBrew"}],"is_trial":false,"path_per_floor":["M","M","M","M","$","E","R","M","T","?","R","M","R","M","R","B",null,"M","?","?","?","M","E","R","$","T","?","R","M","E","M","R","B",null,"M","$","?","M","?","E","M","R","T","E","M","?","M","E","R","B",null],"character_chosen":"IRONCLAD","items_purchased":["Lantern","Spot Weakness","Shrug It Off"],"campfire_rested":2,"item_purchase_floors":[5,25,36],"current_hp_per_floor":[87,88,88,83,83,67,67,67,67,67,67,75,75,80,80,86,88,88,88,88,88,85,61,61,61,61,61,61,59,44,48,74,54,88,70,70,70,78,78,73,58,58,58,39,42,64,54,51,77,40],"gold":129,"neow_bonus":"TEN_PERCENT_HP_BONUS","is_prod":false,"is_daily":false,"chose_seed":false,"campfire_upgraded":7,"win_rate":1,"timestamp":1557191298,"path_taken":["M","M","M","M","$","E","R","M","T","?","R","M","R","M","R","BOSS","M","?","?","?","?","E","R","$","T","?","R","M","E","M","R","BOSS","M","?","?","M","?","E","M","R","T","E","M","?","M","E","R","BOSS"],"build_version":"2019-01-23","purchased_purges":0,"victory":true,"max_hp_per_floor":[88,88,88,88,88,88,88,88,88,88,88,88,88,88,88,88,88,88,88,88,88,88,88,88,88,88,88,88,88,88,88,88,88,88,88,88,88,88,88,88,88,88,88,88,88,88,88,88,88,88],"card_choices":[{"not_picked":["Wild Strike","Havoc"],"picked":"Shrug It Off","floor":1},{"not_picked":["Clash","Burning Pact"],"picked":"Armaments","floor":2},{"not_picked":["Battle Trance","Sword Boomerang"],"picked":"Perfected Strike","floor":3},{"not_picked":["Heavy Blade","Ghostly Armor"],"picked":"Metallicize","floor":4},{"not_picked":["Intimidate","Pummel"],"picked":"Anger","floor":6},{"not_picked":["Dark Embrace","Sword Boomerang"],"picked":"Combust","floor":8},{"not_picked":["Combust","Corruption"],"picked":"Intimidate","floor":12},{"not_picked":["Cleave","Body Slam"],"picked":"Clothesline","floor":14},{"not_picked":["Brutality","Juggernaut"],"picked":"Demon Form","floor":16},{"not_picked":["True Grit","Cleave+1"],"picked":"Shrug It Off+1","floor":18},{"not_picked":["Iron Wave","Second Wind"],"picked":"Clothesline+1","floor":22},{"not_picked":["Reckless Charge+1","Entrench","Evolve"],"picked":"SKIP","floor":23},{"not_picked":["Dual Wield","Sword Boomerang","Body Slam"],"picked":"SKIP","floor":29},{"not_picked":["Dark Embrace","Thunderclap"],"picked":"Spot Weakness","floor":30},{"not_picked":["Combust+1","Clothesline+1"],"picked":"Cleave+1","floor":31},{"not_picked":["Berserk","Barricade"],"picked":"Limit Break","floor":33},{"not_picked":["Clash+1","True Grit"],"picked":"Pommel Strike+1","floor":35},{"not_picked":["Shrug It Off","Armaments"],"picked":"Metallicize","floor":38},{"not_picked":["Barricade","Entrench+1"],"picked":"Pommel Strike+1","floor":40},{"not_picked":["Clash+1","True Grit"],"picked":"Entrench+1","floor":41},{"not_picked":["Fire Breathing+1","Clash+1"],"picked":"Perfected Strike+1","floor":44},{"not_picked":["Pommel Strike","Thunderclap","Anger"],"picked":"SKIP","floor":45},{"not_picked":["Dark Embrace","Iron Wave","Havoc"],"picked":"SKIP","floor":47},{"not_picked":["Entrench+1","Havoc"],"picked":"Feel No Pain+1","floor":48}],"player_experience":738952,"relics_obtained":[{"floor":6,"key":"Blood Vial"},{"floor":9,"key":"Shuriken"},{"floor":23,"key":"Red Skull"},{"floor":26,"key":"Sundial"},{"floor":30,"key":"Mummified Hand"},{"floor":40,"key":"Letter Opener"},{"floor":43,"key":"Bottled Tornado"},{"floor":44,"key":"Unceasing Top"},{"floor":48,"key":"Smiling Mask"}],"event_choices":[{"damage_healed":0,"gold_gain":0,"cards_transformed":["Defend_R"],"player_choice":"Transformed","damage_taken":0,"max_hp_gain":0,"max_hp_loss":0,"event_name":"Transmorgrifier","floor":10,"gold_loss":0,"cards_obtained":["Power Through"]},{"cards_removed":["Defend_R"],"damage_healed":0,"gold_gain":0,"player_choice":"Gave Gold","damage_taken":0,"max_hp_gain":0,"max_hp_loss":0,"event_name":"Beggar","floor":19,"gold_loss":75},{"damage_healed":0,"gold_gain":0,"player_choice":"Obtained Relic","damage_taken":0,"relics_obtained":["Ginger"],"max_hp_gain":0,"max_hp_loss":0,"event_name":"Addict","floor":20,"gold_loss":85},{"damage_healed":0,"gold_gain":0,"player_choice":"Forge","damage_taken":0,"max_hp_gain":0,"max_hp_loss":0,"event_name":"Accursed Blacksmith","floor":21,"gold_loss":0,"cards_upgraded":["Demon Form"]},{"damage_healed":0,"gold_gain":0,"player_choice":"Paid Gold","damage_taken":0,"relics_obtained":["Charon\u0027s Ashes"],"max_hp_gain":0,"max_hp_loss":0,"event_name":"WeMeetAgain","floor":27,"gold_loss":67},{"cards_removed":["Metallicize"],"damage_healed":0,"gold_gain":0,"player_choice":"Removed Power","damage_taken":0,"max_hp_gain":0,"max_hp_loss":0,"event_name":"Falling","floor":37,"gold_loss":0},{"damage_healed":0,"gold_gain":0,"player_choice":"Paid","damage_taken":0,"relics_obtained":["Red Mask"],"max_hp_gain":0,"max_hp_loss":0,"event_name":"Tomb of Lord Red Mask","floor":39,"gold_loss":167},{"damage_healed":22,"gold_gain":0,"player_choice":"Writhe","damage_taken":0,"max_hp_gain":0,"max_hp_loss":0,"event_name":"Winding Halls","floor":46,"gold_loss":0,"cards_obtained":["Writhe"]}],"is_beta":false,"boss_relics":[{"not_picked":["Runic Cube","Runic Pyramid"],"picked":"Sozu"},{"not_picked":["Coffee Dripper","Fusion Hammer"],"picked":"Mark of Pain"}],"items_purged_floors":[],"is_endless":false,"potions_floor_spawned":[1,4,14,16,18,29,30,33,35,38,40,45],"ascension_level":0}