{"gold_per_floor":[118,118,68,68,68,68,93,93,118,160,29,29,57,74,74,146,146,160,10,30,42,59,59,59,59,108,108,121,141,141,92,92,166,166,178,208,133,143,188,188,188,88,88,136,136,209,209,222,222,222],"floor_reached":50,"playtime":1945,"items_purged":["Pain","Pain"],"score":903,"play_id":"ff2074fa-1505-46ee-b64b-d2cf12f613cb","local_time":"20190505231235","is_ascension_mode":true,"campfire_choices":[{"data":"Bash","floor":6,"key":"SMITH"},{"data":"Immolate","floor":8,"key":"SMITH"},{"data":"Shrug It Off","floor":12,"key":"SMITH"},{"data":"Fiend Fire","floor":15,"key":"SMITH"},{"data":"True Grit","floor":23,"key":"SMITH"},{"data":"Shockwave","floor":25,"key":"SMITH"},{"data":"Headbutt","floor":27,"key":"SMITH"},{"data":"Bite","floor":32,"key":"SMITH"},{"data":"Reaper","floor":40,"key":"SMITH"},{"data":"Inflame","floor":41,"key":"SMITH"},{"floor":45,"key":"REST"},{"floor":47,"key":"REST"},{"data":"Carnage","floor":49,"key":"SMITH"}],"neow_cost":"NONE","seed_source_timestamp":757887180512189,"circlet_count":0,"master_deck":["AscendersBane","Defend_R","Defend_R","Defend_R+1","Defend_R+1","Bash+1","Headbutt+1","Immolate+1","Shrug It Off+1","Fiend Fire+1","Impervious","Shockwave+1","True Grit+1","Entrench+1","Bite+1","Bite","Bite","Bite","Reaper+1","Writhe","Carnage+1","Inflame+1","Intimidate"],"relics":["Burning Blood","NeowsBlessing","Kunai","Pantograph","MawBank","Champion Belt","Vajra","Darkstone Periapt","Philosopher\u0027s Stone","Bronze Scales","MutagenicStrength","Red Skull","Calling Bell","Potion Belt","Mummified Hand","WingedGreaves","Tiny Chest","Bag of Marbles","Calipers","Du-Vu Doll","Meat on the Bone"],"potions_floor_usage":[16,18,33,33,50],"damage_taken":[{"damage":0,"enemies":"Small Slimes","floor":1,"turns":1},{"damage":0,"enemies":"Lagavulin","floor":7,"turns":1},{"damage":0,"enemies":"Gremlin Nob","floor":10,"turns":1},{"damage":14,"enemies":"3 Sentries","floor":13,"turns":5},{"damage":1,"enemies":"Jaw Worm","floor":14,"turns":2},{"damage":5,"enemies":"The Guardian","floor":16,"turns":9},{"damage":18,"enemies":"3 Byrds","floor":18,"turns":5},{"damage":0,"enemies":"Spheric Guardian","floor":20,"turns":3},{"damage":8,"enemies":"Snecko","floor":21,"turns":3},{"damage":18,"enemies":"Snake Plant","floor":22,"turns":3},{"damage":0,"enemies":"Cultist and Chosen","floor":28,"turns":4},{"damage":8,"enemies":"Centurion and Healer","floor":29,"turns":7},{"damage":52,"enemies":"Collector","floor":33,"turns":10},{"damage":22,"enemies":"3 Shapes","floor":35,"turns":5},{"damage":16,"enemies":"Orb Walker","floor":38,"turns":5},{"damage":48,"enemies":"2 Orb Walkers","floor":44,"turns":5},{"damage":30,"enemies":"Jaw Worm Horde","floor":48,"turns":4},{"damage":113,"enemies":"Time Eater","floor":50,"turns":10}],"seed_played":"6119229908504812462","potions_obtained":[{"floor":10,"key":"Block Potion"},{"floor":14,"key":"Fire Potion"},{"floor":22,"key":"Weak Potion"},{"floor":28,"key":"Explosive Potion"},{"floor":44,"key":"Energy Potion"}],"is_trial":false,"path_per_floor":["M","?","?","?","?","R","E","R","T","E","$","R","E","M","R","B",null,"M","$","M","M","M","R","?","R","T","R","M","M","?","$","R","B",null,"M","?","$","M","T","R","R","$","T","?","R","T","R","M","R","B"],"character_chosen":"IRONCLAD","items_purchased":["Vajra","Bronze Scales","Strength Potion"],"campfire_rested":2,"item_purchase_floors":[11,19,31],"current_hp_per_floor":[74,59,59,47,52,52,58,58,58,64,64,64,56,61,61,80,80,68,68,74,72,60,60,60,60,60,60,66,64,56,56,56,16,64,62,62,62,62,62,62,62,62,62,25,47,47,69,68,68,0],"gold":222,"neow_bonus":"THREE_ENEMY_KILL","is_prod":false,"is_daily":false,"chose_seed":false,"campfire_upgraded":11,"win_rate":0,"timestamp":1557069155,"path_taken":["M","?","?","?","?","R","E","R","T","E","?","R","E","M","R","BOSS","M","$","?","M","M","R","?","R","T","R","M","M","?","?","R","BOSS","M","?","$","?","?","R","R","$","T","?","R","?","R","?","R","BOSS"],"build_version":"2019-01-23","purchased_purges":2,"victory":false,"max_hp_per_floor":[75,75,75,75,80,80,80,80,80,80,80,80,80,80,80,80,80,80,80,80,80,80,80,80,80,80,80,80,80,56,56,56,56,74,74,74,74,74,74,74,74,74,74,74,74,74,74,74,74,74],"card_choices":[{"not_picked":["Heavy Blade","Anger"],"picked":"Headbutt","floor":1},{"not_picked":["Corruption","Twin Strike"],"picked":"Immolate","floor":7},{"not_picked":["Sword Boomerang","Feel No Pain"],"picked":"Shrug It Off","floor":10},{"not_picked":["Sever Soul","Corruption"],"picked":"Fiend Fire","floor":13},{"not_picked":["Rage","Thunderclap","Heavy Blade"],"picked":"SKIP","floor":14},{"not_picked":["Berserk","Double Tap"],"picked":"Impervious","floor":16},{"not_picked":["Perfected Strike+1","Armaments"],"picked":"Shockwave","floor":18},{"not_picked":["Warcry","Iron Wave","Flex"],"picked":"SKIP","floor":20},{"not_picked":["Clothesline","Body Slam","Juggernaut"],"picked":"SKIP","floor":21},{"not_picked":["Armaments","Rupture"],"picked":"True Grit","floor":22},{"not_picked":["Rampage","Clothesline"],"picked":"Entrench+1","floor":28},{"not_picked":["Wild Strike","Power Through","Rupture"],"picked":"SKIP","floor":29},{"not_picked":["Barricade","Fiend Fire"],"picked":"Reaper","floor":33},{"not_picked":["Clash+1","Heavy Blade"],"picked":"Carnage","floor":35},{"not_picked":["Clothesline","Perfected Strike"],"picked":"Inflame","floor":38},{"not_picked":["Searing Blow","Reckless Charge"],"picked":"Intimidate","floor":44},{"not_picked":["Havoc","Clothesline","Carnage"],"picked":"SKIP","floor":48}],"player_experience":482582,"relics_obtained":[{"floor":7,"key":"Pantograph"},{"floor":9,"key":"MawBank"},{"floor":10,"key":"Champion Belt"},{"floor":13,"key":"Darkstone Periapt"},{"floor":26,"key":"Red Skull"},{"floor":34,"key":"Potion Belt"},{"floor":34,"key":"Mummified Hand"},{"floor":34,"key":"WingedGreaves"},{"floor":39,"key":"Bag of Marbles"},{"floor":43,"key":"Calipers"},{"floor":44,"key":"Du-Vu Doll"},{"floor":46,"key":"Meat on the Bone"}],"event_choices":[{"damage_healed":0,"gold_gain":0,"player_choice":"Entered Light","damage_taken":15,"max_hp_gain":0,"max_hp_loss":0,"event_name":"Shining Light","floor":2,"gold_loss":0,"cards_upgraded":["Defend_R","Defend_R"]},{"cards_removed":["Strike_R"],"damage_healed":0,"gold_gain":0,"player_choice":"Card Removal","damage_taken":0,"max_hp_gain":0,"max_hp_loss":0,"event_name":"The Cleric","floor":3,"gold_loss":50},{"damage_healed":0,"gold_gain":0,"player_choice":"Success","damage_taken":12,"relics_obtained":["Kunai"],"max_hp_gain":0,"max_hp_loss":0,"event_name":"Scrap Ooze","floor":4,"gold_loss":0},{"damage_healed":0,"gold_gain":0,"player_choice":"Donut","damage_taken":0,"max_hp_gain":5,"max_hp_loss":0,"event_name":"Big Fish","floor":5,"gold_loss":0},{"damage_healed":0,"gold_gain":0,"player_choice":"Inject Mutagens","damage_taken":0,"relics_obtained":["MutagenicStrength"],"max_hp_gain":0,"max_hp_loss":0,"event_name":"Drug Dealer","floor":24,"gold_loss":0},{"damage_healed":0,"gold_gain":0,"player_choice":"Became a vampire","damage_taken":0,"max_hp_gain":0,"max_hp_loss":24,"event_name":"Vampires","floor":30,"gold_loss":0,"cards_obtained":["Bite","Bite","Bite","Bite","Bite"]},{"cards_removed":["Bite"],"damage_healed":0,"gold_gain":0,"player_choice":"Gave Card","damage_taken":0,"relics_obtained":["Tiny Chest"],"max_hp_gain":0,"max_hp_loss":0,"event_name":"WeMeetAgain","floor":36,"gold_loss":0},{"damage_healed":0,"gold_gain":0,"player_choice":"Fight","damage_taken":0,"max_hp_gain":0,"max_hp_loss":0,"event_name":"Mysterious Sphere","floor":44,"gold_loss":0}],"is_beta":false,"boss_relics":[{"not_picked":["Pandora\u0027s Box","Eternal Feather"],"picked":"Philosopher\u0027s Stone"},{"not_picked":["Black Star","Coffee Dripper"],"picked":"Calling Bell"}],"items_purged_floors":[37,42],"is_endless":false,"potions_floor_spawned":[10,14,22,28,44],"killed_by":"Time Eater","ascension_level":14}