{"gold_per_floor":[114,131,206,156,56,56,71,71,97,97,114,142,142,156,156,253,253,265,282,301,167,184,184,184,184],"floor_reached":25,"playtime":1771,"items_purged":["Strike_G","Strike_G"],"score":222,"play_id":"f857f805-8364-4e91-b4f2-05173ff98301","local_time":"20190319234837","is_ascension_mode":true,"campfire_choices":[{"data":"Noxious Fumes","floor":6,"key":"SMITH"},{"data":"Neutralize","floor":8,"key":"SMITH"},{"data":"Bane","floor":10,"key":"SMITH"},{"floor":13,"key":"REST"},{"data":"Deadly Poison","floor":15,"key":"SMITH"},{"data":"Backflip","floor":23,"key":"SMITH"}],"neow_cost":"NONE","seed_source_timestamp":518604853310389,"circlet_count":0,"master_deck":["Defend_G","Defend_G","Defend_G","Defend_G","Defend_G","Strike_G","Survivor","Neutralize+1","Noxious Fumes+1","Poisoned Stab","Acrobatics","Bane+1","Deadly Poison+1","Dodge and Roll","Reflex+1","Backflip+1","Terror"],"relics":["Ring of the Snake","Anchor","Odd Mushroom","Lizard Tail"],"potions_floor_usage":[16,20,25,25],"damage_taken":[{"damage":4,"enemies":"Small Slimes","floor":1,"turns":4},{"damage":1,"enemies":"2 Louse","floor":2,"turns":4},{"damage":3,"enemies":"Jaw Worm","floor":7,"turns":5},{"damage":0,"enemies":"Large Slime","floor":11,"turns":5},{"damage":10,"enemies":"The Mushroom Lair","floor":12,"turns":5},{"damage":8,"enemies":"Exordium Thugs","floor":14,"turns":5},{"damage":5,"enemies":"Slime Boss","floor":16,"turns":8},{"damage":1,"enemies":"Chosen","floor":18,"turns":4},{"damage":2,"enemies":"Shell Parasite","floor":19,"turns":5},{"damage":5,"enemies":"Chosen and Byrds","floor":20,"turns":6},{"damage":28,"enemies":"3 Cultists","floor":22,"turns":6},{"damage":69,"enemies":"Slavers","floor":25,"turns":5}],"seed_played":"6926566286751335873","potions_obtained":[{"floor":1,"key":"Weak Potion"},{"floor":2,"key":"Explosive Potion"},{"floor":12,"key":"Block Potion"},{"floor":18,"key":"Swift Potion"}],"is_trial":false,"path_per_floor":["M","M","?","?","$","R","M","R","T","R","M","?","R","M","R","B",null,"M","M","M","$","M","R","?","E"],"character_chosen":"THE_SILENT","items_purchased":["Acrobatics","Terror"],"campfire_rested":1,"item_purchase_floors":[5,21],"current_hp_per_floor":[66,65,54,54,54,54,51,51,51,51,51,41,62,54,54,49,70,69,67,62,62,34,34,34,0],"gold":184,"neow_bonus":"REMOVE_CARD","is_prod":false,"is_daily":false,"chose_seed":false,"campfire_upgraded":5,"win_rate":0,"timestamp":1553057317,"path_taken":["M","M","?","?","$","R","M","R","T","R","M","?","R","M","R","BOSS","M","M","M","$","M","R","?","E"],"build_version":"2019-01-23","purchased_purges":2,"victory":false,"max_hp_per_floor":[70,70,70,70,70,70,70,70,70,70,70,70,70,70,70,70,70,70,70,70,70,70,70,70,70],"card_choices":[{"not_picked":["Dodge and Roll","Well Laid Plans"],"picked":"Noxious Fumes","floor":1},{"not_picked":["Choke","Outmaneuver"],"picked":"Poisoned Stab","floor":2},{"not_picked":["Flechettes","Cloak And Dagger"],"picked":"Bane","floor":7},{"not_picked":["Expertise","Slice","Caltrops"],"picked":"SKIP","floor":11},{"not_picked":["Eviscerate","Slice"],"picked":"Deadly Poison","floor":12},{"not_picked":["Finisher","Cloak And Dagger","Slice"],"picked":"SKIP","floor":14},{"not_picked":["Underhanded Strike","Infinite Blades"],"picked":"Dodge and Roll","floor":18},{"not_picked":["Acrobatics+1","Dash"],"picked":"Reflex+1","floor":19},{"not_picked":["Outmaneuver","Sucker Punch"],"picked":"Backflip","floor":20},{"not_picked":["Quick Slash","Blur","Underhanded Strike"],"picked":"SKIP","floor":22}],"player_experience":410975,"relics_obtained":[{"floor":9,"key":"Anchor"},{"floor":12,"key":"Odd Mushroom"}],"event_choices":[{"damage_healed":0,"gold_gain":75,"player_choice":"Gather Gold","damage_taken":11,"max_hp_gain":0,"max_hp_loss":0,"event_name":"World of Goop","floor":3,"gold_loss":0},{"cards_removed":["Strike_G"],"damage_healed":0,"gold_gain":0,"player_choice":"Card Removal","damage_taken":0,"max_hp_gain":0,"max_hp_loss":0,"event_name":"The Cleric","floor":4,"gold_loss":50},{"damage_healed":0,"gold_gain":0,"player_choice":"Fought Mushrooms","damage_taken":0,"max_hp_gain":0,"max_hp_loss":0,"event_name":"Mushrooms","floor":12,"gold_loss":0},{"damage_healed":0,"gold_gain":0,"player_choice":"Ignored","damage_taken":0,"max_hp_gain":0,"max_hp_loss":0,"event_name":"Ghosts","floor":24,"gold_loss":0}],"is_beta":false,"boss_relics":[{"not_picked":["Coffee Dripper","Eternal Feather"],"picked":"Lizard Tail"}],"items_purged_floors":[5,21],"is_endless":false,"potions_floor_spawned":[1,2,12,14,18,19],"killed_by":"Slavers","ascension_level":3}