{"gold_per_floor":[362,381,50,70,81,81,112,112,191,203,236,236,236,236,236,311,311,328,287,23,23,43,43,58,68,68,68,84,84,84,84,84,160,160,180,180,190,103,118,118,118],"floor_reached":41,"playtime":1908,"items_purged":["Strike_G","Strike_G"],"score":813,"play_id":"e3e345ad-a893-4821-a06f-28246e269cb5","local_time":"20190503235111","is_ascension_mode":true,"campfire_choices":[{"data":"Noxious Fumes","floor":6.0,"key":"SMITH"},{"floor":8.0,"key":"REST"},{"floor":12.0,"key":"REST"},{"data":"Deadly Poison","floor":15.0,"key":"SMITH"},{"data":"Neutralize","floor":23.0,"key":"SMITH"},{"floor":27.0,"key":"REST"},{"data":"Footwork","floor":30.0,"key":"SMITH"},{"data":"Acrobatics","floor":32.0,"key":"SMITH"},{"floor":40.0,"key":"REST"}],"neow_cost":"TEN_PERCENT_HP_LOSS","seed_source_timestamp":1909971512628638,"circlet_count":0,"master_deck":["AscendersBane","Defend_G","Defend_G","Defend_G","Defend_G","Survivor","Neutralize+1","Deadly Poison+1","Noxious Fumes+1","Backstab+1","Dagger Throw","Acrobatics+1","Catalyst+1","After Image","Footwork+1","Deflect","Wraith Form v2","Flying Knee+1","Bouncing Flask+1","Flechettes+1","Prepared","Acrobatics","Footwork"],"special_seed":0,"relics":["Ring of the Snake","Snake Skull","Tough Bandages","Ornamental Fan","Regal Pillow","Sozu","Bronze Scales","Paper Crane","Astrolabe"],"potions_floor_usage":[],"damage_taken":[{"damage":1.0,"enemies":"Small Slimes","floor":1.0,"turns":3.0},{"damage":16.0,"enemies":"Jaw Worm","floor":2.0,"turns":6.0},{"damage":1.0,"enemies":"Cultist","floor":4.0,"turns":5.0},{"damage":7.0,"enemies":"2 Fungi Beasts","floor":5.0,"turns":4.0},{"damage":17.0,"enemies":"3 Sentries","floor":7.0,"turns":8.0},{"damage":0.0,"enemies":"Looter","floor":10.0,"turns":3.0},{"damage":22.0,"enemies":"Lagavulin","floor":11.0,"turns":7.0},{"damage":19.0,"enemies":"Slime Boss","floor":16.0,"turns":10.0},{"damage":8.0,"enemies":"Shell Parasite","floor":18.0,"turns":4.0},{"damage":8.0,"enemies":"2 Thieves","floor":19.0,"turns":5.0},{"damage":3.0,"enemies":"Chosen and Byrds","floor":22.0,"turns":5.0},{"damage":5.0,"enemies":"Snake Plant","floor":24.0,"turns":4.0},{"damage":13.0,"enemies":"Centurion and Healer","floor":25.0,"turns":7.0},{"damage":0.0,"enemies":"Chosen and Byrds","floor":28.0,"turns":6.0},{"damage":22.0,"enemies":"Collector","floor":33.0,"turns":7.0},{"damage":0.0,"enemies":"3 Darklings","floor":35.0,"turns":4.0},{"damage":10.0,"enemies":"Orb Walker","floor":37.0,"turns":3.0},{"damage":18.0,"enemies":"4 Shapes","floor":39.0,"turns":6.0},{"damage":35,"enemies":"Reptomancer","floor":41,"turns":5}],"seed_played":"662167931244020907","potions_obtained":[{"floor":2.0,"key":"GhostInAJar"},{"floor":5.0,"key":"AttackPotion"},{"floor":11.0,"key":"LiquidBronze"}],"is_trial":false,"path_per_floor":["M","M","$","M","M","R","E","R","T","M","E","R","?","?","R","B",null,"M","M","$","?","M","R","M","M","T","R","M","?","R","?","R","B",null,"M","?","M","$","M","R","E"],"character_chosen":"THE_SILENT","items_purchased":["Snake Skull","Noxious Fumes","Bronze Scales","Footwork"],"campfire_rested":4,"item_purchase_floors":[3,3,20,38],"current_hp_per_floor":[58,42,42,41,34,34,17,35,35,35,13,46,28,48,48,29,52,44,36,36,36,33,33,28,15,15,48,48,48,48,48,48,26,52,52,52,42,42,24,57,22],"gold":118,"neow_bonus":"TWO_FIFTY_GOLD","is_prod":false,"is_daily":false,"chose_seed":false,"campfire_upgraded":5,"win_rate":0,"timestamp":1556895071,"path_taken":["M","M","$","M","M","R","E","R","T","M","E","R","?","?","R","BOSS","M","M","$","?","M","R","M","?","T","R","M","?","R","?","R","BOSS","M","?","M","$","M","R","E"],"build_version":"2019-01-23","purchased_purges":2,"victory":false,"max_hp_per_floor":[60,60,60,60,60,60,60,60,60,60,60,60,60,60,60,60,60,60,60,60,60,60,60,60,60,60,60,60,60,60,60,60,60,60,60,60,60,60,60,60,60],"card_choices":[{"not_picked":["Slice","Dodge and Roll","Outmaneuver"],"picked":"SKIP","floor":1.0},{"not_picked":["PiercingWail","Dagger Throw"],"picked":"Deadly Poison","floor":2.0},{"not_picked":["Dagger Spray","Sucker Punch"],"picked":"Backstab","floor":4.0},{"not_picked":["Expertise","Masterful Stab"],"picked":"Dagger Throw","floor":5.0},{"not_picked":["Dodge and Roll","Caltrops"],"picked":"Acrobatics","floor":7.0},{"not_picked":["Concentrate","Cloak And Dagger","Accuracy"],"picked":"SKIP","floor":10.0},{"not_picked":["Blade Dance","Unload"],"picked":"Catalyst","floor":11.0},{"not_picked":["Unload","Storm of Steel"],"picked":"After Image","floor":16.0},{"not_picked":["All Out Attack","Outmaneuver","Deflect"],"picked":"SKIP","floor":18.0},{"not_picked":["Blade Dance","Slice"],"picked":"Footwork","floor":19.0},{"not_picked":["Backstab+1","Sucker Punch","Underhanded Strike"],"picked":"SKIP","floor":22.0},{"not_picked":["Malaise","Dagger Spray","Bane"],"picked":"SKIP","floor":24.0},{"not_picked":["Underhanded Strike","Concentrate","Masterful Stab"],"picked":"SKIP","floor":25.0},{"not_picked":["Dagger Spray","Acrobatics","Poisoned Stab"],"picked":"SKIP","floor":28.0},{"not_picked":["Dagger Spray","Poisoned Stab"],"picked":"Acrobatics","floor":28.0},{"not_picked":["Grand Finale","Die Die Die"],"picked":"Wraith Form v2","floor":33.0},{"not_picked":["Bane","Underhanded Strike"],"picked":"Prepared","floor":35.0},{"not_picked":["Quick Slash+1","Blade Dance+1"],"picked":"Acrobatics","floor":37.0},{"not_picked":["Dagger Throw","Backflip","Endless Agony"],"picked":"SKIP","floor":39.0}],"player_experience":748350,"relics_obtained":[{"floor":7.0,"key":"Tough Bandages"},{"floor":9.0,"key":"Ornamental Fan"},{"floor":11.0,"key":"Regal Pillow"},{"floor":26.0,"key":"Paper Crane"}],"event_choices":[{"damage_healed":0.0,"max_hp_gain":0.0,"max_hp_loss":0.0,"gold_gain":0.0,"event_name":"Shining Light","player_choice":"Entered Light","floor":13.0,"gold_loss":0.0,"damage_taken":18.0,"cards_upgraded":["Catalyst","Backstab"]},{"damage_healed":20.0,"max_hp_gain":0.0,"max_hp_loss":0.0,"gold_gain":0.0,"event_name":"Big Fish","player_choice":"Banana","floor":14.0,"gold_loss":0.0,"damage_taken":0.0},{"damage_healed":0.0,"max_hp_gain":0.0,"max_hp_loss":0.0,"gold_gain":0.0,"cards_transformed":["Strike_G"],"event_name":"Transmorgrifier","player_choice":"Transformed","floor":21.0,"gold_loss":0.0,"damage_taken":0.0,"cards_obtained":["Deflect"]},{"damage_healed":0.0,"max_hp_gain":0.0,"max_hp_loss":0.0,"gold_gain":0.0,"event_name":"Vampires","player_choice":"Ignored","floor":31.0,"gold_loss":0.0,"damage_taken":0.0},{"cards_removed":["Acrobatics"],"damage_healed":0.0,"max_hp_gain":0.0,"max_hp_loss":0.0,"gold_gain":0.0,"event_name":"Falling","player_choice":"Removed Skill","floor":36.0,"gold_loss":0.0,"damage_taken":0.0}],"is_beta":false,"boss_relics":[{"not_picked":["Runic Pyramid","Lizard Tail"],"picked":"Sozu"},{"not_picked":["Philosopher\u0027s Stone","Calling Bell"],"picked":"Astrolabe"}],"items_purged_floors":[3,20],"is_endless":false,"potions_floor_spawned":[2,5,11,16,22,28,33,35,37,39],"killed_by":"Reptomancer","ascension_level":18}