{"gold_per_floor":[113,113,288,134,151,176,176,176,201,201,228,244,277,292,292,393,393,393,393,333,333,333,333,333,333,333,333,333,333,333,333,333,333,333,333,333,233,233,233,233,233,233,233,233,233,25,25,25,25,25],"floor_reached":51,"playtime":3720,"items_purged":["Doubt","Parasite"],"score":803,"play_id":"699e45a6-11ef-4acf-b8e7-57cf2f8fe070","local_time":"20190415005923","is_ascension_mode":true,"campfire_choices":[{"floor":7,"key":"REST"},{"data":"Noxious Fumes","floor":10,"key":"SMITH"},{"data":"Bouncing Flask","floor":15,"key":"SMITH"},{"floor":23,"key":"REST"},{"floor":25,"key":"REST"},{"floor":28,"key":"REST"},{"data":"Leg Sweep","floor":32,"key":"SMITH"},{"floor":40,"key":"REST"},{"floor":41,"key":"REST"},{"data":"Neutralize","floor":42,"key":"SMITH"},{"data":"Survivor","floor":44,"key":"SMITH"},{"floor":49,"key":"REST"}],"neow_cost":"NONE","seed_source_timestamp":411669087566233,"circlet_count":0,"master_deck":["Defend_G","Defend_G","Defend_G","Defend_G","Defend_G","Strike_G","Strike_G","Survivor+1","Neutralize+1","Noxious Fumes+1","Bouncing Flask+1","Leg Sweep+1","Bane","Dodge and Roll","Well Laid Plans","Corpse Explosion","Acrobatics","Acrobatics+1","Bouncing Flask+1","Noxious Fumes+1","Leg Sweep+1","Deadly Poison+1","Backflip+1"],"relics":["Ring of the Snake","Pantograph","Centennial Puzzle","Snake Skull","Ninja Scroll","Ectoplasm","Nilry\u0027s Codex","WingedGreaves","Empty Cage","Letter Opener","TwistedFunnel"],"potions_floor_usage":[6,11,13,27,35,50,50],"damage_taken":[{"damage":10,"enemies":"Cultist","floor":1,"turns":5},{"damage":5,"enemies":"Small Slimes","floor":5,"turns":4},{"damage":20,"enemies":"Gremlin Nob","floor":6,"turns":4},{"damage":15,"enemies":"Lagavulin","floor":11,"turns":5},{"damage":0,"enemies":"Jaw Worm","floor":12,"turns":3},{"damage":5,"enemies":"3 Sentries","floor":13,"turns":6},{"damage":3,"enemies":"2 Fungi Beasts","floor":14,"turns":3},{"damage":31,"enemies":"Hexaghost","floor":16,"turns":6},{"damage":0,"enemies":"Spheric Guardian","floor":18,"turns":2},{"damage":9,"enemies":"2 Thieves","floor":20,"turns":4},{"damage":11,"enemies":"Chosen and Byrds","floor":22,"turns":5},{"damage":15,"enemies":"Snake Plant","floor":24,"turns":4},{"damage":19,"enemies":"Sentry and Sphere","floor":27,"turns":4},{"damage":11,"enemies":"Centurion and Healer","floor":29,"turns":5},{"damage":4,"enemies":"Cultist and Chosen","floor":30,"turns":4},{"damage":24,"enemies":"Collector","floor":33,"turns":5},{"damage":8,"enemies":"3 Shapes","floor":35,"turns":3},{"damage":14,"enemies":"Orb Walker","floor":36,"turns":3},{"damage":13,"enemies":"3 Darklings","floor":39,"turns":4},{"damage":33,"enemies":"Writhing Mass","floor":47,"turns":6},{"damage":19,"enemies":"Sphere and 2 Shapes","floor":48,"turns":4},{"damage":33,"enemies":"Donu and Deca","floor":50,"turns":7}],"seed_played":"-4196778021790883484","potions_obtained":[{"floor":0,"key":"Poison Potion"},{"floor":0,"key":"FearPotion"},{"floor":0,"key":"SkillPotion"},{"floor":6,"key":"Ancient Potion"},{"floor":12,"key":"EssenceOfSteel"},{"floor":16,"key":"Poison Potion"},{"floor":22,"key":"Dexterity Potion"},{"floor":30,"key":"SkillPotion"},{"floor":39,"key":"FairyPotion"}],"is_trial":false,"path_per_floor":["M","?","?","$","M","E","R","?","T","R","E","M","E","M","R","B",null,"M","?","M","?","M","R","M","R","T","M","R","M","M","?","R","B",null,"M","M","$","$","M","R","R","R","T","R","?","$","M","M","R","B",null],"character_chosen":"THE_SILENT","items_purchased":["Noxious Fumes","TwistedFunnel"],"campfire_rested":7,"item_purchase_floors":[4,46],"current_hp_per_floor":[60,53,53,53,48,28,49,66,66,66,51,51,46,43,43,37,62,62,46,37,37,26,47,32,53,53,34,55,44,40,40,40,41,63,55,41,41,41,28,48,67,67,67,67,67,67,34,15,35,27],"gold":25,"neow_bonus":"THREE_SMALL_POTIONS","is_prod":false,"is_daily":false,"chose_seed":false,"campfire_upgraded":5,"win_rate":0,"timestamp":1555307963,"path_taken":["M","?","?","$","?","E","R","?","T","R","E","M","E","M","R","BOSS","M","?","M","?","M","R","M","R","T","?","R","M","M","?","R","BOSS","M","M","?","$","M","R","R","R","T","R","?","$","M","M","R","BOSS"],"build_version":"2019-01-23","purchased_purges":2,"victory":true,"max_hp_per_floor":[70,70,70,70,70,70,70,70,70,70,70,70,70,70,70,70,70,70,70,70,70,70,70,70,70,70,70,70,70,70,70,70,70,70,70,70,67,67,67,67,67,67,67,67,67,67,67,67,67,67],"card_choices":[{"not_picked":["Heel Hook","Acrobatics","Outmaneuver"],"picked":"SKIP","floor":1},{"not_picked":["Infinite Blades","Setup"],"picked":"Bouncing Flask","floor":5},{"not_picked":["Poisoned Stab","Concentrate"],"picked":"Leg Sweep","floor":6},{"not_picked":["Accuracy","Outmaneuver"],"picked":"Bane","floor":11},{"not_picked":["Slice","Quick Slash","Dagger Throw"],"picked":"SKIP","floor":12},{"not_picked":["Concentrate","Cloak And Dagger"],"picked":"Dodge and Roll","floor":13},{"not_picked":["Cloak And Dagger","Heel Hook"],"picked":"Well Laid Plans","floor":14},{"not_picked":["Venomology","Doppelganger"],"picked":"Corpse Explosion","floor":16},{"not_picked":["Setup","Quick Slash","Crippling Poison"],"picked":"SKIP","floor":18},{"not_picked":["Deflect","Cloak And Dagger"],"picked":"Acrobatics","floor":20},{"not_picked":["Flying Knee+1","Night Terror","Dagger Spray"],"picked":"SKIP","floor":22},{"not_picked":["Underhanded Strike+1","Outmaneuver"],"picked":"Acrobatics+1","floor":24},{"not_picked":["Reflex","Dagger Throw"],"picked":"Bouncing Flask+1","floor":27},{"not_picked":["Well Laid Plans","Grand Finale","Tactician"],"picked":"SKIP","floor":29},{"not_picked":["Setup+1","Bouncing Flask","Blade Dance"],"picked":"SKIP","floor":30},{"not_picked":["Blade Dance","Bane+1"],"picked":"Leg Sweep+1","floor":35},{"not_picked":["Flying Knee+1","Accuracy","Prepared+1"],"picked":"SKIP","floor":36},{"not_picked":["Bane+1","Acrobatics+1"],"picked":"Deadly Poison+1","floor":39},{"not_picked":["Finisher+1","Corpse Explosion"],"picked":"Backflip+1","floor":47},{"not_picked":["Setup+1","Prepared+1","Choke"],"picked":"SKIP","floor":48}],"player_experience":443232,"relics_obtained":[{"floor":6,"key":"Pantograph"},{"floor":9,"key":"Centennial Puzzle"},{"floor":11,"key":"Snake Skull"},{"floor":13,"key":"Ninja Scroll"},{"floor":19,"key":"Nilry\u0027s Codex"},{"floor":26,"key":"WingedGreaves"},{"floor":43,"key":"Letter Opener"}],"event_choices":[{"cards_removed":["Strike_G"],"damage_healed":0,"gold_gain":0,"player_choice":"Card Removal","damage_taken":7,"max_hp_gain":0,"max_hp_loss":0,"event_name":"Golden Wing","floor":2,"gold_loss":0},{"damage_healed":0,"gold_gain":175,"player_choice":"AGREE","damage_taken":0,"max_hp_gain":0,"max_hp_loss":0,"event_name":"Liars Game","floor":3,"gold_loss":0,"cards_obtained":["Doubt"]},{"damage_healed":17,"gold_gain":0,"player_choice":"Healed and dodged fight","damage_taken":0,"max_hp_gain":0,"max_hp_loss":0,"event_name":"Mushrooms","floor":8,"gold_loss":0,"cards_obtained":["Parasite"]},{"damage_healed":0,"gold_gain":0,"player_choice":"Obtained Book","damage_taken":16,"max_hp_gain":0,"max_hp_loss":0,"event_name":"Cursed Tome","floor":19,"gold_loss":0},{"damage_healed":0,"gold_gain":0,"player_choice":"Leave","damage_taken":0,"max_hp_gain":0,"max_hp_loss":0,"event_name":"FaceTrader","floor":21,"gold_loss":0},{"damage_healed":0,"gold_gain":0,"player_choice":"Copied","damage_taken":0,"max_hp_gain":0,"max_hp_loss":0,"event_name":"Duplicator","floor":31,"gold_loss":0,"cards_obtained":["Noxious Fumes"]},{"damage_healed":0,"gold_gain":0,"player_choice":"Ignored","damage_taken":0,"max_hp_gain":0,"max_hp_loss":0,"event_name":"Tomb of Lord Red Mask","floor":45,"gold_loss":0}],"is_beta":false,"boss_relics":[{"not_picked":["Fusion Hammer","HoveringKite"],"picked":"Ectoplasm"},{"not_picked":["Black Star","Calling Bell"],"picked":"Empty Cage"}],"items_purged_floors":[4,37],"is_endless":false,"potions_floor_spawned":[1,6,12,16,22,24,30,33,39],"ascension_level":5}