{"gold_per_floor":[118,118,43,57,71,100,100,116,163,192,192,227,227,237,237,332,332,342,361,58,158,433,433,448,458,458,458,34,50,70,99,99,197,197,217,217,127,138,138,70,102,377,377,377,395,414,17,17],"floor_reached":48,"playtime":3189,"items_purged":["Defend_R","Strike_R","Regret","Strike_R"],"score":600,"play_id":"e2b8feb4-d2d0-4fcb-859a-d2e392234fbf","local_time":"20190507162505","is_ascension_mode":true,"campfire_choices":[{"data":"Armaments","floor":13,"key":"SMITH"},{"data":"Havoc","floor":15,"key":"SMITH"},{"data":"Juggernaut","floor":23,"key":"SMITH"},{"data":"True Grit","floor":27,"key":"SMITH"},{"floor":32,"key":"REST"},{"floor":44,"key":"REST"}],"neow_cost":"NONE","seed_source_timestamp":2362012472395,"circlet_count":0,"master_deck":["Strike_R","Strike_R","Defend_R","Defend_R","Bash","True Grit+1","Armaments+1","Carnage","Wild Strike","Havoc+1","Sever Soul+1","Juggernaut+1","Body Slam+1","Whirlwind+1","Cleave+1","Second Wind+1","Feed+1","Clash+1","Clash+1","Demon Form","Shrug It Off","Whirlwind+1","Madness","Madness","Bludgeon+1","Regret","Burning Pact"],"relics":["Burning Blood","Meat on the Bone","Strawberry","Anchor","Molten Egg 2","Snecko Eye","Chemical X","Ginger","Blue Candle","Omamori","Vajra","Oddly Smooth Stone","Calling Bell","PreservedInsect","Self Forming Clay","Thread and Needle","Singing Bowl","Girya","Medical Kit"],"potions_floor_usage":[10,12,33,33,33,48],"damage_taken":[{"damage":5,"enemies":"Small Slimes","floor":1,"turns":3},{"damage":9,"enemies":"Cultist","floor":4,"turns":4},{"damage":1,"enemies":"Jaw Worm","floor":5,"turns":4},{"damage":53,"enemies":"Lagavulin","floor":6,"turns":8},{"damage":19,"enemies":"Lots of Slimes","floor":8,"turns":5},{"damage":32,"enemies":"Gremlin Nob","floor":10,"turns":5},{"damage":26,"enemies":"Lagavulin","floor":12,"turns":5},{"damage":2,"enemies":"Blue Slaver","floor":14,"turns":4},{"damage":16,"enemies":"Slime Boss","floor":16,"turns":7},{"damage":19,"enemies":"3 Byrds","floor":18,"turns":5},{"damage":20,"enemies":"Spheric Guardian","floor":19,"turns":4},{"damage":17,"enemies":"Colosseum Slavers","floor":21,"turns":4},{"damage":23,"enemies":"Colosseum Nobs","floor":21,"turns":4},{"damage":5,"enemies":"Centurion and Healer","floor":24,"turns":4},{"damage":3,"enemies":"Snake Plant","floor":25,"turns":2},{"damage":18,"enemies":"Shelled Parasite and Fungi","floor":29,"turns":4},{"damage":0,"enemies":"Chosen and Byrds","floor":30,"turns":4},{"damage":22,"enemies":"Slavers","floor":31,"turns":2},{"damage":76,"enemies":"Champ","floor":33,"turns":10},{"damage":12,"enemies":"3 Darklings","floor":35,"turns":3},{"damage":0,"enemies":"Orb Walker","floor":38,"turns":3},{"damage":37,"enemies":"Giant Head","floor":41,"turns":7},{"damage":14,"enemies":"4 Shapes","floor":45,"turns":3},{"damage":56,"enemies":"Transient","floor":46,"turns":5},{"damage":47,"enemies":"Nemesis","floor":48,"turns":4}],"seed_played":"-5458439247047007631","potions_obtained":[{"floor":4,"key":"Energy Potion"},{"floor":6,"key":"EssenceOfSteel"},{"floor":8,"key":"SteroidPotion"},{"floor":10,"key":"Swift Potion"},{"floor":16,"key":"SpeedPotion"},{"floor":35,"key":"GamblersBrew"},{"floor":45,"key":"PowerPotion"}],"is_trial":false,"path_per_floor":["M","?","$","M","M","E","T","M","T","E","?","E","R","M","R","B",null,"M","M","$","?","?","R","M","M","T","R","$","M","M","E","R","B",null,"M","?","?","M","?","$","E","?","T","R","M","M","$","E"],"character_chosen":"IRONCLAD","items_purchased":["Chemical X","Vajra","Feed+1","Bludgeon+1","Burning Pact","Medical Kit"],"campfire_rested":2,"item_purchase_floors":[20,28,28,40,47,47],"current_hp_per_floor":[80,80,80,77,80,33,33,32,39,25,87,67,67,71,71,61,87,74,60,60,56,56,56,57,60,60,60,60,60,70,58,86,28,95,89,89,89,99,87,87,58,58,58,88,82,46,46,0],"gold":17,"neow_bonus":"REMOVE_CARD","is_prod":false,"is_daily":false,"chose_seed":false,"campfire_upgraded":4,"win_rate":0,"timestamp":1557239105,"path_taken":["M","?","?","M","M","E","?","?","T","E","?","E","R","?","R","BOSS","M","M","$","?","?","R","M","?","T","R","$","M","M","E","R","BOSS","M","?","?","?","?","$","E","?","T","R","M","?","$","E"],"build_version":"2019-01-23","purchased_purges":4,"victory":false,"max_hp_per_floor":[80,80,80,80,80,80,80,80,87,87,87,87,87,87,87,87,87,87,87,87,87,87,87,87,87,87,87,87,87,91,95,95,95,95,95,95,95,99,99,99,101,101,101,101,103,105,105,105],"card_choices":[{"not_picked":["Clash","Second Wind"],"picked":"True Grit","floor":1},{"not_picked":["Wild Strike","Perfected Strike"],"picked":"Rupture","floor":4},{"not_picked":["Anger","Shockwave"],"picked":"Armaments","floor":5},{"not_picked":["Clash","Corruption"],"picked":"Carnage","floor":6},{"not_picked":["Fire Breathing","Cleave"],"picked":"Wild Strike","floor":8},{"not_picked":["Exhume","Cleave"],"picked":"Havoc","floor":10},{"not_picked":["Bloodletting","Carnage","Inflame"],"picked":"SKIP","floor":12},{"not_picked":["Sword Boomerang+1","Combust"],"picked":"Sever Soul+1","floor":14},{"not_picked":["Double Tap","Fiend Fire+1"],"picked":"Juggernaut","floor":16},{"not_picked":["Seeing Red","Perfected Strike+1"],"picked":"Body Slam+1","floor":18},{"not_picked":["Heavy Blade+1","Twin Strike+1","Perfected Strike+1"],"picked":"SKIP","floor":19},{"not_picked":["Havoc","Wild Strike+1"],"picked":"Whirlwind+1","floor":21},{"not_picked":["Searing Blow+1","Perfected Strike+1"],"picked":"Cleave+1","floor":24},{"not_picked":["Combust+1","Twin Strike+1"],"picked":"Second Wind","floor":25},{"not_picked":["Iron Wave+1","Flex"],"picked":"Clash+1","floor":29},{"not_picked":["Pummel+1","Infernal Blade+1"],"picked":"Clash+1","floor":30},{"not_picked":["Flex","Body Slam+1","Rage"],"picked":"SKIP","floor":31},{"not_picked":["Bludgeon+1","Feed+1"],"picked":"Demon Form","floor":33},{"not_picked":["Cleave+1","Havoc"],"picked":"Shrug It Off","floor":35},{"not_picked":["Iron Wave+1","Anger+1"],"picked":"Whirlwind+1","floor":38},{"not_picked":["Offering","Perfected Strike+1","Impervious"],"picked":"Singing Bowl","floor":41},{"not_picked":["Headbutt+1","Iron Wave+1","Hemokinesis+1"],"picked":"Singing Bowl","floor":45},{"not_picked":["Perfected Strike+1","Flex","Twin Strike+1"],"picked":"Singing Bowl","floor":46}],"player_experience":273267,"relics_obtained":[{"floor":6,"key":"Meat on the Bone"},{"floor":9,"key":"Strawberry"},{"floor":10,"key":"Anchor"},{"floor":12,"key":"Molten Egg 2"},{"floor":21,"key":"Ginger"},{"floor":21,"key":"Blue Candle"},{"floor":26,"key":"Omamori"},{"floor":31,"key":"Oddly Smooth Stone"},{"floor":34,"key":"PreservedInsect"},{"floor":34,"key":"Self Forming Clay"},{"floor":34,"key":"Thread and Needle"},{"floor":41,"key":"Singing Bowl"},{"floor":43,"key":"Girya"}],"event_choices":[{"damage_healed":0,"gold_gain":0,"player_choice":"Full Heal","damage_taken":0,"max_hp_gain":0,"max_hp_loss":0,"event_name":"Wheel of Change","floor":2,"gold_loss":0},{"cards_removed":["Rupture"],"damage_healed":62,"gold_gain":0,"player_choice":"Offered Uncommon","damage_taken":0,"max_hp_gain":0,"max_hp_loss":0,"event_name":"Bonfire Elementals","floor":11,"gold_loss":0},{"damage_healed":0,"gold_gain":0,"player_choice":"Fight","damage_taken":0,"max_hp_gain":0,"max_hp_loss":0,"event_name":"Colosseum","floor":21,"gold_loss":0},{"damage_healed":0,"gold_gain":0,"player_choice":"Fought Nobs","damage_taken":0,"max_hp_gain":0,"max_hp_loss":0,"event_name":"Colosseum","floor":21,"gold_loss":0},{"damage_healed":0,"gold_gain":275,"player_choice":"Desecrate","damage_taken":0,"max_hp_gain":0,"max_hp_loss":0,"event_name":"Golden Shrine","floor":22,"gold_loss":0,"cards_obtained":["Regret"]},{"cards_removed":["Defend_R"],"damage_healed":0,"gold_gain":0,"player_choice":"Removed Skill","damage_taken":0,"max_hp_gain":0,"max_hp_loss":0,"event_name":"Falling","floor":36,"gold_loss":0},{"cards_removed":["Regret"],"damage_healed":0,"gold_gain":0,"player_choice":"Upgrade and Remove","damage_taken":0,"max_hp_gain":0,"max_hp_loss":0,"event_name":"Designer","floor":37,"gold_loss":90,"cards_upgraded":["Second Wind"]},{"damage_healed":0,"gold_gain":0,"player_choice":"Embrace Madness","damage_taken":12,"max_hp_gain":0,"max_hp_loss":0,"event_name":"Winding Halls","floor":39,"gold_loss":0,"cards_obtained":["Madness","Madness"]},{"damage_healed":0,"gold_gain":275,"player_choice":"Desecrate","damage_taken":0,"max_hp_gain":0,"max_hp_loss":0,"event_name":"Golden Shrine","floor":42,"gold_loss":0,"cards_obtained":["Regret"]}],"is_beta":false,"boss_relics":[{"not_picked":["Runic Cube","Pandora\u0027s Box"],"picked":"Snecko Eye"},{"not_picked":["Black Blood","Philosopher\u0027s Stone"],"picked":"Calling Bell"}],"items_purged_floors":[3,20,28,47],"is_endless":false,"potions_floor_spawned":[4,6,8,10,16,21,24,25,30,31,35,45],"killed_by":"Nemesis","ascension_level":1}