{"gold_per_floor":[111,129,147,97,49,49,75,75,127,77,77,106,122,137,137,233,233,223,223,323,323,337,337,371,383,407,418,418,74,101,118,118,213,213,228,228,228,29,29,29,64,64,64,83,83,83,101,121,121,121],"floor_reached":51,"playtime":4736,"items_purged":["Strike_B","Defend_B"],"score":775,"play_id":"0fb4f61a-efbc-4b9e-8fb9-c79fff386b19","local_time":"20190110003854","is_ascension_mode":true,"campfire_choices":[{"data":"Leap","floor":6,"key":"SMITH"},{"data":"Zap","floor":8,"key":"SMITH"},{"data":"Dualcast","floor":11,"key":"SMITH"},{"floor":15,"key":"REST"},{"floor":23,"key":"REST"},{"floor":28,"key":"REST"},{"data":"Biased Cognition","floor":32,"key":"SMITH"},{"floor":40,"key":"REST"},{"floor":42,"key":"REST"},{"floor":46,"key":"RECALL"},{"floor":49,"key":"REST"}],"neow_cost":"NONE","seed_source_timestamp":1113647935756744,"circlet_count":0,"master_deck":["Defend_B+1","Defend_B+1","Zap+1","Dualcast+1","Gash+1","Leap+1","Gash+1","Ball Lightning+1","Conserve Battery+1","Hologram+1","Biased Cognition+1","Capacitor+1","Coolheaded+1","Scrape+1","Conserve Battery+1","Go for the Eyes+1","Defragment+1","Blizzard+1","Creative AI+1","Cold Snap+1","Gash+1","Static Discharge+1","Barrage+1","Go for the Eyes+1"],"relics":["FrozenCore","Smiling Mask","Whetstone","Odd Mushroom","Ginger","Molten Egg 2","Enchiridion","Sundial","Happy Flower","Pantograph","Bottled Tornado","Runic Pyramid","Mark of the Bloom","DollysMirror","Shuriken","Kunai"],"potions_floor_usage":[16,20,20,50,50,50],"damage_taken":[{"damage":1,"enemies":"2 Louse","floor":1,"turns":3},{"damage":1,"enemies":"Jaw Worm","floor":2,"turns":4},{"damage":0,"enemies":"Small Slimes","floor":3,"turns":3},{"damage":34,"enemies":"3 Sentries","floor":7,"turns":11},{"damage":9,"enemies":"The Mushroom Lair","floor":12,"turns":3},{"damage":0,"enemies":"2 Fungi Beasts","floor":13,"turns":3},{"damage":7,"enemies":"3 Louse","floor":14,"turns":3},{"damage":18,"enemies":"Hexaghost","floor":16,"turns":8},{"damage":0,"enemies":"2 Thieves","floor":18,"turns":4},{"damage":8,"enemies":"Colosseum Slavers","floor":20,"turns":7},{"damage":59,"enemies":"Colosseum Nobs","floor":20,"turns":7},{"damage":0,"enemies":"3 Byrds","floor":22,"turns":6},{"damage":21,"enemies":"Slavers","floor":24,"turns":7},{"damage":0,"enemies":"3 Cultists","floor":25,"turns":5},{"damage":4,"enemies":"Cultist and Chosen","floor":27,"turns":8},{"damage":0,"enemies":"Gremlin Leader","floor":30,"turns":5},{"damage":4,"enemies":"Snake Plant","floor":31,"turns":4},{"damage":0,"enemies":"Champ","floor":33,"turns":8},{"damage":2,"enemies":"Orb Walker","floor":35,"turns":3},{"damage":16,"enemies":"Reptomancer","floor":41,"turns":7},{"damage":0,"enemies":"3 Darklings","floor":44,"turns":6},{"damage":7,"enemies":"Sphere and 2 Shapes","floor":47,"turns":5},{"damage":0,"enemies":"Transient","floor":48,"turns":5},{"damage":22,"enemies":"Time Eater","floor":50,"turns":13}],"seed_played":"3228037129389648026","potions_obtained":[{"floor":1,"key":"SpeedPotion"},{"floor":3,"key":"Regen Potion"},{"floor":7,"key":"PowerPotion"},{"floor":25,"key":"SpeedPotion"},{"floor":30,"key":"Ancient Potion"},{"floor":33,"key":"Energy Potion"},{"floor":35,"key":"Swift Potion"},{"floor":47,"key":"FearPotion"}],"is_trial":false,"path_per_floor":["M","M","M","?","$","R","E","R","T","$","R","?","M","M","R","B",null,"M","?","?","?","M","R","E","M","T","M","R","$","E","M","R","B",null,"M","?","?","$","?","R","E","R","T","M","?","R","M","M","R","B",null],"character_chosen":"DEFECT","items_purchased":["Gash","Pantograph","Go for the Eyes+1","DollysMirror"],"campfire_rested":6,"item_purchase_floors":[5,29,29,38],"current_hp_per_floor":[74,73,73,73,73,73,39,39,39,39,39,30,30,23,45,27,75,75,75,20,4,4,26,5,5,5,1,23,23,23,19,19,44,75,73,73,73,73,71,71,55,55,55,55,55,55,48,48,48,26],"gold":121,"neow_bonus":"REMOVE_CARD","is_prod":false,"is_daily":false,"chose_seed":false,"campfire_upgraded":4,"win_rate":0,"timestamp":1547102334,"path_taken":["M","M","M","?","$","R","E","R","T","$","R","?","M","M","R","BOSS","M","?","?","?","M","R","E","M","T","M","R","$","E","?","R","BOSS","M","?","?","?","?","R","E","R","T","?","?","R","M","M","R","BOSS"],"build_version":"2019-01-03v4","purchased_purges":2,"victory":true,"max_hp_per_floor":[75,75,75,75,75,75,75,75,75,75,75,75,75,75,75,75,75,75,75,75,75,75,75,75,75,75,75,75,75,75,75,75,75,75,75,75,75,75,71,71,71,71,71,71,71,71,71,71,71,71],"card_choices":[{"not_picked":["Storm","Barrage"],"picked":"Gash","floor":1},{"not_picked":["Lockon","Hello World"],"picked":"Leap","floor":2},{"not_picked":["Steam","BootSequence","Turbo"],"picked":"SKIP","floor":3},{"not_picked":["Barrage","Seek","Turbo"],"picked":"SKIP","floor":7},{"not_picked":["Stack","Rebound"],"picked":"Ball Lightning","floor":12},{"not_picked":["Turbo","Genetic Algorithm"],"picked":"Conserve Battery","floor":13},{"not_picked":["Turbo","Sweeping Beam"],"picked":"Hologram","floor":14},{"not_picked":["Echo Form","Rainbow"],"picked":"Biased Cognition","floor":16},{"not_picked":["Fusion+1","Redo"],"picked":"Capacitor","floor":18},{"not_picked":["BootSequence","Leap"],"picked":"Coolheaded+1","floor":22},{"not_picked":["Conserve Battery","Rip and Tear+1"],"picked":"Scrape+1","floor":24},{"not_picked":["Reboot","Undo"],"picked":"Conserve Battery+1","floor":25},{"not_picked":["Sweeping Beam+1","Tempest","Conserve Battery"],"picked":"SKIP","floor":27},{"not_picked":["Hello World","Barrage+1"],"picked":"Defragment","floor":30},{"not_picked":["Turbo","FTL+1"],"picked":"Blizzard+1","floor":31},{"not_picked":["Amplify","Seek"],"picked":"Creative AI","floor":33},{"not_picked":["Leap+1","Ball Lightning+1"],"picked":"Cold Snap+1","floor":35},{"not_picked":["White Noise+1","Steam"],"picked":"Static Discharge+1","floor":41},{"not_picked":["Conserve Battery","Beam Cell+1","Blizzard+1"],"picked":"SKIP","floor":44},{"not_picked":["Darkness","Compile Driver+1"],"picked":"Barrage+1","floor":47},{"not_picked":["Ball Lightning+1","Redo+1"],"picked":"Go for the Eyes+1","floor":48}],"player_experience":191175,"relics_obtained":[{"floor":7,"key":"Smiling Mask"},{"floor":9,"key":"Whetstone"},{"floor":12,"key":"Odd Mushroom"},{"floor":20,"key":"Ginger"},{"floor":20,"key":"Molten Egg 2"},{"floor":21,"key":"Enchiridion"},{"floor":24,"key":"Sundial"},{"floor":26,"key":"Happy Flower"},{"floor":30,"key":"Bottled Tornado"},{"floor":41,"key":"Shuriken"},{"floor":43,"key":"Kunai"}],"event_choices":[{"cards_removed":["Strike_B"],"damage_healed":0,"gold_gain":0,"player_choice":"Card Removal","damage_taken":0,"max_hp_gain":0,"max_hp_loss":0,"event_name":"The Cleric","floor":4,"gold_loss":50},{"damage_healed":0,"gold_gain":0,"player_choice":"Fought Mushrooms","damage_taken":0,"max_hp_gain":0,"max_hp_loss":0,"event_name":"Mushrooms","floor":12,"gold_loss":0},{"cards_removed":["Strike_B"],"damage_healed":0,"gold_gain":0,"player_choice":"Elegance","damage_taken":0,"max_hp_gain":0,"max_hp_loss":0,"event_name":"Back to Basics","floor":19,"gold_loss":0},{"damage_healed":0,"gold_gain":0,"player_choice":"Fight","damage_taken":0,"max_hp_gain":0,"max_hp_loss":0,"event_name":"Colosseum","floor":20,"gold_loss":0},{"damage_healed":0,"gold_gain":0,"player_choice":"Fought Nobs","damage_taken":0,"max_hp_gain":0,"max_hp_loss":0,"event_name":"Colosseum","floor":20,"gold_loss":0},{"damage_healed":0,"gold_gain":0,"player_choice":"Obtained Book","damage_taken":16,"max_hp_gain":0,"max_hp_loss":0,"event_name":"Cursed Tome","floor":21,"gold_loss":0},{"cards_removed":["Defend_B"],"damage_healed":0,"gold_gain":0,"player_choice":"Removed Skill","damage_taken":0,"max_hp_gain":0,"max_hp_loss":0,"event_name":"Falling","floor":36,"gold_loss":0},{"damage_healed":0,"gold_gain":0,"player_choice":"Upgrade","damage_taken":0,"relics_obtained":["Mark of the Bloom"],"max_hp_gain":0,"max_hp_loss":0,"event_name":"MindBloom","floor":37,"gold_loss":0,"cards_upgraded":["Defend_B","Defend_B","Ball Lightning","Conserve Battery","Hologram","Capacitor","Defragment","Creative AI"]},{"damage_healed":0,"gold_gain":0,"player_choice":"Max HP","damage_taken":0,"max_hp_gain":0,"max_hp_loss":4,"event_name":"Winding Halls","floor":39,"gold_loss":0},{"damage_healed":0,"gold_gain":0,"player_choice":"Ignored","damage_taken":0,"max_hp_gain":0,"max_hp_loss":0,"event_name":"Accursed Blacksmith","floor":45,"gold_loss":0}],"is_beta":false,"boss_relics":[{"not_picked":["Eternal Feather","Coffee Dripper"],"picked":"FrozenCore"},{"not_picked":["Calling Bell","Lizard Tail"],"picked":"Runic Pyramid"}],"items_purged_floors":[10,29],"is_endless":false,"potions_floor_spawned":[1,3,7,14,20,25,30,33,35,44,47],"ascension_level":1}