{"gold_per_floor":[18,30,46,63,75,104,104,135,135,135,285,300,300,225,225,296,296,307,357,207,220,235,235],"floor_reached":23,"playtime":1277,"items_purged":["Strike_G"],"score":386,"play_id":"3483e4fb-b1a5-47ca-b110-806547ae7f6e","local_time":"20190507224320","is_ascension_mode":true,"campfire_choices":[{"data":"Bouncing Flask","floor":7.0,"key":"SMITH"},{"floor":10.0,"key":"REST"},{"data":"Strike_G","floor":13.0,"key":"PURGE"},{"data":"Strike_G","floor":15.0,"key":"PURGE"}],"neow_cost":"NO_GOLD","seed_source_timestamp":90894594575144,"circlet_count":0,"master_deck":["AscendersBane","Defend_G","Defend_G","Defend_G","Defend_G","Strike_G","Survivor","Neutralize","Bouncing Flask+1","Backstab","Cloak And Dagger","Poisoned Stab","Crippling Poison","Burst","Blur","Calculated Gamble","Expertise+1"],"special_seed":0,"relics":["Ring of the Snake","StoneCalendar","Frozen Egg 2","Matryoshka","Darkstone Periapt","Peace Pipe","Empty Cage"],"potions_floor_usage":[23],"damage_taken":[{"damage":3.0,"enemies":"Small Slimes","floor":1.0,"turns":4.0},{"damage":0.0,"enemies":"2 Louse","floor":2.0,"turns":3.0},{"damage":0.0,"enemies":"Cultist","floor":3.0,"turns":3.0},{"damage":4.0,"enemies":"Red Slaver","floor":4.0,"turns":3.0},{"damage":2.0,"enemies":"Gremlin Gang","floor":5.0,"turns":5.0},{"damage":27.0,"enemies":"3 Sentries","floor":6.0,"turns":7.0},{"damage":11.0,"enemies":"Lagavulin","floor":8.0,"turns":7.0},{"damage":6.0,"enemies":"Lots of Slimes","floor":12.0,"turns":4.0},{"damage":8.0,"enemies":"Hexaghost","floor":16.0,"turns":9.0},{"damage":17.0,"enemies":"3 Byrds","floor":18.0,"turns":5.0},{"damage":15.0,"enemies":"Shell Parasite","floor":21.0,"turns":7.0},{"damage":9.0,"enemies":"Snake Plant","floor":22.0,"turns":4.0},{"damage":10,"enemies":"Book of Stabbing","floor":23,"turns":2}],"seed_played":"-7693992445396391561","potions_obtained":[{"floor":1.0,"key":"LiquidBronze"},{"floor":3.0,"key":"GhostInAJar"},{"floor":16.0,"key":"Swift Potion"},{"floor":22.0,"key":"Ancient Potion"}],"is_trial":false,"path_per_floor":["M","M","M","M","M","E","R","E","T","R","?","M","R","?","R","B",null,"M","?","$","M","M","E"],"character_chosen":"THE_SILENT","items_purchased":["Blur"],"campfire_rested":1,"item_purchase_floors":[20],"current_hp_per_floor":[56,56,56,52,50,23,23,12,12,31,37,31,31,31,31,23,60,43,43,43,28,19,9],"gold":235,"neow_bonus":"ONE_RARE_RELIC","is_prod":false,"is_daily":false,"chose_seed":false,"campfire_upgraded":1,"win_rate":0,"timestamp":1557236600,"path_taken":["M","M","M","M","M","E","R","E","T","R","?","M","R","?","R","BOSS","M","?","$","M","M","E"],"build_version":"2019-01-23","purchased_purges":1,"victory":false,"max_hp_per_floor":[66,66,66,66,66,66,66,66,66,66,72,72,72,72,72,72,72,72,72,72,72,72,72],"card_choices":[{"not_picked":["Underhanded Strike","Dagger Throw"],"picked":"Bouncing Flask","floor":1.0},{"not_picked":["Masterful Stab","Dodge and Roll"],"picked":"Backstab","floor":2.0},{"not_picked":["Dodge and Roll","Terror"],"picked":"Cloak And Dagger","floor":3.0},{"not_picked":["Flying Knee","Night Terror"],"picked":"Poisoned Stab","floor":4.0},{"not_picked":["Finisher","Cloak And Dagger","Concentrate"],"picked":"SKIP","floor":5.0},{"not_picked":["Poisoned Stab","Outmaneuver","Eviscerate"],"picked":"SKIP","floor":6.0},{"not_picked":["Endless Agony","Blade Dance","Dodge and Roll"],"picked":"SKIP","floor":8.0},{"not_picked":["Cloak And Dagger","Blade Dance"],"picked":"Crippling Poison","floor":12.0},{"not_picked":["Night Terror","A Thousand Cuts+1"],"picked":"Burst","floor":16.0},{"not_picked":["Sucker Punch","Outmaneuver+1","Poisoned Stab"],"picked":"SKIP","floor":18.0},{"not_picked":["Deflect","Slice"],"picked":"Calculated Gamble","floor":21.0},{"not_picked":["Dagger Throw+1","Underhanded Strike"],"picked":"Expertise+1","floor":22.0}],"player_experience":759845,"relics_obtained":[{"floor":6.0,"key":"Frozen Egg 2"},{"floor":8.0,"key":"Matryoshka"},{"floor":9.0,"key":"Darkstone Periapt"},{"floor":9.0,"key":"Peace Pipe"}],"event_choices":[{"damage_healed":0.0,"max_hp_gain":0.0,"max_hp_loss":0.0,"gold_gain":150.0,"event_name":"Liars Game","player_choice":"AGREE","floor":11.0,"gold_loss":0.0,"damage_taken":0.0,"cards_obtained":["Doubt"]},{"cards_removed":["Doubt"],"damage_healed":0.0,"max_hp_gain":0.0,"max_hp_loss":0.0,"gold_gain":0.0,"event_name":"The Cleric","player_choice":"Card Removal","floor":14.0,"gold_loss":75.0,"damage_taken":0.0},{"damage_healed":0.0,"max_hp_gain":0.0,"max_hp_loss":0.0,"gold_gain":100.0,"event_name":"The Joust","player_choice":"Bet on Murderer","floor":19.0,"gold_loss":50.0,"damage_taken":0.0}],"is_beta":false,"boss_relics":[{"not_picked":["Eternal Feather","WristBlade"],"picked":"Empty Cage"}],"items_purged_floors":[20],"is_endless":false,"potions_floor_spawned":[1,3,8,12,16,22],"killed_by":"Book of Stabbing","ascension_level":18}