{"gold_per_floor":[119,129,79,90,90,115,115,126,126,142,152,8,22,22,22,123,123,142,152,152,162,181,181,197,197],"floor_reached":25,"playtime":3347,"items_purged":[],"score":209,"play_id":"4d897052-00aa-4e25-b1e1-9dd844be93d0","local_time":"20181228203544","is_ascension_mode":false,"campfire_choices":[{"floor":7,"key":"REST"},{"data":"Barricade","floor":15,"key":"SMITH"},{"data":"Feed","floor":23,"key":"SMITH"}],"neow_cost":"TEN_PERCENT_HP_LOSS","seed_source_timestamp":63678208992345,"circlet_count":0,"master_deck":["Strike_R","Strike_R","Strike_R","Strike_R+1","Defend_R","Defend_R","Defend_R","Defend_R","Pommel Strike+1","Second Wind","Inflame","Searing Blow+1","Barricade+1","Clothesline","Metallicize","Shrug It Off","Impervious","Seeing Red","Feed+1","Iron Wave","Inflame","Shockwave","Clothesline"],"relics":["Burning Blood","Whetstone","Meat on the Bone","Sozu"],"potions_floor_usage":[25,25,25],"damage_taken":[{"damage":1,"enemies":"Cultist","floor":1,"turns":3},{"damage":11,"enemies":"Jaw Worm","floor":2,"turns":5},{"damage":5,"enemies":"Small Slimes","floor":4,"turns":4},{"damage":69,"enemies":"Gremlin Nob","floor":6,"turns":6},{"damage":8,"enemies":"Gremlin Gang","floor":8,"turns":5},{"damage":9,"enemies":"Red Slaver","floor":10,"turns":4},{"damage":3,"enemies":"2 Fungi Beasts","floor":11,"turns":3},{"damage":16,"enemies":"Exordium Thugs","floor":13,"turns":7},{"damage":40,"enemies":"Hexaghost","floor":16,"turns":18},{"damage":19,"enemies":"3 Byrds","floor":18,"turns":8},{"damage":0,"enemies":"Chosen","floor":19,"turns":7},{"damage":0,"enemies":"Snecko","floor":21,"turns":7},{"damage":39,"enemies":"Chosen and Byrds","floor":22,"turns":9},{"damage":11,"enemies":"Centurion and Healer","floor":24,"turns":8},{"damage":55,"enemies":"Book of Stabbing","floor":25,"turns":9}],"seed_played":"6328631305698917542","potions_obtained":[{"floor":2,"key":"Ancient Potion"},{"floor":4,"key":"FairyPotion"},{"floor":6,"key":"Poison Potion"},{"floor":8,"key":"Energy Potion"},{"floor":11,"key":"Weak Potion"}],"is_trial":false,"path_per_floor":["M","M","?","M","?","E","R","M","T","M","M","$","M","$","R","B",null,"M","M","?","M","M","R","M","E"],"character_chosen":"IRONCLAD","items_purchased":["Impervious"],"campfire_rested":1,"item_purchase_floors":[12],"current_hp_per_floor":[72,67,67,68,68,13,34,32,32,41,44,44,46,46,46,24,72,62,71,71,77,47,47,54,0],"gold":197,"neow_bonus":"TRANSFORM_TWO_CARDS","is_prod":false,"is_daily":false,"chose_seed":false,"campfire_upgraded":2,"win_rate":0.0,"timestamp":1546050944,"path_taken":["M","M","?","M","?","E","R","M","T","M","M","$","M","?","R","BOSS","M","?","?","?","M","R","M","E"],"build_version":"2018-12-20","purchased_purges":0,"victory":false,"max_hp_per_floor":[72,72,72,72,72,72,72,72,72,72,72,72,72,72,72,72,72,75,78,78,78,81,81,81,81],"card_choices":[{"not_picked":["Iron Wave","Clash"],"picked":"Second Wind","floor":1},{"not_picked":["Corruption","Carnage"],"picked":"Inflame","floor":2},{"not_picked":["Flex","Body Slam"],"picked":"Searing Blow","floor":4},{"not_picked":["Headbutt","Iron Wave"],"picked":"Barricade","floor":6},{"not_picked":["Perfected Strike","Combust"],"picked":"Clothesline","floor":8},{"not_picked":["Flex","Headbutt"],"picked":"Metallicize","floor":10},{"not_picked":["Warcry","Thunderclap"],"picked":"Shrug It Off","floor":11},{"not_picked":["Clash","Infernal Blade"],"picked":"Seeing Red","floor":13},{"not_picked":["Juggernaut","Dark Embrace"],"picked":"Feed","floor":16},{"not_picked":["Hemokinesis","Intimidate"],"picked":"Iron Wave","floor":18},{"not_picked":["Body Slam","Armaments"],"picked":"Inflame","floor":19},{"not_picked":["Twin Strike","Anger"],"picked":"Shockwave","floor":21},{"not_picked":["Infernal Blade","Twin Strike","Hemokinesis+1"],"picked":"SKIP","floor":22},{"not_picked":["Seeing Red+1","Warcry"],"picked":"Clothesline","floor":24}],"player_experience":15920,"relics_obtained":[{"floor":6,"key":"Whetstone"},{"floor":9,"key":"Meat on the Bone"}],"event_choices":[{"cards_removed":["Berserk"],"damage_healed":0,"gold_gain":0,"player_choice":"Card Removal","damage_taken":0,"max_hp_gain":0,"max_hp_loss":0,"event_name":"The Cleric","floor":3,"gold_loss":50},{"damage_healed":0,"gold_gain":0,"player_choice":"Grow","damage_taken":0,"max_hp_gain":0,"max_hp_loss":0,"event_name":"Living Wall","floor":5,"gold_loss":0,"cards_upgraded":["Searing Blow"]},{"damage_healed":0,"gold_gain":0,"player_choice":"Got Potions","damage_taken":0,"max_hp_gain":0,"max_hp_loss":0,"event_name":"Lab","floor":20,"gold_loss":0}],"is_beta":false,"boss_relics":[{"not_picked":["Calling Bell","Runic Pyramid"],"picked":"Sozu"}],"items_purged_floors":[],"is_endless":false,"potions_floor_spawned":[2,4,6,8,11,16,21,24],"killed_by":"Book of Stabbing","ascension_level":0}