{"gold_per_floor":[10,25,39,52,67,67,77,105,105,105,116,116,41,60,90,194,194,204,204,68,85,97,97,114,14,62,77,77,87,87,87],"floor_reached":31,"playtime":1232,"items_purged":["Strike_B","Strike_B"],"score":243,"play_id":"a31dcf7e-23f1-4264-ab1d-639a0e78225c","local_time":"20190503023625","is_ascension_mode":false,"campfire_choices":[{"data":"Zap","floor":6,"key":"SMITH"},{"floor":10,"key":"REST"},{"data":"Darkness","floor":12,"key":"SMITH"},{"floor":15,"key":"DIG"},{"floor":23,"key":"DIG"},{"floor":28,"key":"DIG"},{"floor":30,"key":"DIG"}],"neow_cost":"NO_GOLD","seed_source_timestamp":0,"circlet_count":0,"master_deck":["Strike_B","Strike_B","Defend_B","Defend_B","Defend_B","Defend_B","Zap+1","Dualcast","Hologram","Biased Cognition","Stack","Darkness+1","Chaos","Ball Lightning","Go for the Eyes","Ball Lightning","Machine Learning","Conserve Battery","Good Instincts","Ball Lightning","Beam Cell+1","Conserve Battery+1","Hello World","Self Repair+1"],"special_seed":0,"relics":["Cracked Core","Dead Branch","Shovel","Nunchaku","Tiny Chest","Sozu","Darkstone Periapt","Omamori","Turnip","Pen Nib"],"potions_floor_usage":[7,31],"damage_taken":[{"damage":11.0,"enemies":"Jaw Worm","floor":1.0,"turns":4.0},{"damage":0.0,"enemies":"Cultist","floor":2.0,"turns":4.0},{"damage":0,"enemies":"2 Louse","floor":3,"turns":3},{"damage":15,"enemies":"Red Slaver","floor":4,"turns":4},{"damage":5,"enemies":"2 Fungi Beasts","floor":5,"turns":4},{"damage":0,"enemies":"3 Louse","floor":7,"turns":1},{"damage":17,"enemies":"Lagavulin","floor":8,"turns":7},{"damage":8,"enemies":"Looter","floor":11,"turns":3},{"damage":0,"enemies":"Red Slaver","floor":14,"turns":3},{"damage":16,"enemies":"The Guardian","floor":16,"turns":8},{"damage":4,"enemies":"3 Byrds","floor":18,"turns":4},{"damage":5,"enemies":"Chosen","floor":21,"turns":3},{"damage":6,"enemies":"Snecko","floor":22,"turns":5},{"damage":3,"enemies":"Chosen and Byrds","floor":24,"turns":4},{"damage":17,"enemies":"Snake Plant","floor":27,"turns":4},{"damage":10,"enemies":"3 Cultists","floor":29,"turns":4},{"damage":35,"enemies":"Gremlin Leader","floor":31,"turns":3}],"seed_played":"-1746461891289906623","potions_obtained":[{"floor":3,"key":"Explosive Potion"},{"floor":7,"key":"LiquidBronze"},{"floor":11,"key":"Strength Potion"},{"floor":16,"key":"Swift Potion"}],"is_trial":false,"path_per_floor":["M","M","M","M","M","R","M","E","T","R","M","R","$","M","R","B",null,"M","?","$","M","M","R","M","$","T","M","R","M","R","E"],"character_chosen":"DEFECT","items_purchased":["Good Instincts","Ball Lightning"],"campfire_rested":1,"item_purchase_floors":[20,20],"current_hp_per_floor":[64,64,64,49,44,44,44,27,27,49,41,41,41,41,41,25,75,71,71,71,66,60,60,57,57,57,40,40,30,30,0],"gold":87,"neow_bonus":"ONE_RARE_RELIC","is_prod":false,"is_daily":false,"chose_seed":false,"campfire_upgraded":2,"win_rate":0,"timestamp":1556872585,"path_taken":["M","M","M","M","M","R","M","E","T","R","M","R","$","M","R","BOSS","M","?","$","M","?","R","M","$","T","M","R","M","R","E"],"build_version":"2019-01-23","purchased_purges":2,"victory":false,"max_hp_per_floor":[75,75,75,75,75,75,75,75,75,75,75,75,75,75,75,75,75,75,75,75,75,75,75,75,75,75,75,75,75,75,75],"card_choices":[{"not_picked":["Streamline","Genetic Algorithm","Chill"],"picked":"SKIP","floor":1.0},{"not_picked":["Genetic Algorithm","Compile Driver"],"picked":"Hologram","floor":2.0},{"not_picked":["Static Discharge","Cold Snap"],"picked":"Biased Cognition","floor":3},{"not_picked":["FTL","Turbo"],"picked":"Stack","floor":4},{"not_picked":["Gash","Double Energy"],"picked":"Darkness","floor":5},{"not_picked":["Turbo","Doom and Gloom"],"picked":"Chaos","floor":7},{"not_picked":["Echo Form","Static Discharge"],"picked":"Ball Lightning","floor":8},{"not_picked":["Turbo","Gash"],"picked":"Go for the Eyes","floor":11},{"not_picked":["Leap","Redo"],"picked":"Ball Lightning","floor":14},{"not_picked":["Amplify","Hyperbeam"],"picked":"Machine Learning","floor":16},{"not_picked":["Sweeping Beam","Go for the Eyes"],"picked":"Conserve Battery","floor":18},{"not_picked":["Steam+1","Rip and Tear"],"picked":"Beam Cell+1","floor":21},{"not_picked":["Steam","Streamline"],"picked":"Conserve Battery+1","floor":22},{"not_picked":["Lockon","Turbo+1"],"picked":"Hello World","floor":24},{"not_picked":["Coolheaded","Steam","Barrage+1"],"picked":"SKIP","floor":27},{"not_picked":["Fusion","Coolheaded"],"picked":"Self Repair+1","floor":29}],"player_experience":1361892,"relics_obtained":[{"floor":8,"key":"Shovel"},{"floor":9,"key":"Nunchaku"},{"floor":15,"key":"Tiny Chest"},{"floor":23,"key":"Darkstone Periapt"},{"floor":26,"key":"Omamori"},{"floor":28,"key":"Turnip"},{"floor":30,"key":"Pen Nib"}],"event_choices":[{"damage_healed":0,"gold_gain":0,"player_choice":"Bought 0 Potions","damage_taken":0,"max_hp_gain":0,"max_hp_loss":0,"event_name":"The Woman in Blue","floor":19,"gold_loss":0}],"is_beta":false,"boss_relics":[{"not_picked":["Empty Cage","FrozenCore"],"picked":"Sozu"}],"items_purged_floors":[13,25],"is_endless":false,"potions_floor_spawned":[3,7,11,16,21,29],"killed_by":"Gremlin Leader","ascension_level":0}