{"gold_per_floor":[111,131,56,56,69,69,88,88,88,35,65,65,31,48,48,145,145,157,176,76,76,30,30,43,43,43,69,69,69,83,103,103,103],"floor_reached":33,"playtime":25925,"items_purged":["Strike_G","Strike_G"],"score":280,"play_id":"ed9e220b-b816-4151-958e-daf91e44fff2","local_time":"20190101005034","is_ascension_mode":true,"campfire_choices":[{"data":"Footwork","floor":6,"key":"SMITH"},{"data":"Backflip","floor":8,"key":"SMITH"},{"data":"Deadly Poison","floor":12,"key":"SMITH"},{"data":"Outmaneuver","floor":15,"key":"SMITH"},{"data":"Footwork","floor":23,"key":"SMITH"},{"floor":25,"key":"REST"},{"data":"Blade Dance","floor":28,"key":"SMITH"},{"data":"Acrobatics","floor":32,"key":"SMITH"}],"neow_cost":"NONE","seed_source_timestamp":315567228292223,"circlet_count":0,"master_deck":["Defend_G","Defend_G","Defend_G+1","Defend_G","Defend_G","Strike_G","Strike_G","Survivor","Neutralize","Footwork+1","Quick Slash","Backflip+1","Deflect+1","Deadly Poison+1","Blade Dance+1","Outmaneuver+1","After Image","Footwork+1","Deadly Poison","Acrobatics+1","Blade Dance+1","Acrobatics+1"],"relics":["Ring of the Snake","Omamori","Pantograph","Black Star","Enchiridion","Lantern","Toxic Egg 2","War Paint"],"potions_floor_usage":[33],"damage_taken":[{"damage":0,"enemies":"Jaw Worm","floor":1,"turns":6},{"damage":0,"enemies":"Cultist","floor":2,"turns":5},{"damage":4,"enemies":"2 Louse","floor":5,"turns":4},{"damage":0,"enemies":"Large Slime","floor":7,"turns":7},{"damage":1,"enemies":"3 Sentries","floor":11,"turns":13},{"damage":5,"enemies":"Exordium Thugs","floor":13,"turns":5},{"damage":0,"enemies":"Blue Slaver","floor":14,"turns":4},{"damage":63,"enemies":"Slime Boss","floor":16,"turns":24},{"damage":17,"enemies":"3 Byrds","floor":18,"turns":10},{"damage":3,"enemies":"Shell Parasite","floor":19,"turns":8},{"damage":8,"enemies":"Snake Plant","floor":24,"turns":6},{"damage":9,"enemies":"Book of Stabbing","floor":27,"turns":7},{"damage":1,"enemies":"Cultist and Chosen","floor":30,"turns":9},{"damage":10,"enemies":"Shelled Parasite and Fungi","floor":31,"turns":7},{"damage":52,"enemies":"Collector","floor":33,"turns":11}],"seed_played":"661879674575543387","potions_obtained":[{"floor":1,"key":"Weak Potion"},{"floor":11,"key":"EssenceOfSteel"},{"floor":30,"key":"AttackPotion"}],"is_trial":false,"path_per_floor":["M","M","$","?","M","R","M","R","T","$","E","R","M","M","R","B",null,"M","M","$","?","$","R","M","R","T","E","R","?","M","M","R","B"],"character_chosen":"THE_SILENT","items_purchased":["Deflect","Acrobatics"],"campfire_rested":1,"item_purchase_floors":[10,22],"current_hp_per_floor":[70,70,70,70,66,66,66,66,66,66,65,65,60,60,60,7,70,53,50,50,34,34,34,26,47,47,38,38,38,37,27,27,0],"gold":103,"neow_bonus":"RANDOM_COMMON_RELIC","is_prod":false,"is_daily":false,"chose_seed":false,"campfire_upgraded":7,"win_rate":0,"timestamp":1546325434,"path_taken":["M","M","$","?","M","R","M","R","T","$","E","R","M","M","R","BOSS","M","?","$","?","$","R","M","R","T","E","R","?","M","M","R","BOSS"],"build_version":"2018-12-20","purchased_purges":2,"victory":false,"max_hp_per_floor":[70,70,70,70,70,70,70,70,70,70,70,70,70,70,70,70,70,70,70,70,70,70,70,70,70,70,70,70,70,70,70,70,70],"card_choices":[{"not_picked":["Prepared","Poisoned Stab"],"picked":"Footwork","floor":1},{"not_picked":["Sucker Punch","Bane"],"picked":"Quick Slash","floor":2},{"not_picked":["Escape Plan","Sucker Punch","Deadly Poison"],"picked":"SKIP","floor":5},{"not_picked":["Poisoned Stab","Outmaneuver"],"picked":"Backflip","floor":7},{"not_picked":["Slice","Burst"],"picked":"Deadly Poison","floor":11},{"not_picked":["Underhanded Strike","Dodge and Roll"],"picked":"Blade Dance","floor":13},{"not_picked":["Quick Slash","Endless Agony"],"picked":"Outmaneuver","floor":14},{"not_picked":["Die Die Die","Venomology"],"picked":"After Image","floor":16},{"not_picked":["Eviscerate","Underhanded Strike"],"picked":"Footwork","floor":18},{"not_picked":["Sucker Punch+1","Backstab"],"picked":"Deadly Poison","floor":19},{"not_picked":["Flechettes","PiercingWail","Sucker Punch+1"],"picked":"SKIP","floor":24},{"not_picked":["PiercingWail+1","Glass Knife","Distraction+1"],"picked":"SKIP","floor":27},{"not_picked":["Quick Slash","Bane"],"picked":"Blade Dance+1","floor":30},{"not_picked":["PiercingWail+1","Blade Dance+1"],"picked":"Acrobatics+1","floor":31}],"player_experience":145113,"relics_obtained":[{"floor":11,"key":"Pantograph"},{"floor":21,"key":"Enchiridion"},{"floor":26,"key":"Lantern"},{"floor":27,"key":"Toxic Egg 2"},{"floor":27,"key":"War Paint"}],"event_choices":[{"damage_healed":0,"gold_gain":0,"player_choice":"Bought 0 Potions","damage_taken":0,"max_hp_gain":0,"max_hp_loss":0,"event_name":"The Woman in Blue","floor":4,"gold_loss":0},{"damage_healed":0,"gold_gain":0,"player_choice":"Obtained Book","damage_taken":16,"max_hp_gain":0,"max_hp_loss":0,"event_name":"Cursed Tome","floor":21,"gold_loss":0},{"cards_removed":["Strike_G"],"damage_healed":0,"gold_gain":0,"player_choice":"Offered Basic","damage_taken":0,"max_hp_gain":0,"max_hp_loss":0,"event_name":"Bonfire Elementals","floor":29,"gold_loss":0}],"is_beta":false,"boss_relics":[{"not_picked":["Ectoplasm","Orrery"],"picked":"Black Star"}],"items_purged_floors":[3,20],"is_endless":false,"potions_floor_spawned":[1,11,30,31],"killed_by":"Collector","ascension_level":1}