{"gold_per_floor":[218,237,237,184,200,200,275,125,125,141,41,41,65,65,65,65],"floor_reached":16,"playtime":980,"items_purged":["Strike_B","Strike_B"],"score":101,"play_id":"f308bd94-76ed-4d2a-9ebd-78c566a9afa8","local_time":"20190408000545","is_ascension_mode":true,"campfire_choices":[{"data":"Gash","floor":6,"key":"SMITH"},{"data":"Loop","floor":12,"key":"SMITH"},{"floor":15,"key":"REST"}],"neow_cost":"NONE","seed_source_timestamp":782106422829648,"circlet_count":0,"master_deck":["Strike_B","Defend_B","Defend_B","Defend_B","Defend_B","Zap","Dualcast","Leap","Gash+1","Leap","Loop+1","Gash","Beam Cell"],"relics":["Cracked Core","Unceasing Top","Odd Mushroom","Emotion Chip"],"potions_floor_usage":[],"damage_taken":[{"damage":2,"enemies":"Small Slimes","floor":1,"turns":3},{"damage":6,"enemies":"Cultist","floor":2,"turns":3},{"damage":0,"enemies":"2 Louse","floor":5,"turns":3},{"damage":17,"enemies":"Large Slime","floor":10,"turns":6},{"damage":30,"enemies":"The Mushroom Lair","floor":13,"turns":5},{"damage":31,"enemies":"Slime Boss","floor":16,"turns":9}],"seed_played":"1881750792924482361","potions_obtained":[{"floor":10,"key":"Strength Potion"}],"is_trial":false,"path_per_floor":["M","M","?","$","M","R","?","$","T","M","$","R","?","?","R","B"],"character_chosen":"DEFECT","items_purchased":["Leap","Loop"],"campfire_rested":1,"item_purchase_floors":[4,8],"current_hp_per_floor":[73,67,67,67,67,67,56,56,56,39,39,39,9,9,31,0],"gold":65,"neow_bonus":"HUNDRED_GOLD","is_prod":false,"is_daily":false,"chose_seed":false,"campfire_upgraded":2,"win_rate":0,"timestamp":1554699945,"path_taken":["M","M","?","$","?","R","?","$","T","M","$","R","?","?","R","BOSS"],"build_version":"2019-01-23","purchased_purges":2,"victory":false,"max_hp_per_floor":[75,75,75,75,75,75,75,75,75,75,75,75,75,75,75,75],"card_choices":[{"not_picked":["Hologram","Skim"],"picked":"Leap","floor":1},{"not_picked":["Rebound","Undo"],"picked":"Gash","floor":2},{"not_picked":["Lockon","Streamline","Reprogram"],"picked":"SKIP","floor":5},{"not_picked":["Redo","Ball Lightning"],"picked":"Gash","floor":10},{"not_picked":["Recycle","Redo"],"picked":"Beam Cell","floor":13}],"player_experience":435004,"relics_obtained":[{"floor":9,"key":"Unceasing Top"},{"floor":13,"key":"Odd Mushroom"}],"event_choices":[{"cards_removed":["Strike_B"],"damage_healed":0,"gold_gain":0,"player_choice":"Offered Basic","damage_taken":0,"max_hp_gain":0,"max_hp_loss":0,"event_name":"Bonfire Elementals","floor":3,"gold_loss":0},{"damage_healed":0,"gold_gain":75,"player_choice":"Gather Gold","damage_taken":11,"max_hp_gain":0,"max_hp_loss":0,"event_name":"World of Goop","floor":7,"gold_loss":0},{"damage_healed":0,"gold_gain":0,"player_choice":"Fought Mushrooms","damage_taken":0,"max_hp_gain":0,"max_hp_loss":0,"event_name":"Mushrooms","floor":13,"gold_loss":0},{"damage_healed":0,"gold_gain":0,"player_choice":"Gave Potion","damage_taken":0,"relics_obtained":["Emotion Chip"],"max_hp_gain":0,"max_hp_loss":0,"event_name":"WeMeetAgain","floor":14,"gold_loss":0}],"is_beta":false,"boss_relics":[],"items_purged_floors":[8,11],"is_endless":false,"potions_floor_spawned":[10],"killed_by":"Slime Boss","ascension_level":3}