{"gold_per_floor":[119,119,133,36,36,36,36,48,73,73,92,267,280,298,298,401,401,414,414,329,46,146,146],"floor_reached":23,"playtime":1713,"items_purged":["Choke"],"score":197,"play_id":"87b343ba-ab04-43e5-b125-ec536f5bd2a4","local_time":"20190219231317","is_ascension_mode":true,"campfire_choices":[{"data":"Footwork","floor":6,"key":"SMITH"},{"data":"Dagger Spray","floor":15,"key":"SMITH"}],"neow_cost":"CURSE","seed_source_timestamp":98734623054492,"circlet_count":0,"master_deck":["Survivor+1","Neutralize","Decay","Dagger Spray+1","Blade Dance+1","Footwork+1","Sucker Punch+1","Underhanded Strike","Backflip","Dodge and Roll","Doubt","Dagger Spray","Burst","Skewer","Distraction","Blur","Blur","Dagger Spray","Predator","Venomology","Grand Finale","Dodge and Roll+1"],"relics":["Ring of the Snake","Dead Branch","Bag of Marbles","War Paint","Pandora\u0027s Box","Happy Flower","Medical Kit","Turnip","Molten Egg 2"],"potions_floor_usage":[22],"damage_taken":[{"damage":4,"enemies":"Small Slimes","floor":1,"turns":5},{"damage":6,"enemies":"Jaw Worm","floor":3,"turns":4},{"damage":0,"enemies":"Cultist","floor":8,"turns":3},{"damage":0,"enemies":"Blue Slaver","floor":11,"turns":3},{"damage":0,"enemies":"Looter","floor":13,"turns":4},{"damage":0,"enemies":"2 Fungi Beasts","floor":14,"turns":4},{"damage":30,"enemies":"Hexaghost","floor":16,"turns":13},{"damage":1,"enemies":"Chosen","floor":18,"turns":8},{"damage":25,"enemies":"Colosseum Slavers","floor":22,"turns":8},{"damage":60,"enemies":"Colosseum Nobs","floor":22,"turns":6},{"damage":10,"enemies":"Book of Stabbing","floor":23,"turns":2}],"seed_played":"-2463716876845546059","potions_obtained":[{"floor":8,"key":"Dexterity Potion"},{"floor":16,"key":"FairyPotion"}],"is_trial":false,"path_per_floor":["M","?","M","$","$","R","?","M","T","?","M","?","M","M","R","B",null,"M","?","?","$","?","E"],"character_chosen":"THE_SILENT","items_purchased":["Footwork","Sucker Punch","Medical Kit"],"campfire_rested":0,"item_purchase_floors":[4,4,21],"current_hp_per_floor":[66,59,53,53,53,53,53,53,53,53,53,53,53,53,53,23,70,69,69,69,69,7,0],"gold":146,"neow_bonus":"ONE_RARE_RELIC","is_prod":false,"is_daily":false,"chose_seed":false,"campfire_upgraded":2,"win_rate":0,"timestamp":1550639597,"path_taken":["M","?","M","?","$","R","?","?","T","?","M","?","M","M","R","BOSS","M","?","?","$","?","E"],"build_version":"2019-01-23","purchased_purges":1,"victory":false,"max_hp_per_floor":[70,70,70,70,70,70,70,70,70,70,70,70,70,70,70,70,70,70,70,70,70,70,70],"card_choices":[{"not_picked":["Backstab","Endless Agony"],"picked":"Dagger Spray","floor":1},{"not_picked":["Slice","Bane"],"picked":"Blade Dance","floor":3},{"not_picked":["Cloak And Dagger","Acrobatics"],"picked":"Backflip","floor":8},{"not_picked":["Slice","Skewer"],"picked":"Dodge and Roll","floor":11},{"not_picked":["Acrobatics","Distraction"],"picked":"Dagger Spray","floor":13},{"not_picked":["Distraction","Sucker Punch","Skewer"],"picked":"SKIP","floor":14},{"not_picked":["Venomology","Storm of Steel"],"picked":"Burst","floor":16},{"not_picked":["PiercingWail","Dagger Spray","Dagger Throw+1"],"picked":"SKIP","floor":18},{"not_picked":["Blade Dance","Dagger Throw"],"picked":"Dodge and Roll+1","floor":22}],"player_experience":386031,"relics_obtained":[{"floor":9,"key":"War Paint"},{"floor":22,"key":"Turnip"},{"floor":22,"key":"Molten Egg 2"}],"event_choices":[{"damage_healed":0,"gold_gain":0,"player_choice":"Success","damage_taken":7,"relics_obtained":["Bag of Marbles"],"max_hp_gain":0,"max_hp_loss":0,"event_name":"Scrap Ooze","floor":2,"gold_loss":0},{"damage_healed":0,"gold_gain":0,"cards_transformed":["Strike_G"],"player_choice":"Transformed","damage_taken":0,"max_hp_gain":0,"max_hp_loss":0,"event_name":"Transmorgrifier","floor":7,"gold_loss":0,"cards_obtained":["Underhanded Strike"]},{"damage_healed":0,"gold_gain":0,"player_choice":"Grow","damage_taken":0,"max_hp_gain":0,"max_hp_loss":0,"event_name":"Living Wall","floor":10,"gold_loss":0,"cards_upgraded":["Sucker Punch"]},{"damage_healed":0,"gold_gain":175,"player_choice":"AGREE","damage_taken":0,"max_hp_gain":0,"max_hp_loss":0,"event_name":"Liars Game","floor":12,"gold_loss":0,"cards_obtained":["Doubt"]},{"damage_healed":0,"gold_gain":0,"player_choice":"Ignored","damage_taken":0,"max_hp_gain":0,"max_hp_loss":0,"event_name":"Ghosts","floor":19,"gold_loss":0},{"damage_healed":0,"gold_gain":0,"player_choice":"Obtained Relic","damage_taken":0,"relics_obtained":["Happy Flower"],"max_hp_gain":0,"max_hp_loss":0,"event_name":"Addict","floor":20,"gold_loss":85},{"damage_healed":0,"gold_gain":0,"player_choice":"Fight","damage_taken":0,"max_hp_gain":0,"max_hp_loss":0,"event_name":"Colosseum","floor":22,"gold_loss":0},{"damage_healed":0,"gold_gain":0,"player_choice":"Fought Nobs","damage_taken":0,"max_hp_gain":0,"max_hp_loss":0,"event_name":"Colosseum","floor":22,"gold_loss":0}],"is_beta":false,"boss_relics":[{"not_picked":["Runic Pyramid","White Beast Statue"],"picked":"Pandora\u0027s Box"}],"items_purged_floors":[21],"is_endless":false,"potions_floor_spawned":[8,16,22],"killed_by":"Book of Stabbing","ascension_level":2}