{"gold_per_floor":[117,117,267,267,37,37,62,62,62,96,16,16,42,58,58,58],"floor_reached":16,"playtime":460,"items_purged":["Doubt","Strike_G"],"score":312,"play_id":"72458152-a294-4d52-99d3-a3c8b2d30e33","local_time":"20190503231434","is_ascension_mode":true,"campfire_choices":[{"data":"Neutralize","floor":6.0,"key":"SMITH"},{"data":"Deadly Poison","floor":8.0,"key":"SMITH"},{"data":"Blur","floor":15.0,"key":"SMITH"}],"neow_cost":"NONE","seed_source_timestamp":1909455526040603,"circlet_count":0,"master_deck":["AscendersBane","Defend_G","Defend_G","Defend_G","Defend_G","Defend_G","Strike_G+1","Strike_G","Strike_G","Survivor+1","Neutralize+1","Acrobatics","Deadly Poison+1","Terror","Expertise","Glass Knife+1","Blur+1"],"special_seed":0,"relics":["Ring of the Snake","NeowsBlessing","The Courier","ClockworkSouvenir","Oddly Smooth Stone","Bottled Flame","Paper Crane","Molten Egg 2"],"potions_floor_usage":[16],"damage_taken":[{"damage":0.0,"enemies":"Jaw Worm","floor":1.0,"turns":1.0},{"damage":0.0,"enemies":"Gremlin Nob","floor":7.0,"turns":1.0},{"damage":0.0,"enemies":"3 Sentries","floor":10.0,"turns":1.0},{"damage":14.0,"enemies":"Lagavulin","floor":13.0,"turns":6.0},{"damage":0.0,"enemies":"Small Slimes","floor":14.0,"turns":3.0},{"damage":19,"enemies":"Slime Boss","floor":16,"turns":10}],"seed_played":"-818702890607101586","potions_obtained":[{"floor":7.0,"key":"Block Potion"},{"floor":10.0,"key":"SneckoOil"}],"is_trial":false,"path_per_floor":["M","?","?","T","$","R","E","R","T","E","$","?","E","M","R","B"],"character_chosen":"THE_SILENT","items_purchased":["ClockworkSouvenir"],"campfire_rested":0,"item_purchase_floors":[5],"current_hp_per_floor":[59,39,39,39,39,39,39,39,39,39,39,39,25,25,25,6],"gold":58,"neow_bonus":"THREE_ENEMY_KILL","is_prod":false,"is_daily":false,"chose_seed":false,"campfire_upgraded":3,"win_rate":0,"timestamp":1556892874,"path_taken":["M","?","?","?","$","R","E","R","T","E","$","?","E","M","R","BOSS"],"build_version":"2019-01-23","purchased_purges":2,"victory":false,"max_hp_per_floor":[66,66,66,66,66,66,66,66,66,66,66,66,66,66,66,66],"card_choices":[{"not_picked":["Dagger Throw","Sucker Punch"],"picked":"Acrobatics","floor":1.0},{"not_picked":["Backstab","Flechettes"],"picked":"Deadly Poison","floor":7.0},{"not_picked":["Accuracy","Quick Slash"],"picked":"Terror","floor":10.0},{"not_picked":["Flechettes","Bane"],"picked":"Glass Knife","floor":13.0},{"not_picked":["Underhanded Strike+1","Outmaneuver"],"picked":"Blur","floor":14.0}],"player_experience":747890,"relics_obtained":[{"floor":4.0,"key":"The Courier"},{"floor":7.0,"key":"Oddly Smooth Stone"},{"floor":9.0,"key":"Bottled Flame"},{"floor":10.0,"key":"Paper Crane"},{"floor":13.0,"key":"Molten Egg 2"}],"event_choices":[{"damage_healed":0.0,"max_hp_gain":0.0,"max_hp_loss":0.0,"gold_gain":0.0,"event_name":"Shining Light","player_choice":"Entered Light","floor":2.0,"gold_loss":0.0,"damage_taken":20.0,"cards_upgraded":["Survivor","Strike_G"]},{"damage_healed":0.0,"max_hp_gain":0.0,"max_hp_loss":0.0,"gold_gain":150.0,"event_name":"Liars Game","player_choice":"AGREE","floor":3.0,"gold_loss":0.0,"damage_taken":0.0,"cards_obtained":["Doubt"]},{"damage_healed":0.0,"max_hp_gain":0.0,"max_hp_loss":0.0,"gold_gain":0.0,"cards_transformed":["Strike_G"],"event_name":"Living Wall","player_choice":"Change","floor":12.0,"gold_loss":0.0,"damage_taken":0.0,"cards_obtained":["Expertise"]}],"is_beta":false,"boss_relics":[],"items_purged_floors":[5,11],"is_endless":false,"potions_floor_spawned":[7,10],"killed_by":"Slime Boss","ascension_level":18}