{"gold_per_floor":[109,109,119,138,157,157,190,190,190,201,232,232,161,173,173,269,269,283,295,220,220,235,235,267,267,291,65,65,65,65,79,79,79],"floor_reached":33,"playtime":3854,"items_purged":["Strike_R"],"score":371,"play_id":"da0ae8cd-21ea-447b-b811-120ae0ddb256","local_time":"20190504215002","is_ascension_mode":true,"campfire_choices":[{"data":"Bash","floor":8,"key":"SMITH"},{"floor":12,"key":"REST"},{"data":"Armaments","floor":15,"key":"SMITH"},{"floor":23,"key":"REST"},{"floor":25,"key":"REST"},{"floor":29,"key":"REST"},{"data":"Shockwave","floor":32,"key":"SMITH"}],"neow_cost":"NONE","seed_source_timestamp":691220858839453,"circlet_count":0,"master_deck":["Strike_R","Defend_R","Defend_R","Defend_R","Defend_R","Bash+1","Clash","Clothesline","Shrug It Off","Shrug It Off","Ghostly Armor","Flex","Shockwave+1","Armaments+1","Cleave","True Grit","Cleave","Juggernaut","Rage","Pommel Strike","J.A.X.","Heavy Blade","Pommel Strike+1"],"relics":["Burning Blood","NeowsBlessing","Ornamental Fan","Matryoshka","Dream Catcher","Sozu","Letter Opener","Strawberry","PreservedInsect","Oddly Smooth Stone","Bag of Marbles"],"potions_floor_usage":[7,24,24,24],"damage_taken":[{"damage":0,"enemies":"Small Slimes","floor":1,"turns":1},{"damage":0,"enemies":"Cultist","floor":3,"turns":1},{"damage":0,"enemies":"2 Louse","floor":4,"turns":1},{"damage":14,"enemies":"Large Slime","floor":5,"turns":6},{"damage":28,"enemies":"Gremlin Nob","floor":7,"turns":5},{"damage":1,"enemies":"Looter","floor":10,"turns":2},{"damage":15,"enemies":"3 Sentries","floor":11,"turns":11},{"damage":23,"enemies":"Lots of Slimes","floor":14,"turns":7},{"damage":45,"enemies":"The Guardian","floor":16,"turns":17},{"damage":7,"enemies":"3 Byrds","floor":18,"turns":5},{"damage":13,"enemies":"Chosen","floor":19,"turns":6},{"damage":37,"enemies":"Centurion and Healer","floor":22,"turns":5},{"damage":33,"enemies":"Book of Stabbing","floor":24,"turns":6},{"damage":8,"enemies":"Chosen and Byrds","floor":31,"turns":6},{"damage":64,"enemies":"Collector","floor":33,"turns":9}],"seed_played":"-7336258706451110562","potions_obtained":[{"floor":1,"key":"SteroidPotion"},{"floor":7,"key":"SpeedPotion"},{"floor":10,"key":"Dexterity Potion"},{"floor":11,"key":"GamblersBrew"}],"is_trial":false,"path_per_floor":["M","?","M","M","M","?","E","R","T","M","E","R","$","M","R","B",null,"M","M","?","?","M","R","E","R","T","$","?","R","?","M","R","B"],"character_chosen":"IRONCLAD","items_purchased":["Cleave","True Grit","Oddly Smooth Stone"],"campfire_rested":4,"item_purchase_floors":[13,13,27],"current_hp_per_floor":[78,78,80,80,72,72,50,50,50,55,46,70,70,53,53,14,64,63,56,56,56,25,49,22,46,53,53,36,63,63,61,61,0],"gold":79,"neow_bonus":"THREE_ENEMY_KILL","is_prod":false,"is_daily":false,"chose_seed":false,"campfire_upgraded":3,"win_rate":0,"timestamp":1557024602,"path_taken":["M","?","?","?","?","?","E","R","T","M","E","R","$","M","R","BOSS","M","?","?","?","M","R","E","R","T","$","?","R","?","M","R","BOSS"],"build_version":"2019-01-23","purchased_purges":1,"victory":false,"max_hp_per_floor":[80,80,80,80,80,80,80,80,80,80,80,80,80,80,80,80,80,80,80,80,80,80,80,80,80,87,87,92,92,92,92,92,92],"card_choices":[{"not_picked":["Body Slam","Hemokinesis","Anger"],"picked":"SKIP","floor":1},{"not_picked":["Fire Breathing","Thunderclap"],"picked":"Clothesline","floor":3},{"not_picked":["Wild Strike","Havoc"],"picked":"Shrug It Off","floor":4},{"not_picked":["True Grit","Twin Strike"],"picked":"Shrug It Off","floor":5},{"not_picked":["Wild Strike","Searing Blow"],"picked":"Ghostly Armor","floor":7},{"not_picked":["Corruption","Burning Pact"],"picked":"Flex","floor":10},{"not_picked":["Second Wind","Clash"],"picked":"Shockwave","floor":11},{"not_picked":["Shockwave","True Grit"],"picked":"Armaments","floor":12},{"not_picked":["Armaments","Havoc"],"picked":"Cleave","floor":14},{"not_picked":["Reaper","Double Tap"],"picked":"Juggernaut","floor":16},{"not_picked":["Sword Boomerang","Cleave+1"],"picked":"Rage","floor":18},{"not_picked":["Shrug It Off","Iron Wave"],"picked":"Pommel Strike","floor":19},{"not_picked":["Wild Strike","Thunderclap+1"],"picked":"Heavy Blade","floor":22},{"not_picked":["Heavy Blade","Entrench"],"picked":"Pommel Strike+1","floor":23},{"not_picked":["Wild Strike+1","Headbutt","Rampage"],"picked":"SKIP","floor":24},{"not_picked":["Combust","Dual Wield","Clash"],"picked":"SKIP","floor":31}],"player_experience":582616,"relics_obtained":[{"floor":7,"key":"Ornamental Fan"},{"floor":9,"key":"Matryoshka"},{"floor":11,"key":"Dream Catcher"},{"floor":24,"key":"Letter Opener"},{"floor":26,"key":"Strawberry"},{"floor":26,"key":"PreservedInsect"}],"event_choices":[{"damage_healed":0,"gold_gain":0,"cards_transformed":["Strike_R"],"player_choice":"Transformed","damage_taken":0,"max_hp_gain":0,"max_hp_loss":0,"event_name":"Transmorgrifier","floor":2,"gold_loss":0,"cards_obtained":["Clash"]},{"cards_removed":["Strike_R"],"damage_healed":0,"gold_gain":0,"player_choice":"Purged","damage_taken":0,"max_hp_gain":0,"max_hp_loss":0,"event_name":"Purifier","floor":6,"gold_loss":0},{"cards_removed":["Strike_R"],"damage_healed":0,"gold_gain":0,"player_choice":"Gave Gold","damage_taken":0,"max_hp_gain":0,"max_hp_loss":0,"event_name":"Beggar","floor":20,"gold_loss":75},{"damage_healed":0,"gold_gain":0,"player_choice":"Obtain J.A.X.","damage_taken":0,"max_hp_gain":0,"max_hp_loss":0,"event_name":"Drug Dealer","floor":21,"gold_loss":0,"cards_obtained":["J.A.X."]},{"damage_healed":0,"gold_gain":0,"player_choice":"Shed Blood","damage_taken":22,"max_hp_gain":5,"max_hp_loss":0,"event_name":"Forgotten Altar","floor":28,"gold_loss":0},{"damage_healed":0,"gold_gain":0,"player_choice":"Opened","damage_taken":0,"relics_obtained":["Bag of Marbles"],"max_hp_gain":0,"max_hp_loss":0,"event_name":"The Mausoleum","floor":30,"gold_loss":0}],"is_beta":false,"boss_relics":[{"not_picked":["Tiny House","Runic Cube"],"picked":"Sozu"}],"items_purged_floors":[27],"is_endless":false,"potions_floor_spawned":[1,7,10,11,24,31],"killed_by":"Collector","ascension_level":7}