{"gold_per_floor":[118,193,213,233,253,109,135,85,159,159,176,176],"floor_reached":12,"playtime":680,"items_purged":["Strike_B"],"score":84,"play_id":"ac38948c-c196-4803-be6f-98e849415dd2","local_time":"20190425192849","is_ascension_mode":true,"campfire_choices":[],"neow_cost":"NONE","seed_source_timestamp":32693766616300,"circlet_count":0,"master_deck":["Defend_B","Defend_B","Defend_B","Defend_B","Zap","Dualcast","Lockon","Storm","Redo","Storm","Machine Learning"],"relics":["Cracked Core","Mango","Bottled Tornado"],"potions_floor_usage":[7,7],"damage_taken":[{"damage":0,"enemies":"Small Slimes","floor":1,"turns":2},{"damage":0,"enemies":"Cultist","floor":3,"turns":3},{"damage":1,"enemies":"2 Louse","floor":4,"turns":3},{"damage":19,"enemies":"Blue Slaver","floor":5,"turns":4},{"damage":23,"enemies":"Lagavulin","floor":7,"turns":6},{"damage":29,"enemies":"Lots of Slimes","floor":11,"turns":4},{"damage":12,"enemies":"3 Sentries","floor":12,"turns":2}],"seed_played":"4660894048192689846","potions_obtained":[{"floor":1,"key":"Swift Potion"},{"floor":3,"key":"Weak Potion"}],"is_trial":false,"path_per_floor":["M","?","M","M","M","$","E","?","T","?","M","E"],"character_chosen":"DEFECT","items_purchased":["Storm"],"campfire_rested":0,"item_purchase_floors":[6],"current_hp_per_floor":[75,68,68,67,48,48,39,39,39,39,10,0],"gold":176,"neow_bonus":"TRANSFORM_CARD","is_prod":false,"is_daily":false,"chose_seed":false,"campfire_upgraded":0,"win_rate":0,"timestamp":1556177329,"path_taken":["M","?","?","M","M","$","E","?","T","?","?","E"],"build_version":"2019-01-23","purchased_purges":1,"victory":false,"max_hp_per_floor":[75,75,75,75,75,75,89,89,89,89,89,89],"card_choices":[{"not_picked":["Turbo","Hologram"],"picked":"Storm","floor":1},{"not_picked":["Leap","Gash"],"picked":"Redo","floor":3},{"not_picked":["Leap","Beam Cell","Turbo"],"picked":"SKIP","floor":4},{"not_picked":["Reprogram","Recycle","Aggregate"],"picked":"SKIP","floor":5},{"not_picked":["Gash","Skim","Redo"],"picked":"SKIP","floor":7},{"not_picked":["Steam Power","Static Discharge"],"picked":"Machine Learning","floor":11}],"player_experience":42186,"relics_obtained":[{"floor":7,"key":"Mango"},{"floor":9,"key":"Bottled Tornado"}],"event_choices":[{"damage_healed":0,"gold_gain":75,"player_choice":"Touch","damage_taken":7,"max_hp_gain":0,"max_hp_loss":0,"event_name":"FaceTrader","floor":2,"gold_loss":0},{"cards_removed":["Strike_B"],"damage_healed":0,"gold_gain":0,"player_choice":"Card Removal","damage_taken":0,"max_hp_gain":0,"max_hp_loss":0,"event_name":"The Cleric","floor":8,"gold_loss":50},{"cards_removed":["Strike_B"],"damage_healed":0,"gold_gain":0,"player_choice":"Purged","damage_taken":0,"max_hp_gain":0,"max_hp_loss":0,"event_name":"Purifier","floor":10,"gold_loss":0}],"is_beta":false,"boss_relics":[],"items_purged_floors":[6],"is_endless":false,"potions_floor_spawned":[1,3],"killed_by":"3 Sentries","ascension_level":1}