{"gold_per_floor":[115,128,138,38,51,51,51,51,51,51,77,91,91,91,91,167,167,186,186,24,42,122,122,132,132,132,143,163,173,8,22,22,97,97,107,160,5,21,21,21,21,38,38,38,38,54,54,74,74,74],"floor_reached":51,"playtime":2829,"items_purged":["Strike_G","Strike_G"],"score":1163,"play_id":"6cbd5d87-89e1-4a8e-b846-e486feaaacc3","local_time":"20190507234056","is_ascension_mode":true,"campfire_choices":[{"data":"Skewer","floor":6.0,"key":"SMITH"},{"data":"Well Laid Plans","floor":8.0,"key":"SMITH"},{"data":"Neutralize","floor":10.0,"key":"SMITH"},{"floor":13.0,"key":"REST"},{"data":"Crippling Poison","floor":15.0,"key":"SMITH"},{"data":"Burst","floor":23.0,"key":"SMITH"},{"data":"A Thousand Cuts","floor":25.0,"key":"SMITH"},{"floor":32.0,"key":"REST"},{"floor":40.0,"key":"REST"},{"data":"Calculated Gamble","floor":45,"key":"SMITH"},{"data":"Tactician","floor":47,"key":"SMITH"},{"floor":49,"key":"REST"}],"neow_cost":"NONE","seed_source_timestamp":92243737548633,"circlet_count":0,"master_deck":["AscendersBane","Defend_G","Defend_G","Defend_G","Defend_G","Defend_G","Strike_G","Survivor+1","Neutralize+1","Blade Dance","Skewer+1","Well Laid Plans+1","Prepared","Flying Knee","Terror+1","Crippling Poison+1","Burst+1","Dash+1","Neutralize+1","Riddle With Holes+1","A Thousand Cuts+1","PiercingWail+1","Concentrate","Backflip","Deadly Poison+1","Footwork","Acrobatics","Calculated Gamble+1","PiercingWail+1","Blade Dance+1","Dodge and Roll+1","Tactician+1","Tactician"],"special_seed":0,"relics":["Ring of the Snake","Happy Flower","Matryoshka","Calling Bell","Lantern","Molten Egg 2","Ice Cream","Bronze Scales","Ornamental Fan","Bottled Lightning","Blood Vial","War Paint","Cursed Key","StoneCalendar"],"potions_floor_usage":[],"damage_taken":[{"damage":4.0,"enemies":"2 Louse","floor":1.0,"turns":4.0},{"damage":2.0,"enemies":"Small Slimes","floor":2.0,"turns":5.0},{"damage":1.0,"enemies":"Cultist","floor":3.0,"turns":3.0},{"damage":12.0,"enemies":"Blue Slaver","floor":5.0,"turns":5.0},{"damage":43.0,"enemies":"Gremlin Nob","floor":11.0,"turns":5.0},{"damage":11.0,"enemies":"Exordium Wildlife","floor":12.0,"turns":4.0},{"damage":8.0,"enemies":"Hexaghost","floor":16.0,"turns":6.0},{"damage":3.0,"enemies":"3 Byrds","floor":18.0,"turns":5.0},{"damage":21.0,"enemies":"2 Thieves","floor":21.0,"turns":5.0},{"damage":3.0,"enemies":"3 Cultists","floor":24.0,"turns":3.0},{"damage":9.0,"enemies":"Cultist and Chosen","floor":27.0,"turns":5.0},{"damage":10.0,"enemies":"Snake Plant","floor":28.0,"turns":4.0},{"damage":21.0,"enemies":"Sentry and Sphere","floor":29.0,"turns":6.0},{"damage":0.0,"enemies":"3 Cultists","floor":31.0,"turns":4.0},{"damage":20.0,"enemies":"Champ","floor":33.0,"turns":11.0},{"damage":17.0,"enemies":"3 Darklings","floor":35.0,"turns":3.0},{"damage":23.0,"enemies":"2 Orb Walkers","floor":36.0,"turns":6.0},{"damage":0.0,"enemies":"Orb Walker","floor":38.0,"turns":3.0},{"damage":2.0,"enemies":"Writhing Mass","floor":42.0,"turns":4.0},{"damage":0,"enemies":"Maw","floor":46,"turns":7},{"damage":0,"enemies":"4 Shapes","floor":48,"turns":7},{"damage":44,"enemies":"Time Eater","floor":50,"turns":8}],"seed_played":"2175592767924291432","potions_obtained":[{"floor":5.0,"key":"LiquidBronze"},{"floor":11.0,"key":"Poison Potion"},{"floor":16.0,"key":"Regen Potion"},{"floor":21.0,"key":"Weak Potion"},{"floor":24.0,"key":"SteroidPotion"},{"floor":33.0,"key":"Fire Potion"},{"floor":36.0,"key":"EssenceOfSteel"},{"floor":38.0,"key":"Regen Potion"},{"floor":42.0,"key":"SteroidPotion"}],"is_trial":false,"path_per_floor":["M","M","M","$","M","R","?","R","T","R","E","M","R","?","R","B",null,"M","?","$","M","T","R","M","R","T","M","M","M","$","M","R","B",null,"M","?","$","M","?","R","$","M","T","?","R","M","R","M","R","B",null],"character_chosen":"THE_SILENT","items_purchased":["Prepared","Bronze Scales","Footwork","Regen Potion","Fire Potion"],"campfire_rested":4,"item_purchase_floors":[4,20,30,30,37],"current_hp_per_floor":[55,53,52,52,40,40,62,62,62,62,19,8,27,20,20,12,53,50,50,50,43,43,43,40,40,40,33,25,6,6,17,36,18,54,39,18,18,20,20,39,39,44,44,44,44,46,46,48,66,22],"gold":74,"neow_bonus":"RANDOM_COMMON_RELIC","is_prod":false,"is_daily":false,"chose_seed":false,"campfire_upgraded":8,"win_rate":0,"timestamp":1557240056,"path_taken":["M","M","M","$","M","R","?","R","T","R","E","M","R","?","R","BOSS","M","?","?","M","?","R","M","R","T","M","M","?","$","M","R","BOSS","M","?","$","M","?","R","?","?","T","?","R","?","R","M","R","BOSS"],"build_version":"2019-01-23","purchased_purges":2,"victory":true,"max_hp_per_floor":[66,66,66,66,66,66,66,66,66,66,66,66,66,66,66,66,66,66,66,66,66,66,66,66,66,66,66,66,66,66,66,66,66,66,66,66,66,66,66,66,66,66,66,66,66,66,66,66,66,66],"card_choices":[{"not_picked":["Quick Slash","Dodge and Roll"],"picked":"Blade Dance","floor":1.0},{"not_picked":["Bane","Infinite Blades"],"picked":"Skewer","floor":2.0},{"not_picked":["Cloak And Dagger","Caltrops"],"picked":"Well Laid Plans","floor":3.0},{"not_picked":["Quick Slash","Blade Dance"],"picked":"Flying Knee","floor":5.0},{"not_picked":["Cloak And Dagger","Tools of the Trade"],"picked":"Terror","floor":11.0},{"not_picked":["Cloak And Dagger","Outmaneuver"],"picked":"Crippling Poison","floor":12.0},{"not_picked":["Glass Knife","Unload"],"picked":"Burst","floor":16.0},{"not_picked":["Dodge and Roll","Flechettes+1"],"picked":"Dash+1","floor":18.0},{"not_picked":["Underhanded Strike+1","Poisoned Stab+1"],"picked":"PiercingWail+1","floor":21.0},{"not_picked":["Endless Agony+1","Caltrops","Deflect"],"picked":"SKIP","floor":24.0},{"not_picked":["Deadly Poison","Slice+1"],"picked":"Concentrate","floor":27.0},{"not_picked":["Slice+1","Dodge and Roll"],"picked":"Backflip","floor":28.0},{"not_picked":["Die Die Die+1","Poisoned Stab+1"],"picked":"Deadly Poison+1","floor":29.0},{"not_picked":["Sucker Punch+1","Underhanded Strike+1"],"picked":"Acrobatics","floor":31.0},{"not_picked":["Underhanded Strike+1","Caltrops"],"picked":"Calculated Gamble","floor":35.0},{"not_picked":["Dash+1","Poisoned Stab+1"],"picked":"PiercingWail+1","floor":36.0},{"not_picked":["Slice+1","Bane+1"],"picked":"Blade Dance+1","floor":38.0},{"not_picked":["Dagger Spray+1","Outmaneuver"],"picked":"Dodge and Roll+1","floor":42.0},{"not_picked":["Cloak And Dagger","Quick Slash+1"],"picked":"Tactician","floor":46},{"not_picked":["PiercingWail","Poisoned Stab+1"],"picked":"Tactician","floor":48}],"player_experience":761122,"relics_obtained":[{"floor":9.0,"key":"Matryoshka"},{"floor":17.0,"key":"Lantern"},{"floor":17.0,"key":"Molten Egg 2"},{"floor":17.0,"key":"Ice Cream"},{"floor":22.0,"key":"Ornamental Fan"},{"floor":22.0,"key":"Bottled Lightning"},{"floor":26.0,"key":"Blood Vial"},{"floor":26.0,"key":"War Paint"},{"floor":36.0,"key":"StoneCalendar"}],"event_choices":[{"damage_healed":22.0,"max_hp_gain":0.0,"max_hp_loss":0.0,"gold_gain":0.0,"event_name":"Big Fish","player_choice":"Banana","floor":7.0,"gold_loss":0.0,"damage_taken":0.0},{"cards_removed":["Strike_G"],"damage_healed":0.0,"max_hp_gain":0.0,"max_hp_loss":0.0,"gold_gain":0.0,"event_name":"Golden Wing","player_choice":"Card Removal","floor":14.0,"gold_loss":0.0,"damage_taken":7.0},{"damage_healed":0.0,"max_hp_gain":0.0,"max_hp_loss":0.0,"gold_gain":0.0,"event_name":"Match and Keep!","player_choice":"3 cards matched","floor":19.0,"gold_loss":0.0,"damage_taken":0.0,"cards_obtained":["Neutralize","Riddle With Holes","A Thousand Cuts"]},{"damage_healed":0.0,"max_hp_gain":0.0,"max_hp_loss":0.0,"gold_gain":0.0,"event_name":"Match and Keep!","player_choice":"3 cards matched","floor":19.0,"gold_loss":0.0,"damage_taken":0.0,"cards_obtained":["Neutralize","Riddle With Holes","A Thousand Cuts"]},{"damage_healed":0.0,"max_hp_gain":0.0,"max_hp_loss":0.0,"gold_gain":0.0,"event_name":"Mysterious Sphere","player_choice":"Fight","floor":36.0,"gold_loss":0.0,"damage_taken":0.0},{"damage_healed":0.0,"max_hp_gain":0.0,"max_hp_loss":0.0,"gold_gain":0.0,"event_name":"Tomb of Lord Red Mask","player_choice":"Ignored","floor":39.0,"gold_loss":0.0,"damage_taken":0.0},{"cards_removed":["Strike_G"],"damage_healed":0,"gold_gain":0,"player_choice":"Offered Basic","damage_taken":0,"max_hp_gain":0,"max_hp_loss":0,"event_name":"Bonfire Elementals","floor":44,"gold_loss":0}],"is_beta":false,"boss_relics":[{"not_picked":["HoveringKite","WristBlade"],"picked":"Calling Bell"},{"not_picked":["Fusion Hammer","Astrolabe"],"picked":"Cursed Key"}],"items_purged_floors":[4,37],"is_endless":false,"potions_floor_spawned":[5,11,16,21,24,33,36,38,42],"ascension_level":18}