{"gold_per_floor":[115,115,115,129,143,143,160,176,176,176,176,189,189,201,201,296,296,315,95,95],"floor_reached":20,"playtime":4018,"items_purged":["Strike_G"],"score":166,"play_id":"a59febd5-3b7a-4c6a-a979-8fd2d449ae26","local_time":"20181230195440","is_ascension_mode":false,"campfire_choices":[{"data":"Outmaneuver","floor":6,"key":"SMITH"},{"data":"Outmaneuver","floor":10,"key":"SMITH"},{"data":"Neutralize","floor":13,"key":"SMITH"},{"data":"Deflect","floor":15,"key":"SMITH"}],"neow_cost":"NONE","seed_source_timestamp":233342204837285,"circlet_count":0,"master_deck":["Defend_G","Defend_G+1","Defend_G","Defend_G","Defend_G","Strike_G","Strike_G+1","Survivor","Neutralize+1","Adrenaline","Quick Slash","Outmaneuver+1","Deadly Poison+1","Outmaneuver+1","Deflect+1","Malaise","Deadly Poison"],"relics":["Ring of the Snake","Calipers","Empty Cage","Oddly Smooth Stone"],"potions_floor_usage":[],"damage_taken":[{"damage":0,"enemies":"Cultist","floor":1,"turns":5},{"damage":0,"enemies":"Small Slimes","floor":4,"turns":2},{"damage":0,"enemies":"Jaw Worm","floor":5,"turns":5},{"damage":5,"enemies":"Large Slime","floor":7,"turns":9},{"damage":4,"enemies":"Blue Slaver","floor":8,"turns":4},{"damage":3,"enemies":"3 Louse","floor":12,"turns":4},{"damage":4,"enemies":"Red Slaver","floor":14,"turns":4},{"damage":20,"enemies":"Hexaghost","floor":16,"turns":12},{"damage":19,"enemies":"Spheric Guardian","floor":18,"turns":7},{"damage":52,"enemies":"Masked Bandits","floor":20,"turns":5}],"seed_played":"-7773186004274791288","potions_obtained":[{"floor":4,"key":"Swift Potion"},{"floor":12,"key":"Dexterity Potion"},{"floor":14,"key":"LiquidBronze"}],"is_trial":false,"path_per_floor":["M","?","?","M","M","R","M","M","T","R","?","M","R","M","R","B",null,"M","$","?"],"character_chosen":"THE_SILENT","items_purchased":["Oddly Smooth Stone"],"campfire_rested":0,"item_purchase_floors":[19],"current_hp_per_floor":[70,70,56,56,56,56,51,47,47,47,47,44,44,40,40,20,70,51,51,0],"gold":95,"neow_bonus":"ONE_RANDOM_RARE_CARD","is_prod":false,"is_daily":false,"chose_seed":false,"campfire_upgraded":4,"win_rate":0.0,"timestamp":1546221280,"path_taken":["M","?","?","M","M","R","M","M","T","R","?","M","R","M","R","BOSS","M","$","?"],"build_version":"2018-12-20","purchased_purges":1,"victory":false,"max_hp_per_floor":[70,70,70,70,70,70,70,70,70,70,70,70,70,70,70,70,70,70,70,70],"card_choices":[{"not_picked":["PiercingWail","Dash"],"picked":"Quick Slash","floor":1},{"not_picked":["Riddle With Holes","Acrobatics"],"picked":"Outmaneuver","floor":4},{"not_picked":["Terror","Reflex","Leg Sweep"],"picked":"SKIP","floor":5},{"not_picked":["Distraction","Prepared"],"picked":"Deadly Poison","floor":7},{"not_picked":["Dash","Flying Knee"],"picked":"Outmaneuver","floor":8},{"not_picked":["Underhanded Strike","All Out Attack","Outmaneuver"],"picked":"SKIP","floor":12},{"not_picked":["Dagger Spray","Escape Plan"],"picked":"Deflect","floor":14},{"not_picked":["Night Terror","Adrenaline"],"picked":"Malaise","floor":16},{"not_picked":["Acrobatics","Dodge and Roll+1"],"picked":"Deadly Poison","floor":18}],"player_experience":123329,"relics_obtained":[{"floor":9,"key":"Calipers"}],"event_choices":[{"damage_healed":0,"gold_gain":0,"player_choice":"Ignored","damage_taken":0,"max_hp_gain":0,"max_hp_loss":0,"event_name":"Liars Game","floor":2,"gold_loss":0},{"damage_healed":0,"gold_gain":0,"player_choice":"Entered Light","damage_taken":14,"max_hp_gain":0,"max_hp_loss":0,"event_name":"Shining Light","floor":3,"gold_loss":0,"cards_upgraded":["Defend_G","Strike_G"]},{"damage_healed":0,"gold_gain":0,"player_choice":"Forge","damage_taken":0,"max_hp_gain":0,"max_hp_loss":0,"event_name":"Accursed Blacksmith","floor":11,"gold_loss":0,"cards_upgraded":["Deadly Poison"]},{"damage_healed":0,"gold_gain":0,"player_choice":"Fought Bandits","damage_taken":0,"max_hp_gain":0,"max_hp_loss":0,"event_name":"Masked Bandits","floor":20,"gold_loss":0}],"is_beta":false,"boss_relics":[{"not_picked":["Snecko Eye","WristBlade"],"picked":"Empty Cage"}],"items_purged_floors":[19],"is_endless":false,"potions_floor_spawned":[4,12,14,18],"killed_by":"Masked Bandits","ascension_level":0}