{"gold_per_floor":[110,130,130,130,305,322,322,322,322,340,23,53,73,90,90,195,195,210,210,223,223,235,235,510,391,391,391,411,446,446,62,62,161,161,178,58,75,75,93,93,105,105,131,143,166,178,200,228,240,252],"floor_reached":51,"playtime":937,"items_purged":["Doubt","Regret","Strike_B+1","Strike_B+1"],"score":719,"play_id":"ee32a0f7-e107-4e88-9709-d80e6773a55a","local_time":"20190426054637","is_ascension_mode":false,"campfire_choices":[{"data":"Zap","floor":7.0,"key":"SMITH"},{"data":"Hyperbeam","floor":15.0,"key":"SMITH"},{"data":"Dualcast","floor":23.0,"key":"SMITH"},{"data":"Hologram","floor":27.0,"key":"SMITH"},{"floor":30.0,"key":"REST"},{"floor":32.0,"key":"REST"},{"data":"Fission","floor":40.0,"key":"SMITH"},{"data":"Hyperbeam","floor":42.0,"key":"SMITH"},{"data":"Hologram","floor":44.0,"key":"SMITH"},{"floor":49,"key":"REST"}],"neow_cost":"NONE","seed_source_timestamp":3453150240483,"circlet_count":0,"master_deck":["Strike_B+1","Strike_B+1","Defend_B+1","Defend_B+1","Defend_B+1","Defend_B+1","Zap+1","Dualcast+1","Conserve Battery","Ball Lightning","Ball Lightning","Conserve Battery","Hyperbeam+1","Electrodynamics","Fission+1","Coolheaded","Darkness+1","Hyperbeam+1","Hologram+1","Hologram+1","Seek","Hyperbeam+1","Cold Snap+1","Parasite","Leap+1"],"special_seed":0,"relics":["Cracked Core","NeowsBlessing","Letter Opener","The Courier","Bottled Flame","Sundial","Sozu","Kunai","Happy Flower","PreservedInsect","ClockworkSouvenir","Nuclear Battery","MawBank"],"potions_floor_usage":[50,50,50],"damage_taken":[{"damage":0.0,"enemies":"Small Slimes","floor":1.0,"turns":1.0},{"damage":0.0,"enemies":"Jaw Worm","floor":2.0,"turns":1.0},{"damage":0.0,"enemies":"2 Louse","floor":6.0,"turns":1.0},{"damage":0.0,"enemies":"2 Fungi Beasts","floor":10.0,"turns":3.0},{"damage":17.0,"enemies":"Lagavulin","floor":12.0,"turns":6.0},{"damage":0.0,"enemies":"Lots of Slimes","floor":13.0,"turns":1.0},{"damage":10.0,"enemies":"Looter","floor":14.0,"turns":2.0},{"damage":6.0,"enemies":"Slime Boss","floor":16.0,"turns":7.0},{"damage":0.0,"enemies":"Chosen","floor":18.0,"turns":4.0},{"damage":5.0,"enemies":"2 Thieves","floor":20.0,"turns":2.0},{"damage":18.0,"enemies":"Shelled Parasite and Fungi","floor":22.0,"turns":4.0},{"damage":0.0,"enemies":"Centurion and Healer","floor":28.0,"turns":4.0},{"damage":33.0,"enemies":"Gremlin Leader","floor":29.0,"turns":6.0},{"damage":49.0,"enemies":"Automaton","floor":33.0,"turns":9.0},{"damage":6.0,"enemies":"3 Shapes","floor":35.0,"turns":1.0},{"damage":3.0,"enemies":"Orb Walker","floor":37.0,"turns":2.0},{"damage":0.0,"enemies":"Jaw Worm Horde","floor":39.0,"turns":1.0},{"damage":0.0,"enemies":"Sphere and 2 Shapes","floor":41.0,"turns":2.0},{"damage":2.0,"enemies":"Spire Growth","floor":45.0,"turns":3.0},{"damage":0,"enemies":"Writhing Mass","floor":47,"turns":3},{"damage":0,"enemies":"Sphere and 2 Shapes","floor":48,"turns":2},{"damage":72,"enemies":"Awakened One","floor":50,"turns":15}],"seed_played":"-6583500937779977693","potions_obtained":[{"floor":2.0,"key":"FocusPotion"},{"floor":12.0,"key":"FearPotion"},{"floor":13.0,"key":"Energy Potion"}],"is_trial":false,"path_per_floor":["M","M","?","?","?","M","R","?","T","M","$","E","M","M","R","B",null,"M","?","M","?","M","R","?","$","T","R","M","E","R","$","R","B",null,"M","$","M","?","M","R","M","R","T","R","M","?","M","M","R","B",null],"character_chosen":"DEFECT","items_purchased":["Hyperbeam","Bottled Flame","Hologram","PreservedInsect","ClockworkSouvenir"],"campfire_rested":3,"item_purchase_floors":[11,11,25,31,31],"current_hp_per_floor":[75,75,80,77,77,77,77,77,77,77,77,60,60,50,50,44,80,80,80,75,75,57,57,57,57,57,57,57,24,48,48,72,23,80,74,74,71,71,71,71,71,71,71,71,69,69,69,69,80,8],"gold":264,"neow_bonus":"THREE_ENEMY_KILL","is_prod":false,"is_daily":false,"chose_seed":false,"campfire_upgraded":7,"win_rate":0,"timestamp":1556279197,"path_taken":["M","M","?","?","?","M","R","?","T","?","$","E","M","M","R","BOSS","M","?","M","?","?","R","?","$","T","R","?","E","R","?","R","BOSS","M","$","M","?","M","R","?","R","T","R","?","?","M","M","R","BOSS"],"build_version":"2019-01-23","purchased_purges":4,"victory":true,"max_hp_per_floor":[75,75,80,80,80,80,80,80,80,80,80,80,80,80,80,80,80,80,80,80,80,80,80,80,80,80,80,80,80,80,80,80,80,80,80,80,80,80,80,80,80,80,80,80,80,80,80,80,80,80],"card_choices":[{"not_picked":["Go for the Eyes","Streamline"],"picked":"Conserve Battery","floor":1.0},{"not_picked":["Cold Snap","Redo"],"picked":"Ball Lightning","floor":2.0},{"not_picked":["Blizzard","Streamline"],"picked":"Ball Lightning","floor":6.0},{"not_picked":["Steam","Lockon"],"picked":"Conserve Battery","floor":10.0},{"not_picked":["Consume","Steam Power","Reprogram"],"picked":"SKIP","floor":12.0},{"not_picked":["Stack","Steam"],"picked":"Electrodynamics","floor":13.0},{"not_picked":["Go for the Eyes","Recycle","Rip and Tear"],"picked":"SKIP","floor":14.0},{"not_picked":["Multi-Cast","Amplify"],"picked":"Fission","floor":16.0},{"not_picked":["Steam","Undo"],"picked":"Coolheaded","floor":18.0},{"not_picked":["BootSequence","Sweeping Beam"],"picked":"Darkness+1","floor":20.0},{"not_picked":["Static Discharge","Go for the Eyes+1","Turbo"],"picked":"SKIP","floor":22.0},{"not_picked":["Reprogram","Melter+1"],"picked":"Hologram","floor":28.0},{"not_picked":["Beam Cell","Reinforced Body"],"picked":"Seek","floor":29.0},{"not_picked":["Seek","Rainbow"],"picked":"Hyperbeam","floor":33.0},{"not_picked":["Steam","Chaos+1","Self Repair+1"],"picked":"SKIP","floor":35.0},{"not_picked":["Cold Snap","Sweeping Beam","Turbo+1"],"picked":"SKIP","floor":37.0},{"not_picked":["Melter+1","Chaos","Hologram+1"],"picked":"SKIP","floor":39.0},{"not_picked":["Go for the Eyes+1","Cold Snap+1","Sweeping Beam+1"],"picked":"SKIP","floor":41.0},{"not_picked":["Go for the Eyes+1","Sweeping Beam+1"],"picked":"Cold Snap+1","floor":41.0},{"not_picked":["All For One","Recycle","Steam+1"],"picked":"SKIP","floor":45.0},{"not_picked":["Gash+1","Compile Driver","Scrape+1"],"picked":"SKIP","floor":47},{"not_picked":["Reprogram","Go for the Eyes","Leap+1"],"picked":"SKIP","floor":48},{"not_picked":["Reprogram","Go for the Eyes"],"picked":"Leap+1","floor":48}],"player_experience":1305840,"relics_obtained":[{"floor":9.0,"key":"The Courier"},{"floor":12.0,"key":"Sundial"},{"floor":26.0,"key":"Kunai"},{"floor":29.0,"key":"Happy Flower"},{"floor":43.0,"key":"MawBank"}],"event_choices":[{"damage_healed":0.0,"max_hp_gain":5.0,"max_hp_loss":0.0,"gold_gain":0.0,"event_name":"Big Fish","player_choice":"Donut","floor":3.0,"gold_loss":0.0,"damage_taken":0.0},{"damage_healed":0.0,"max_hp_gain":0.0,"max_hp_loss":0.0,"gold_gain":0.0,"event_name":"Scrap Ooze","player_choice":"Success","floor":4.0,"gold_loss":0.0,"damage_taken":3.0,"relics_obtained":["Letter Opener"]},{"damage_healed":0.0,"max_hp_gain":0.0,"max_hp_loss":0.0,"gold_gain":175.0,"event_name":"Liars Game","player_choice":"AGREE","floor":5.0,"gold_loss":0.0,"damage_taken":0.0,"cards_obtained":["Doubt"]},{"damage_healed":0.0,"max_hp_gain":0.0,"max_hp_loss":0.0,"gold_gain":0.0,"event_name":"The Woman in Blue","player_choice":"Bought 0 Potions","floor":8.0,"gold_loss":0.0,"damage_taken":0.0},{"damage_healed":0.0,"max_hp_gain":0.0,"max_hp_loss":0.0,"gold_gain":0.0,"event_name":"Back to Basics","player_choice":"Simplicity","floor":19.0,"gold_loss":0.0,"damage_taken":0.0,"cards_upgraded":["Strike_B","Strike_B","Strike_B","Strike_B","Defend_B","Defend_B","Defend_B","Defend_B"]},{"damage_healed":0.0,"max_hp_gain":0.0,"max_hp_loss":0.0,"gold_gain":0.0,"event_name":"Duplicator","player_choice":"Copied","floor":21.0,"gold_loss":0.0,"damage_taken":0.0,"cards_obtained":["Hyperbeam"]},{"damage_healed":0.0,"max_hp_gain":0.0,"max_hp_loss":0.0,"gold_gain":275.0,"event_name":"Golden Shrine","player_choice":"Desecrate","floor":24.0,"gold_loss":0.0,"damage_taken":0.0,"cards_obtained":["Regret"]},{"damage_healed":0.0,"max_hp_gain":0.0,"max_hp_loss":0.0,"gold_gain":0.0,"event_name":"Match and Keep!","player_choice":"0 cards matched","floor":38.0,"gold_loss":0.0,"damage_taken":0.0,"cards_obtained":[]},{"damage_healed":0,"gold_gain":0,"player_choice":"Memory 1","damage_taken":0,"max_hp_gain":0,"max_hp_loss":0,"event_name":"SensoryStone","floor":46,"gold_loss":0}],"is_beta":false,"boss_relics":[{"not_picked":["Empty Cage","Calling Bell"],"picked":"Sozu"},{"not_picked":["Eternal Feather","Lizard Tail"],"picked":"Nuclear Battery"}],"items_purged_floors":[11,25,31,36],"is_endless":false,"potions_floor_spawned":[2,12,13,14,16,18,22,28,33,37,45,47],"ascension_level":0}