{"gold_per_floor":[117,117,13,33,33,33,33,46,46,46,46,73,93,111,111,212,212,223,241,166,8,27,27,39,53,53,53,20,38,38,50,50,149,149,162,173,173,173,173],"floor_reached":39,"playtime":3791,"items_purged":["Strike_G"],"score":421,"play_id":"7d934f4c-508a-4c0f-99ff-bc5c88204e9c","local_time":"20190207015216","is_ascension_mode":true,"campfire_choices":[{"data":"Noxious Fumes","floor":6,"key":"SMITH"},{"data":"Sucker Punch","floor":10,"key":"SMITH"},{"floor":15,"key":"REST"},{"floor":23,"key":"REST"},{"floor":30,"key":"REST"},{"floor":32,"key":"REST"}],"neow_cost":"NONE","seed_source_timestamp":674086191703738,"circlet_count":0,"master_deck":["Defend_G+1","Defend_G+1","Defend_G+1","Defend_G+1","Defend_G+1","Strike_G+1","Strike_G+1","Survivor","Neutralize","Sucker Punch+1","Noxious Fumes+1","Backflip","After Image","Acrobatics","Tools of the Trade","Caltrops","Tactician","Footwork+1","Backflip","Outmaneuver+1","Terror","Tactician","Catalyst","Dodge and Roll+1","Bane"],"relics":["Ring of the Snake","NeowsBlessing","Potion Belt","Matryoshka","Gremlin Horn","Snecko Eye","Strawberry","Du-Vu Doll","Sozu"],"potions_floor_usage":[18,22,22,25,29,31,35],"damage_taken":[{"damage":0,"enemies":"2 Louse","floor":1,"turns":1},{"damage":0,"enemies":"Small Slimes","floor":4,"turns":1},{"damage":0,"enemies":"Cultist","floor":8,"turns":1},{"damage":19,"enemies":"Gremlin Nob","floor":12,"turns":5},{"damage":0,"enemies":"3 Louse","floor":13,"turns":3},{"damage":8,"enemies":"Large Slime","floor":14,"turns":7},{"damage":16,"enemies":"The Guardian","floor":16,"turns":12},{"damage":9,"enemies":"3 Byrds","floor":18,"turns":6},{"damage":50,"enemies":"Shell Parasite","floor":19,"turns":7},{"damage":0,"enemies":"Snecko","floor":22,"turns":8},{"damage":17,"enemies":"Snake Plant","floor":24,"turns":6},{"damage":8,"enemies":"Cultist and Chosen","floor":25,"turns":9},{"damage":0,"enemies":"Snecko","floor":29,"turns":6},{"damage":21,"enemies":"Snake Plant","floor":31,"turns":5},{"damage":3,"enemies":"Automaton","floor":33,"turns":13},{"damage":35,"enemies":"3 Darklings","floor":35,"turns":7},{"damage":0,"enemies":"Orb Walker","floor":36,"turns":5},{"damage":44,"enemies":"3 Darklings","floor":39,"turns":4}],"seed_played":"-8780025496191362325","potions_obtained":[{"floor":1,"key":"EssenceOfSteel"},{"floor":12,"key":"SkillPotion"},{"floor":13,"key":"Energy Potion"},{"floor":14,"key":"SteroidPotion"},{"floor":18,"key":"Swift Potion"},{"floor":19,"key":"SpeedPotion"},{"floor":22,"key":"Fire Potion"},{"floor":29,"key":"Swift Potion"}],"is_trial":false,"path_per_floor":["M","?","$","M","?","R","$","M","T","R","?","E","M","M","R","B",null,"M","M","?","$","M","R","M","M","T","?","$","M","R","M","R","B",null,"M","M","?","?","M"],"character_chosen":"THE_SILENT","items_purchased":["Noxious Fumes","Backflip","Footwork","Backflip","Tactician"],"campfire_rested":4,"item_purchase_floors":[3,3,21,21,28],"current_hp_per_floor":[70,56,56,56,44,44,44,44,44,44,44,25,25,17,38,22,70,61,11,11,11,11,32,15,7,14,14,14,14,37,16,39,36,77,42,42,42,42,0],"gold":173,"neow_bonus":"THREE_ENEMY_KILL","is_prod":false,"is_daily":false,"chose_seed":false,"campfire_upgraded":2,"win_rate":0,"timestamp":1549525936,"path_taken":["M","?","$","M","?","R","$","M","T","R","?","E","?","M","R","BOSS","M","M","?","$","M","R","M","M","T","?","$","?","R","?","R","BOSS","M","M","?","?","M"],"build_version":"2019-01-23","purchased_purges":1,"victory":false,"max_hp_per_floor":[70,70,70,70,70,70,70,70,70,70,70,70,70,70,70,70,70,70,70,70,70,70,70,70,70,77,77,77,77,77,77,77,77,77,77,77,77,77,77],"card_choices":[{"not_picked":["Riddle With Holes","Slice"],"picked":"Sucker Punch","floor":1},{"not_picked":["Predator","Finisher","Escape Plan"],"picked":"SKIP","floor":4},{"not_picked":["Eviscerate","Dagger Throw","Crippling Poison"],"picked":"SKIP","floor":8},{"not_picked":["Crippling Poison","Setup"],"picked":"Acrobatics","floor":12},{"not_picked":["Dash","Setup","Escape Plan"],"picked":"SKIP","floor":13},{"not_picked":["Poisoned Stab","Quick Slash"],"picked":"Tools of the Trade","floor":14},{"not_picked":["Malaise","Glass Knife"],"picked":"Wraith Form v2","floor":16},{"not_picked":["Masterful Stab","Calculated Gamble"],"picked":"Caltrops","floor":18},{"not_picked":["Prepared","Noxious Fumes"],"picked":"Tactician","floor":19},{"not_picked":["PiercingWail","Blade Dance","Dagger Throw"],"picked":"SKIP","floor":22},{"not_picked":["Deadly Poison","Tactician"],"picked":"Outmaneuver+1","floor":24},{"not_picked":["Flying Knee","Choke+1"],"picked":"Terror","floor":25},{"not_picked":["Riddle With Holes","Predator"],"picked":"Catalyst","floor":29},{"not_picked":["Sucker Punch+1","Acrobatics","Infinite Blades"],"picked":"SKIP","floor":31},{"not_picked":["Outmaneuver+1","Terror"],"picked":"Dodge and Roll+1","floor":35},{"not_picked":["Acrobatics","Deflect"],"picked":"Bane","floor":36}],"player_experience":289381,"relics_obtained":[{"floor":9,"key":"Matryoshka"},{"floor":12,"key":"Gremlin Horn"},{"floor":26,"key":"Strawberry"},{"floor":26,"key":"Du-Vu Doll"}],"event_choices":[{"damage_healed":0,"gold_gain":0,"player_choice":"Entered Light","damage_taken":14,"max_hp_gain":0,"max_hp_loss":0,"event_name":"Shining Light","floor":2,"gold_loss":0,"cards_upgraded":["Strike_G","Strike_G"]},{"damage_healed":0,"gold_gain":0,"player_choice":"Success","damage_taken":12,"relics_obtained":["Potion Belt"],"max_hp_gain":0,"max_hp_loss":0,"event_name":"Scrap Ooze","floor":5,"gold_loss":0},{"damage_healed":0,"gold_gain":0,"cards_transformed":["Strike_G"],"player_choice":"Transformed","damage_taken":0,"max_hp_gain":0,"max_hp_loss":0,"event_name":"Transmorgrifier","floor":11,"gold_loss":0,"cards_obtained":["After Image"]},{"cards_removed":["Wraith Form v2"],"damage_healed":0,"gold_gain":0,"player_choice":"Gave Gold","damage_taken":0,"max_hp_gain":0,"max_hp_loss":0,"event_name":"Beggar","floor":20,"gold_loss":75},{"damage_healed":0,"gold_gain":0,"player_choice":"Simplicity","damage_taken":0,"max_hp_gain":0,"max_hp_loss":0,"event_name":"Back to Basics","floor":27,"gold_loss":0,"cards_upgraded":["Defend_G","Defend_G","Defend_G","Defend_G","Defend_G","Strike_G"]},{"cards_removed":["Strike_G"],"damage_healed":0,"gold_gain":0,"player_choice":"Removed Attack","damage_taken":0,"max_hp_gain":0,"max_hp_loss":0,"event_name":"Falling","floor":37,"gold_loss":0},{"damage_healed":0,"gold_gain":0,"player_choice":"Upgraded","damage_taken":0,"max_hp_gain":0,"max_hp_loss":0,"event_name":"Upgrade Shrine","floor":38,"gold_loss":0,"cards_upgraded":["Footwork"]}],"is_beta":false,"boss_relics":[{"not_picked":["Empty Cage","Eternal Feather"],"picked":"Snecko Eye"},{"not_picked":["Calling Bell","Orrery"],"picked":"Sozu"}],"items_purged_floors":[21],"is_endless":false,"potions_floor_spawned":[1,12,13,14,18,19,22,29,36],"killed_by":"3 Darklings","ascension_level":2}