{"gold_per_floor":[115,115,3,13,13,13,13,33,33,48,66,66,66,81,81,185,185,205,130,80,97,97],"floor_reached":22,"playtime":1032,"items_purged":["Strike_R"],"score":235,"play_id":"d5ac754b-1889-4e24-a6b4-c240c13716dc","local_time":"20190507170241","is_ascension_mode":true,"campfire_choices":[{"data":"Feed","floor":6,"key":"SMITH"},{"data":"True Grit","floor":12,"key":"SMITH"},{"data":"Hemokinesis","floor":15,"key":"SMITH"}],"neow_cost":"PERCENT_DAMAGE","seed_source_timestamp":10067374290815,"circlet_count":0,"master_deck":["Strike_R","Strike_R","Strike_R","Defend_R","Defend_R","Defend_R","Defend_R","Bash","Feed+1","True Grit+1","True Grit","Sentinel","Carnage","Hemokinesis+1","Offering","Headbutt"],"relics":["Burning Blood","Ornamental Fan","CultistMask","Black Star"],"potions_floor_usage":[16,16],"damage_taken":[{"damage":11,"enemies":"2 Louse","floor":1,"turns":3},{"damage":1,"enemies":"Cultist","floor":4,"turns":4},{"damage":1,"enemies":"Jaw Worm","floor":8,"turns":4},{"damage":19,"enemies":"Red Slaver","floor":10,"turns":4},{"damage":5,"enemies":"2 Fungi Beasts","floor":11,"turns":3},{"damage":12,"enemies":"Blue Slaver","floor":14,"turns":3},{"damage":78,"enemies":"The Guardian","floor":16,"turns":17},{"damage":68,"enemies":"3 Byrds","floor":18,"turns":7},{"damage":40,"enemies":"Shell Parasite","floor":21,"turns":6},{"damage":15,"enemies":"3 Cultists","floor":22,"turns":3}],"seed_played":"2535166359237284293","potions_obtained":[{"floor":4,"key":"Energy Potion"},{"floor":8,"key":"Weak Potion"},{"floor":11,"key":"AttackPotion"}],"is_trial":false,"path_per_floor":["M","?","$","M","$","R","?","M","T","M","M","R","?","M","R","B",null,"M","?","?","M","M"],"character_chosen":"IRONCLAD","items_purchased":["Sentinel"],"campfire_rested":0,"item_purchase_floors":[3],"current_hp_per_floor":[51,51,51,59,59,59,83,87,87,78,83,83,83,81,81,9,99,41,41,41,11,0],"gold":97,"neow_bonus":"THREE_RARE_CARDS","is_prod":false,"is_daily":false,"chose_seed":false,"campfire_upgraded":3,"win_rate":0,"timestamp":1557241361,"path_taken":["M","?","$","?","$","R","?","?","T","M","M","R","?","M","R","BOSS","M","?","?","M","?"],"build_version":"2019-01-23","purchased_purges":1,"victory":false,"max_hp_per_floor":[80,80,80,83,83,83,83,87,87,91,95,95,95,99,99,99,99,103,103,103,107,111],"card_choices":[{"not_picked":["Double Tap","Fiend Fire"],"picked":"Feed","floor":0},{"not_picked":["Flex","Headbutt"],"picked":"True Grit","floor":1},{"not_picked":["Seeing Red","Clash"],"picked":"True Grit","floor":4},{"not_picked":["Thunderclap","Searing Blow","Body Slam"],"picked":"SKIP","floor":8},{"not_picked":["Havoc","Iron Wave"],"picked":"Sentinel","floor":10},{"not_picked":["Warcry","Clothesline"],"picked":"Carnage","floor":11},{"not_picked":["Wild Strike","Cleave"],"picked":"Hemokinesis","floor":14},{"not_picked":["Reaper","Exhume"],"picked":"Offering","floor":16},{"not_picked":["Iron Wave","Havoc"],"picked":"Headbutt","floor":18},{"not_picked":["Twin Strike","Iron Wave","Thunderclap"],"picked":"SKIP","floor":21}],"player_experience":276964,"relics_obtained":[{"floor":9,"key":"Ornamental Fan"}],"event_choices":[{"damage_healed":0,"gold_gain":0,"player_choice":"Bought 0 Potions","damage_taken":0,"max_hp_gain":0,"max_hp_loss":0,"event_name":"The Woman in Blue","floor":2,"gold_loss":0},{"cards_removed":["Sentinel"],"damage_healed":24,"gold_gain":0,"player_choice":"Offered Uncommon","damage_taken":0,"max_hp_gain":0,"max_hp_loss":0,"event_name":"Bonfire Elementals","floor":7,"gold_loss":0},{"damage_healed":0,"gold_gain":0,"player_choice":"Trade","damage_taken":0,"relics_obtained":["CultistMask"],"max_hp_gain":0,"max_hp_loss":0,"event_name":"FaceTrader","floor":13,"gold_loss":0},{"cards_removed":["Strike_R"],"damage_healed":0,"gold_gain":0,"player_choice":"Gave Gold","damage_taken":0,"max_hp_gain":0,"max_hp_loss":0,"event_name":"Beggar","floor":19,"gold_loss":75},{"damage_healed":0,"gold_gain":0,"player_choice":"Bet on Murderer","damage_taken":0,"max_hp_gain":0,"max_hp_loss":0,"event_name":"The Joust","floor":20,"gold_loss":50}],"is_beta":false,"boss_relics":[{"not_picked":["Astrolabe","Calling Bell"],"picked":"Black Star"}],"items_purged_floors":[3],"is_endless":false,"potions_floor_spawned":[4,8,11],"killed_by":"3 Cultists","ascension_level":1}