{"gold_per_floor":[118,118,130,130,143,143,168,168,168,168,181,181,205,280,280,381,431,446,446,458,163,163,173,191,191,191,222,222,39,52,52,52,153,153,173,189,189,189,64,64,89,89],"floor_reached":42,"playtime":3332,"items_purged":["Strike_G","Strike_G","Strike_G"],"score":486,"play_id":"767b5411-e247-4056-b13e-bd6e74ec7585","local_time":"20190201003011","is_ascension_mode":true,"campfire_choices":[{"data":"Sucker Punch","floor":6.0,"key":"SMITH"},{"data":"Neutralize","floor":8.0,"key":"SMITH"},{"data":"Unload","floor":10.0,"key":"SMITH"},{"data":"Survivor","floor":12.0,"key":"SMITH"},{"data":"Underhanded Strike","floor":15.0,"key":"SMITH"},{"data":"Outmaneuver","floor":25,"key":"SMITH"},{"floor":32,"key":"REST"},{"data":"Backflip","floor":40,"key":"SMITH"}],"neow_cost":"NONE","seed_source_timestamp":0,"circlet_count":0,"master_deck":["Defend_G","Defend_G","Defend_G","Defend_G","Defend_G+1","Strike_G","Survivor+1","Neutralize+1","Slice","Sucker Punch+1","Unload+1","Underhanded Strike+1","Adrenaline","Terror","Well Laid Plans","Catalyst","Outmaneuver+1","Bouncing Flask","Backstab+1","Noxious Fumes+1","Backflip+1","Caltrops","Die Die Die","Backflip+1","Tactician+1"],"special_seed":0,"relics":["Ring of the Serpent","Blood Vial","Shuriken","Incense Burner","Bag of Preparation","Odd Mushroom","Tiny House","Bronze Scales","Blue Candle","Omamori","MutagenicStrength","Happy Flower"],"potions_floor_usage":[27,30,33],"damage_taken":[{"damage":0.0,"enemies":"Jaw Worm","floor":1.0,"turns":6.0},{"damage":0.0,"enemies":"Cultist","floor":3.0,"turns":4.0},{"damage":0.0,"enemies":"Small Slimes","floor":5.0,"turns":3.0},{"damage":18.0,"enemies":"Lagavulin","floor":7.0,"turns":7.0},{"damage":0.0,"enemies":"2 Fungi Beasts","floor":11.0,"turns":2.0},{"damage":11.0,"enemies":"The Mushroom Lair","floor":13.0,"turns":3.0},{"damage":23.0,"enemies":"Hexaghost","floor":16.0,"turns":10.0},{"damage":10,"enemies":"2 Thieves","floor":18,"turns":4},{"damage":0,"enemies":"Spheric Guardian","floor":20,"turns":3},{"damage":13,"enemies":"Chosen and Byrds","floor":23,"turns":5},{"damage":15,"enemies":"Snecko","floor":24,"turns":5},{"damage":5,"enemies":"Gremlin Leader","floor":27,"turns":7},{"damage":17,"enemies":"Shelled Parasite and Fungi","floor":30,"turns":4},{"damage":18,"enemies":"Automaton","floor":33,"turns":12},{"damage":3,"enemies":"3 Shapes","floor":35,"turns":3},{"damage":18,"enemies":"3 Darklings","floor":36,"turns":5},{"damage":45,"enemies":"Nemesis","floor":41,"turns":7},{"damage":24,"enemies":"Writhing Mass","floor":42,"turns":4}],"seed_played":"-6838446992045514530","potions_obtained":[{"floor":1.0,"key":"EssenceOfSteel"},{"floor":11.0,"key":"SkillPotion"},{"floor":13.0,"key":"PowerPotion"},{"floor":17,"key":"LiquidBronze"},{"floor":20,"key":"Energy Potion"},{"floor":27,"key":"SmokeBomb"},{"floor":33,"key":"Strength Potion"}],"is_trial":false,"path_per_floor":["M","?","M","?","M","R","E","R","T","R","M","R","?","?","R","B",null,"M","?","M","$","?","M","M","R","T","E","?","$","M","?","R","B",null,"M","M","?","?","$","R","E","M"],"character_chosen":"THE_SILENT","items_purchased":["Bronze Scales","Well Laid Plans","Noxious Fumes","Backflip"],"campfire_rested":1,"item_purchase_floors":[21,21,29,29],"current_hp_per_floor":[70,63,65,65,67,67,51,51,51,51,53,53,44,33,33,12,75,65,51,53,53,53,42,29,29,29,26,26,26,11,11,35,19,80,77,61,61,61,61,61,18,0],"gold":89,"neow_bonus":"RANDOM_COMMON_RELIC","is_prod":false,"is_daily":false,"chose_seed":false,"campfire_upgraded":7,"win_rate":0,"timestamp":1549002611,"path_taken":["M","?","M","?","?","R","E","R","T","R","M","R","?","?","R","BOSS","M","?","M","$","?","M","?","R","T","E","?","$","M","?","R","BOSS","M","?","?","?","$","R","E","M"],"build_version":"2019-01-23","purchased_purges":3,"victory":false,"max_hp_per_floor":[70,70,70,70,70,70,70,70,70,70,70,70,70,70,70,70,75,75,80,80,80,80,80,80,80,80,80,80,80,80,80,80,80,80,80,80,80,80,80,80,80,80],"card_choices":[{"not_picked":["Escape Plan","Dagger Spray"],"picked":"Slice","floor":1.0},{"not_picked":["Acrobatics","Dodge and Roll"],"picked":"Sucker Punch","floor":3.0},{"not_picked":["Setup","Dagger Throw","Dagger Spray"],"picked":"SKIP","floor":5.0},{"not_picked":["Flying Knee","Catalyst"],"picked":"Unload","floor":7.0},{"not_picked":["Poisoned Stab","PiercingWail","Deflect"],"picked":"SKIP","floor":11.0},{"not_picked":["Outmaneuver","Calculated Gamble"],"picked":"Underhanded Strike","floor":13.0},{"not_picked":["Grand Finale","Storm of Steel"],"picked":"Adrenaline","floor":16.0},{"not_picked":["Underhanded Strike","Choke"],"picked":"Terror","floor":17},{"not_picked":["Eviscerate","Setup","Choke"],"picked":"SKIP","floor":18},{"not_picked":["Crippling Poison","Bane","Eviscerate"],"picked":"SKIP","floor":20},{"not_picked":["Catalyst","Acrobatics"],"picked":"Outmaneuver","floor":23},{"not_picked":["Dagger Spray","Deflect"],"picked":"Bouncing Flask","floor":24},{"not_picked":["Skewer+1","Bane"],"picked":"Backstab+1","floor":27},{"not_picked":["Poisoned Stab","Prepared"],"picked":"Caltrops","floor":30},{"not_picked":["Bullet Time","Storm of Steel"],"picked":"Die Die Die","floor":33},{"not_picked":["Leg Sweep+1","Deadly Poison"],"picked":"Backflip+1","floor":35},{"not_picked":["Distraction","Slice","Cloak And Dagger"],"picked":"SKIP","floor":36},{"not_picked":["Flying Knee","Slice"],"picked":"Tactician+1","floor":41}],"player_experience":285647,"relics_obtained":[{"floor":7.0,"key":"Incense Burner"},{"floor":9.0,"key":"Bag of Preparation"},{"floor":13.0,"key":"Odd Mushroom"},{"floor":26,"key":"Blue Candle"},{"floor":27,"key":"Omamori"},{"floor":41,"key":"Happy Flower"}],"event_choices":[{"cards_removed":["Strike_G"],"damage_healed":0.0,"max_hp_gain":0.0,"max_hp_loss":0.0,"gold_gain":0.0,"event_name":"Golden Wing","player_choice":"Card Removal","floor":2.0,"gold_loss":0.0,"damage_taken":7.0},{"damage_healed":0.0,"max_hp_gain":0.0,"max_hp_loss":0.0,"gold_gain":0.0,"event_name":"WeMeetAgain","player_choice":"Gave Potion","floor":4.0,"gold_loss":0.0,"damage_taken":0.0,"relics_obtained":["Shuriken"]},{"damage_healed":0.0,"max_hp_gain":0.0,"max_hp_loss":0.0,"gold_gain":0.0,"event_name":"Mushrooms","player_choice":"Fought Mushrooms","floor":13.0,"gold_loss":0.0,"damage_taken":0.0},{"damage_healed":0.0,"max_hp_gain":0.0,"max_hp_loss":0.0,"gold_gain":75.0,"event_name":"World of Goop","player_choice":"Gather Gold","floor":14.0,"gold_loss":0.0,"damage_taken":11.0},{"damage_healed":0,"gold_gain":0,"player_choice":"Shed Blood","damage_taken":19,"max_hp_gain":5,"max_hp_loss":0,"event_name":"Forgotten Altar","floor":19,"gold_loss":0},{"damage_healed":0,"gold_gain":0,"player_choice":"1 cards matched","damage_taken":0,"max_hp_gain":0,"max_hp_loss":0,"event_name":"Match and Keep!","floor":22,"gold_loss":0,"cards_obtained":["Catalyst"]},{"damage_healed":0,"gold_gain":0,"player_choice":"Inject Mutagens","damage_taken":0,"relics_obtained":["MutagenicStrength"],"max_hp_gain":0,"max_hp_loss":0,"event_name":"Drug Dealer","floor":28,"gold_loss":0},{"damage_healed":0,"gold_gain":0,"player_choice":"Forge","damage_taken":0,"max_hp_gain":0,"max_hp_loss":0,"event_name":"Accursed Blacksmith","floor":31,"gold_loss":0,"cards_upgraded":["Noxious Fumes"]},{"damage_healed":0,"gold_gain":0,"player_choice":"Memory 1","damage_taken":0,"max_hp_gain":0,"max_hp_loss":0,"event_name":"SensoryStone","floor":37,"gold_loss":0},{"damage_healed":0,"gold_gain":0,"player_choice":"Ignored","damage_taken":0,"max_hp_gain":0,"max_hp_loss":0,"event_name":"Tomb of Lord Red Mask","floor":38,"gold_loss":0}],"is_beta":false,"boss_relics":[{"not_picked":["White Beast Statue","Runic Pyramid"],"picked":"Tiny House"},{"not_picked":["Lizard Tail","Eternal Feather"],"picked":"Ring of the Serpent"}],"items_purged_floors":[21,29,39],"is_endless":false,"potions_floor_spawned":[1,11,13,20,27,33],"killed_by":"Writhing Mass","ascension_level":2}