{"gold_per_floor":[112,112,37,37,56,56,76,87,87,109,109,95,113,126,126,126],"floor_reached":16,"playtime":1867,"items_purged":["Defend_G"],"score":94,"play_id":"e9f2f2bf-b039-4c46-a987-c31a1f37abd4","local_time":"20190430121340","is_ascension_mode":false,"campfire_choices":[{"data":"Backflip","floor":6,"key":"SMITH"},{"floor":11,"key":"REST"},{"data":"Strike_G","floor":15,"key":"PURGE"}],"neow_cost":"NONE","seed_source_timestamp":54091988955500,"circlet_count":0,"master_deck":["Defend_G","Defend_G","Defend_G","Strike_G","Strike_G","Survivor","Neutralize","Backflip+1","Quick Slash","Calculated Gamble","Pot Of Greed","Outmaneuver","Pot Of Greed","Cloak And Dagger"],"relics":["Ring of the Snake","Grinning Jar","Odd Mushroom"],"potions_floor_usage":[8,10,13,16],"damage_taken":[{"damage":0,"enemies":"Small Slimes","floor":1,"turns":6},{"damage":0,"enemies":"2 Louse","floor":5,"turns":4},{"damage":0,"enemies":"Jaw Worm","floor":7,"turns":3},{"damage":18,"enemies":"Gremlin Gang","floor":8,"turns":8},{"damage":21,"enemies":"The Mushroom Lair","floor":10,"turns":7},{"damage":0,"enemies":"Exordium Thugs","floor":12,"turns":4},{"damage":2,"enemies":"Blue Slaver","floor":13,"turns":5},{"damage":0,"enemies":"Looter","floor":14,"turns":3},{"damage":68,"enemies":"Slime Boss","floor":16,"turns":13}],"seed_played":"-8081352646135798529","potions_obtained":[{"floor":1,"key":"Regen Potion"},{"floor":7,"key":"Adrenaline Potion"},{"floor":12,"key":"SkillPotion"},{"floor":14,"key":"construct:ShiftPotion"}],"is_trial":false,"path_per_floor":["M","?","$","?","M","R","M","M","T","?","R","M","M","M","R","B"],"character_chosen":"THE_SILENT","items_purchased":[],"campfire_rested":1,"item_purchase_floors":[],"current_hp_per_floor":[70,70,70,70,70,70,70,67,67,46,67,67,65,65,65,0],"gold":126,"neow_bonus":"REMOVE_CARD","is_prod":false,"is_daily":false,"chose_seed":false,"campfire_upgraded":1,"win_rate":0.0,"timestamp":1556583220,"path_taken":["M","?","$","?","M","R","M","M","T","?","R","?","?","M","R","BOSS"],"build_version":"2019-01-23","purchased_purges":1,"victory":false,"max_hp_per_floor":[70,70,70,70,70,70,70,70,70,70,70,70,70,70,70,70],"card_choices":[{"not_picked":["Reflex","Poisoned Stab"],"picked":"Backflip","floor":1},{"not_picked":["Hidden Blade","Outmaneuver"],"picked":"Quick Slash","floor":5},{"not_picked":["Deflect","Toxin Wave","Underhanded Strike"],"picked":"SKIP","floor":7},{"not_picked":["Eviscerate","PiercingWail"],"picked":"Calculated Gamble","floor":8},{"not_picked":["Dodge and Roll","ReplayTheSpireMod:Tripwire"],"picked":"Outmaneuver","floor":10},{"not_picked":["Dagger Spray","ReplayTheSpireMod:From All Sides","Leg Sweep"],"picked":"SKIP","floor":12},{"not_picked":["Slice","Quick Slash","Deadly Poison"],"picked":"SKIP","floor":13},{"not_picked":["PiercingWail","Poisoned Stab"],"picked":"Cloak And Dagger","floor":14}],"player_experience":116272,"relics_obtained":[{"floor":9,"key":"Grinning Jar"},{"floor":10,"key":"Odd Mushroom"}],"event_choices":[{"cards_removed":["Defend_G"],"damage_healed":0,"gold_gain":0,"player_choice":"Forget","damage_taken":0,"max_hp_gain":0,"max_hp_loss":0,"event_name":"Living Wall","floor":4,"gold_loss":0},{"damage_healed":0,"gold_gain":0,"player_choice":"Fought Mushrooms","damage_taken":0,"max_hp_gain":0,"max_hp_loss":0,"event_name":"Mushrooms","floor":10,"gold_loss":0}],"is_beta":false,"boss_relics":[],"items_purged_floors":[3],"is_endless":false,"potions_floor_spawned":[1,7,12,14],"killed_by":"Slime Boss","ascension_level":0}