{"gold_per_floor":[115,132,51,67,15,15,40,40,40,40,53,113,113,130,130,227,227,212,262,312,89,107,107,141,204,204,68,87,52,81,100,100,205,205,216,91,101,113,163,163,175,175],"floor_reached":42,"playtime":5343,"items_purged":["ReplayTheSpireMod:Repulse","Strike_B","Strike_B"],"score":488,"play_id":"02401619-a3a8-4280-82f6-e22b71891f3e","local_time":"20190428210548","is_ascension_mode":true,"campfire_choices":[{"data":"Chill","floor":6,"key":"SMITH"},{"floor":13,"key":"REST"},{"floor":15,"key":"REST"},{"data":"Gash","floor":23,"key":"SMITH"},{"floor":32,"key":"REST"},{"data":"Mirror Shield","floor":40,"key":"SMITH"}],"neow_cost":"NONE","seed_source_timestamp":293036865860600,"circlet_count":0,"master_deck":["Defend_B","Defend_B","Defend_B","Defend_B","Cold Snap","Go for the Eyes","Chill+1","Coolheaded","Coolheaded","ReplayGash+1","Auto Shields","Go for the Eyes","Gash+1","Sweeping Beam","Steam+1","Mirror Shield+1","Blizzard","FTL","Gash+1","Scrape+1"],"relics":["Cracked Core","NeowsBlessing","Counterbalance","Divine Protection","SsserpentHead","Replay:Cursed D8","Gremlin Food","Orichalcum","Replay:WaspNest","ReplayTheSpireMod:TigerMarble","Regal Pillow","Empty Cage"],"potions_floor_usage":[16,16,22,33,33,38,42],"damage_taken":[{"damage":0,"enemies":"Cultist","floor":1,"turns":1},{"damage":0,"enemies":"2 Louse","floor":2,"turns":1},{"damage":0,"enemies":"Small Slimes","floor":4,"turns":1},{"damage":49,"enemies":"Gremlin Nob","floor":7,"turns":5},{"damage":7,"enemies":"Gremlin Gang","floor":11,"turns":5},{"damage":0,"enemies":"2 Fungi Beasts","floor":12,"turns":4},{"damage":0,"enemies":"Looter","floor":14,"turns":3},{"damage":12,"enemies":"Hexaghost","floor":16,"turns":13},{"damage":0,"enemies":"2 Thieves","floor":18,"turns":4},{"damage":0,"enemies":"Chosen","floor":22,"turns":6},{"damage":23,"enemies":"Gremlin Leader","floor":24,"turns":10},{"damage":11,"enemies":"Snecko","floor":25,"turns":8},{"damage":0,"enemies":"Snake Plant","floor":28,"turns":9},{"damage":0,"enemies":"Book of Stabbing","floor":30,"turns":7},{"damage":0,"enemies":"3 Cultists","floor":31,"turns":5},{"damage":48,"enemies":"Automaton","floor":33,"turns":10},{"damage":0,"enemies":"3 Darklings","floor":35,"turns":6},{"damage":0,"enemies":"Orb Walker","floor":37,"turns":6},{"damage":0,"enemies":"Transient","floor":38,"turns":5},{"damage":70,"enemies":"4 Shapes","floor":41,"turns":6},{"damage":7,"enemies":"Reptomancer","floor":42,"turns":6}],"seed_played":"-2772310504065004100","potions_obtained":[{"floor":11,"key":"GamblersBrew"},{"floor":14,"key":"PowerPotion"},{"floor":16,"key":"Elixir"},{"floor":22,"key":"construct:ShiftPotion"},{"floor":24,"key":"Elixir"},{"floor":28,"key":"Milkshake"},{"floor":37,"key":"Block Potion"},{"floor":41,"key":"Explosive Potion"}],"is_trial":false,"path_per_floor":["M","M","$","M","$","R","E","?","T","?","M","M","R","M","R","B",null,"M","?","?","$","M","R","E","M","T","$","M","?","E","M","R","B",null,"M","$","M","M","?","R","M","E"],"character_chosen":"DEFECT","items_purchased":["Chill","Coolheaded","Gremlin Food","FTL"],"campfire_rested":3,"item_purchase_floors":[3,5,21,27],"current_hp_per_floor":[75,75,75,75,75,75,26,26,26,26,19,19,41,41,63,51,75,75,75,75,75,75,75,52,41,41,41,41,41,41,41,75,27,75,75,75,75,75,75,75,5,0],"gold":175,"neow_bonus":"THREE_ENEMY_KILL","is_prod":false,"is_daily":false,"chose_seed":false,"campfire_upgraded":3,"win_rate":0,"timestamp":1556442348,"path_taken":["M","?","$","M","$","R","E","?","T","?","M","?","R","M","R","BOSS","M","?","?","$","M","R","E","?","T","$","M","?","E","M","R","BOSS","M","$","M","M","?","R","M","E"],"build_version":"2019-01-23","purchased_purges":3,"victory":false,"max_hp_per_floor":[75,75,75,75,75,75,75,75,75,75,75,75,75,75,75,75,75,75,75,75,75,75,75,75,75,75,75,75,75,75,75,75,75,75,75,75,75,75,75,75,75,75],"card_choices":[{"not_picked":["Conserve Battery","BasicCrystalCard"],"picked":"Cold Snap","floor":1},{"not_picked":["Self Repair","Hello World"],"picked":"Go for the Eyes","floor":2},{"not_picked":["ReplayTheSpireMod:System Scan","Cold Snap"],"picked":"Coolheaded","floor":4},{"not_picked":["Panic Button","Sunder","Hologram"],"picked":"SKIP","floor":7},{"not_picked":["Ball Lightning","ReplayTheSpireMod:GoodbyeWorld"],"picked":"ReplayGash","floor":11},{"not_picked":["Self Repair","Coolheaded"],"picked":"Auto Shields","floor":12},{"not_picked":["Conserve Battery","ReplayTheSpireMod:Reroute Power"],"picked":"Go for the Eyes","floor":14},{"not_picked":["Ball Lightning","ReplayTheSpireMod:System Scan+1"],"picked":"Gash","floor":18},{"not_picked":["Redo+1","Crystallizer"],"picked":"Steam+1","floor":22},{"not_picked":["Rebound","Static Discharge"],"picked":"Mirror Shield","floor":24},{"not_picked":["Hologram","Genetic Algorithm"],"picked":"Blizzard","floor":25},{"not_picked":["ReplayTheSpireMod:Reroute Power","Sweeping Beam","Ball Lightning"],"picked":"SKIP","floor":28},{"not_picked":["Meteor Strike","Sweeping Beam+1","Time Bomb"],"picked":"SKIP","floor":30},{"not_picked":["Beam Cell","Go for the Eyes"],"picked":"Gash+1","floor":31},{"not_picked":["Compile Driver+1","Heatsinks+1","Rebound+1"],"picked":"SKIP","floor":35},{"not_picked":["Redo+1","Coolheaded+1"],"picked":"Scrape+1","floor":37},{"not_picked":["Hello World+1","ReplayTheSpireMod:System Scan+1","Leap+1"],"picked":"SKIP","floor":38},{"not_picked":["ReplaySort+1","Self Repair+1","Compile Driver+1"],"picked":"SKIP","floor":41}],"player_experience":100453,"relics_obtained":[{"floor":7,"key":"Counterbalance"},{"floor":9,"key":"Divine Protection"},{"floor":24,"key":"Orichalcum"},{"floor":26,"key":"Replay:WaspNest"},{"floor":30,"key":"Regal Pillow"}],"event_choices":[{"damage_healed":0,"gold_gain":0,"player_choice":"Trade","damage_taken":0,"relics_obtained":["SsserpentHead"],"max_hp_gain":0,"max_hp_loss":0,"event_name":"FaceTrader","floor":10,"gold_loss":0},{"damage_healed":0,"gold_gain":0,"player_choice":"Read","damage_taken":0,"max_hp_gain":0,"max_hp_loss":0,"event_name":"The Library","floor":19,"gold_loss":0,"cards_obtained":["Sweeping Beam"]},{"damage_healed":0,"gold_gain":0,"cards_transformed":["Zap"],"player_choice":"Transformed","damage_taken":0,"max_hp_gain":0,"max_hp_loss":0,"event_name":"Transmorgrifier","floor":20,"gold_loss":0,"cards_obtained":["ReplayTheSpireMod:Repulse"]},{"damage_healed":0,"gold_gain":0,"player_choice":"Obtained Relic","damage_taken":0,"relics_obtained":["ReplayTheSpireMod:TigerMarble"],"max_hp_gain":0,"max_hp_loss":0,"event_name":"Addict","floor":29,"gold_loss":85},{"cards_removed":["Static Discharge"],"damage_healed":0,"gold_gain":0,"player_choice":"Removed Power","damage_taken":0,"max_hp_gain":0,"max_hp_loss":0,"event_name":"Falling","floor":39,"gold_loss":0}],"is_beta":false,"boss_relics":[{"not_picked":["Black Star","Calling Bell"],"picked":"Replay:Cursed D8"},{"not_picked":["Replay:Drink Me","Busted Crown"],"picked":"Empty Cage"}],"items_purged_floors":[21,27,36],"is_endless":false,"potions_floor_spawned":[11,14,16,22,24,28,31,37,41],"killed_by":"Reptomancer","ascension_level":1}