{"gold_per_floor":[117,133,143,143,153,153,35,35,35,47,64,34,9,34,34,137,137,154,154,172,172,172,497,497,528,528,24,38,58,73,104,104,204,204,222,232,232,35,52,52,63,75,99,99,115,115,115,26,26,26],"floor_reached":50,"playtime":5431,"items_purged":["Strike_G"],"score":657,"play_id":"4cc1138a-2ce5-462e-9ffa-f579f48207bc","local_time":"20190217001220","is_ascension_mode":true,"campfire_choices":[{"data":"Dagger Spray","floor":6,"key":"SMITH"},{"data":"Dagger Spray","floor":8,"key":"SMITH"},{"floor":15,"key":"DIG"},{"floor":32,"key":"REST"},{"floor":40,"key":"DIG"},{"floor":47,"key":"REST"},{"floor":49,"key":"DIG"}],"neow_cost":"NONE","seed_source_timestamp":0,"circlet_count":0,"master_deck":["Defend_G","Defend_G","Defend_G","Defend_G","Defend_G","Strike_G","Strike_G","Strike_G","Strike_G","Survivor","Neutralize","Madness","Sucker Punch","Dagger Spray+1","Deflect","Dagger Spray+1","Well Laid Plans","Sucker Punch","Leg Sweep","Tactician","Footwork","Tactician","Acrobatics","Dagger Spray","Backflip","A Thousand Cuts","Burst","Acrobatics+1","Deflect+1","Dagger Throw+1","Ghostly","Ghostly","Ghostly","Ghostly","Ghostly+1","Terror+1","After Image+1","Prepared","Footwork+1","Dodge and Roll","Sucker Punch+1","Finisher+1","Dodge and Roll","Flying Knee+1","Backstab+1","Malaise+1","Prepared","Acrobatics+1","Quick Slash+1","Backflip","Slice+1","Prepared+1","Flying Knee+1","Flying Knee+1","Regret","Quick Slash+1","Dramatic Entrance+1","Blur","Slice+1"],"special_seed":0,"relics":["Ring of the Snake","Prayer Wheel","Shovel","Molten Egg 2","Gremlin Horn","Philosopher\u0027s Stone","Frozen Egg 2","Old Coin","Question Card","Letter Opener","Tingsha","Regal Pillow","Cursed Key","Vajra","War Paint","GremlinMask","Art of War"],"potions_floor_usage":[16,25,28,41,50],"damage_taken":[{"damage":10.0,"enemies":"Jaw Worm","floor":1.0,"turns":5.0},{"damage":0,"enemies":"Cultist","floor":2,"turns":4},{"damage":0,"enemies":"2 Louse","floor":3,"turns":3},{"damage":0,"enemies":"2 Fungi Beasts","floor":5,"turns":3},{"damage":0,"enemies":"3 Louse","floor":10,"turns":1},{"damage":0,"enemies":"Gremlin Gang","floor":11,"turns":3},{"damage":6,"enemies":"Looter","floor":12,"turns":4},{"damage":8,"enemies":"Lagavulin","floor":14,"turns":10},{"damage":17,"enemies":"The Guardian","floor":16,"turns":17},{"damage":30,"enemies":"Spheric Guardian","floor":18,"turns":6},{"damage":19,"enemies":"Chosen","floor":20,"turns":7},{"damage":3,"enemies":"Gremlin Leader","floor":23,"turns":9},{"damage":17,"enemies":"Slavers","floor":25,"turns":7},{"damage":8,"enemies":"Centurion and Healer","floor":28,"turns":9},{"damage":0,"enemies":"Chosen and Byrds","floor":29,"turns":8},{"damage":0,"enemies":"Snake Plant","floor":30,"turns":6},{"damage":0,"enemies":"Gremlin Leader","floor":31,"turns":6},{"damage":14,"enemies":"Collector","floor":33,"turns":11},{"damage":0,"enemies":"3 Darklings","floor":35,"turns":5},{"damage":0,"enemies":"Orb Walker","floor":36,"turns":4},{"damage":0,"enemies":"Jaw Worm Horde","floor":39,"turns":4},{"damage":27,"enemies":"Writhing Mass","floor":41,"turns":8},{"damage":2,"enemies":"Sphere and 2 Shapes","floor":42,"turns":4},{"damage":0,"enemies":"3 Darklings","floor":45,"turns":4},{"damage":53,"enemies":"Time Eater","floor":50,"turns":11}],"seed_played":"-934155587029336424","potions_obtained":[{"floor":1.0,"key":"GamblersBrew"},{"floor":14,"key":"Regen Potion"},{"floor":16,"key":"GhostInAJar"},{"floor":20,"key":"Weak Potion"},{"floor":23,"key":"Swift Potion"},{"floor":31,"key":"Explosive Potion"},{"floor":33,"key":"Regen Potion"},{"floor":35,"key":"SkillPotion"},{"floor":45,"key":"Poison Potion"}],"is_trial":false,"path_per_floor":["M","M","M","?","M","R","$","R","T","M","M","M","$","E","R","B",null,"M","?","M","?","?","E","?","E","T","$","M","M","M","E","R","B",null,"M","M","?","$","M","R","M","M","T","?","M","?","R","$","R","B"],"character_chosen":"THE_SILENT","items_purchased":["Well Laid Plans","Sucker Punch","Backflip","Tingsha","Footwork+1","Dodge and Roll","Vajra","Slice+1","Blur","Slice+1"],"campfire_rested":2,"item_purchase_floors":[7,7,13,27,27,27,38,38,48,48],"current_hp_per_floor":[60,60,60,60,60,60,60,60,60,60,60,54,54,46,46,44,70,40,40,21,44,35,32,32,15,15,15,7,7,7,7,32,18,35,35,35,35,35,35,35,8,6,6,6,6,6,31,31,31,0],"gold":26,"neow_bonus":"RANDOM_COLORLESS","is_prod":false,"is_daily":false,"chose_seed":false,"campfire_upgraded":2,"win_rate":0,"timestamp":1550383940,"path_taken":["M","M","M","?","?","R","?","R","T","?","M","M","?","E","R","BOSS","M","?","M","?","?","E","?","E","T","$","M","?","M","E","R","BOSS","M","M","?","$","M","R","M","M","T","?","?","?","R","$","R","BOSS"],"build_version":"2019-01-23","purchased_purges":1,"victory":false,"max_hp_per_floor":[70,70,70,70,70,70,70,70,70,70,70,70,70,70,70,70,70,70,70,70,70,35,35,35,35,35,35,35,35,35,35,35,35,35,35,35,35,35,35,35,35,35,35,35,35,35,35,35,35,35],"card_choices":[{"not_picked":["Tactician","Slice"],"picked":"Sucker Punch","floor":1.0},{"not_picked":["Acrobatics","Concentrate"],"picked":"Dagger Spray","floor":2},{"not_picked":["Deadly Poison","Prepared"],"picked":"Deflect","floor":3},{"not_picked":["Infinite Blades","Caltrops"],"picked":"Dagger Spray","floor":5},{"not_picked":["Slice","Prepared","Finisher"],"picked":"SKIP","floor":5},{"not_picked":["Underhanded Strike","Calculated Gamble"],"picked":"Leg Sweep","floor":10},{"not_picked":["Bane","Slice"],"picked":"Tactician","floor":10},{"not_picked":["Phantasmal Killer","Slice"],"picked":"Footwork","floor":11},{"not_picked":["Leg Sweep","Distraction"],"picked":"Tactician","floor":11},{"not_picked":["Infinite Blades","Calculated Gamble"],"picked":"Acrobatics","floor":12},{"not_picked":["Choke","Quick Slash"],"picked":"Dagger Spray","floor":12},{"not_picked":["Dagger Spray","Underhanded Strike"],"picked":"A Thousand Cuts","floor":14},{"not_picked":["Doppelganger","Adrenaline"],"picked":"Burst","floor":16},{"not_picked":["Deadly Poison+1","Cloak And Dagger"],"picked":"Acrobatics+1","floor":18},{"not_picked":["Deadly Poison","Escape Plan","Cloak And Dagger"],"picked":"SKIP","floor":18},{"not_picked":["Envenom+1","Outmaneuver"],"picked":"Deflect+1","floor":20},{"not_picked":["Eviscerate+1","Cloak And Dagger"],"picked":"Dagger Throw+1","floor":20},{"not_picked":["Eviscerate+1","Deflect+1"],"picked":"Terror+1","floor":23},{"not_picked":["Eviscerate+1","Glass Knife+1"],"picked":"Prepared","floor":25},{"not_picked":["Calculated Gamble","Setup+1","PiercingWail+1"],"picked":"Sucker Punch+1","floor":28},{"not_picked":["Endless Agony+1","PiercingWail","Venomology"],"picked":"Finisher+1","floor":28},{"not_picked":["Underhanded Strike+1","Bane+1","Outmaneuver"],"picked":"Dodge and Roll","floor":29},{"not_picked":["Deflect","Choke+1","Cloak And Dagger+1","Deadly Poison+1"],"picked":"SKIP","floor":29},{"not_picked":["Sucker Punch+1","Slice+1","Bouncing Flask"],"picked":"Flying Knee+1","floor":30},{"not_picked":["Bane+1","Poisoned Stab+1","Night Terror","Riddle With Holes+1"],"picked":"SKIP","floor":30},{"not_picked":["Slice+1","Eviscerate+1","Skewer+1"],"picked":"Backstab+1","floor":31},{"not_picked":["Glass Knife+1","A Thousand Cuts+1","Die Die Die+1"],"picked":"Malaise","floor":33},{"not_picked":["Leg Sweep","Slice+1","Sucker Punch+1"],"picked":"Prepared","floor":35},{"not_picked":["Distraction","Poisoned Stab+1","Prepared"],"picked":"Acrobatics+1","floor":35},{"not_picked":["Underhanded Strike+1","Bouncing Flask","Sucker Punch+1"],"picked":"Quick Slash+1","floor":36},{"not_picked":["Sucker Punch+1","Dodge and Roll","Outmaneuver+1"],"picked":"Backflip","floor":36},{"not_picked":["Doppelganger","PiercingWail+1","Bane+1"],"picked":"Prepared+1","floor":39},{"not_picked":["Bane+1","Cloak And Dagger","Catalyst+1","Sucker Punch+1"],"picked":"SKIP","floor":39},{"not_picked":["Unload+1","Prepared","Dagger Spray+1"],"picked":"Flying Knee+1","floor":41},{"not_picked":["Flying Knee+1","Underhanded Strike+1","Choke+1","Prepared"],"picked":"SKIP","floor":41},{"not_picked":["Prepared+1","Underhanded Strike+1","Deflect+1"],"picked":"Flying Knee+1","floor":42},{"not_picked":["Tools of the Trade+1","Well Laid Plans+1","Outmaneuver","Dash+1"],"picked":"SKIP","floor":42},{"not_picked":["Dagger Spray+1","Blur","Deadly Poison+1"],"picked":"Quick Slash+1","floor":45},{"not_picked":["Dodge and Roll","Underhanded Strike+1","Outmaneuver","Eviscerate+1"],"picked":"SKIP","floor":45},{"not_picked":["Good Instincts","Dark Shackles","Finesse"],"picked":"Dramatic Entrance+1","floor":46}],"player_experience":375963,"relics_obtained":[{"floor":9,"key":"Shovel"},{"floor":14,"key":"Molten Egg 2"},{"floor":15,"key":"Gremlin Horn"},{"floor":23,"key":"Old Coin"},{"floor":25,"key":"Question Card"},{"floor":26,"key":"Letter Opener"},{"floor":31,"key":"Regal Pillow"},{"floor":40,"key":"War Paint"},{"floor":49,"key":"Art of War"}],"event_choices":[{"damage_healed":0,"gold_gain":0,"player_choice":"Gave Potion","damage_taken":0,"relics_obtained":["Prayer Wheel"],"max_hp_gain":0,"max_hp_loss":0,"event_name":"WeMeetAgain","floor":4,"gold_loss":0},{"damage_healed":0,"gold_gain":0,"player_choice":"Opened","damage_taken":0,"relics_obtained":["Frozen Egg 2"],"max_hp_gain":0,"max_hp_loss":0,"event_name":"The Mausoleum","floor":19,"gold_loss":0},{"damage_healed":23,"gold_gain":0,"player_choice":"Heal","damage_taken":0,"max_hp_gain":0,"max_hp_loss":0,"event_name":"The Library","floor":21,"gold_loss":0},{"damage_healed":0,"gold_gain":0,"player_choice":"Became a Ghost","damage_taken":0,"max_hp_gain":0,"max_hp_loss":35,"event_name":"Ghosts","floor":22,"gold_loss":0,"cards_obtained":["Ghostly","Ghostly","Ghostly","Ghostly","Ghostly"]},{"damage_healed":0,"gold_gain":0,"player_choice":"1 cards matched","damage_taken":0,"max_hp_gain":0,"max_hp_loss":0,"event_name":"Match and Keep!","floor":24,"gold_loss":0,"cards_obtained":["After Image"]},{"damage_healed":0,"gold_gain":0,"player_choice":"Ignored","damage_taken":0,"max_hp_gain":0,"max_hp_loss":0,"event_name":"Tomb of Lord Red Mask","floor":37,"gold_loss":0},{"damage_healed":0,"gold_gain":0,"player_choice":"Trade","damage_taken":0,"relics_obtained":["GremlinMask"],"max_hp_gain":0,"max_hp_loss":0,"event_name":"FaceTrader","floor":44,"gold_loss":0},{"damage_healed":0,"gold_gain":0,"player_choice":"Memory 1","damage_taken":0,"max_hp_gain":0,"max_hp_loss":0,"event_name":"SensoryStone","floor":46,"gold_loss":0}],"is_beta":false,"boss_relics":[{"not_picked":["Tiny House","Lizard Tail"],"picked":"Philosopher\u0027s Stone"},{"not_picked":["Calling Bell","Runic Dome"],"picked":"Cursed Key"}],"items_purged_floors":[27],"is_endless":false,"potions_floor_spawned":[1,14,16,20,23,31,33,35,36,45],"killed_by":"Time Eater","ascension_level":2}