{"gold_per_floor":[213,223,223,242,192,192,211,221,245,272,292,292,292,292,292,394,394,410,424,190,190,201,201,229,229,255,287,306,322,322,322,322,424,424,444,490,490,283,69,69,101,101,125,125,225,8,8,27,27,27],"floor_reached":51,"playtime":2216,"items_purged":["Strike_B","Defend_B","Strike_B"],"score":736,"play_id":"f981bdac-84b4-4921-8089-45556f4e6896","local_time":"20190311133217","is_ascension_mode":false,"campfire_choices":[{"data":"Rip and Tear","floor":6.0,"key":"SMITH"},{"data":"Rip and Tear","floor":12.0,"key":"SMITH"},{"data":"Dualcast","floor":15.0,"key":"SMITH"},{"floor":23.0,"key":"REST"},{"floor":25.0,"key":"REST"},{"floor":32,"key":"RECALL"},{"data":"Defend_B","floor":40,"key":"PURGE"},{"floor":42,"key":"REST"},{"data":"Turbo","floor":44,"key":"PURGE"},{"floor":49,"key":"REST"}],"neow_cost":"NONE","seed_source_timestamp":0,"circlet_count":0,"master_deck":["Defend_B","Defend_B","Zap+1","Dualcast+1","Rip and Tear+1","Rebound","Leap","Rip and Tear+1","Conserve Battery","Echo Form","Go for the Eyes+1","Sweeping Beam","Sweeping Beam+1","Hyperbeam","Coolheaded","Hyperbeam","Conserve Battery","Ball Lightning+1","Apotheosis","Go for the Eyes+1","Magnetism","Secret Weapon","Madness"],"special_seed":0,"relics":["Cracked Core","Bag of Marbles","Regal Pillow","Fusion Hammer","Membership Card","DataDisk","Smiling Mask","Omamori","Vajra","Question Card","Busted Crown","Peace Pipe","WingedGreaves","Happy Flower","The Courier","Juzu Bracelet","Dead Branch","Kunai","Mango"],"potions_floor_usage":[36,41,50,50],"damage_taken":[{"damage":0.0,"enemies":"Cultist","floor":1.0,"turns":3.0},{"damage":1.0,"enemies":"Jaw Worm","floor":2.0,"turns":3.0},{"damage":0.0,"enemies":"2 Louse","floor":4.0,"turns":1.0},{"damage":7.0,"enemies":"Large Slime","floor":7.0,"turns":4.0},{"damage":0.0,"enemies":"2 Fungi Beasts","floor":8.0,"turns":2.0},{"damage":7.0,"enemies":"Gremlin Nob","floor":10.0,"turns":3.0},{"damage":3.0,"enemies":"Red Slaver","floor":11.0,"turns":3.0},{"damage":3.0,"enemies":"Slime Boss","floor":16.0,"turns":7.0},{"damage":0.0,"enemies":"Shell Parasite","floor":18.0,"turns":4.0},{"damage":0.0,"enemies":"Chosen","floor":19.0,"turns":4.0},{"damage":16.0,"enemies":"Snake Plant","floor":22.0,"turns":2.0},{"damage":58.0,"enemies":"Slavers","floor":24.0,"turns":6.0},{"damage":22,"enemies":"Book of Stabbing","floor":27,"turns":5},{"damage":0,"enemies":"3 Cultists","floor":28,"turns":3},{"damage":8,"enemies":"Snecko","floor":29,"turns":4},{"damage":40,"enemies":"Automaton","floor":33,"turns":10},{"damage":2,"enemies":"Orb Walker","floor":35,"turns":3},{"damage":41,"enemies":"2 Orb Walkers","floor":36,"turns":4},{"damage":55,"enemies":"Giant Head","floor":41,"turns":8},{"damage":11,"enemies":"Mind Bloom Boss Battle","floor":45,"turns":5},{"damage":19,"enemies":"3 Shapes","floor":48,"turns":2},{"damage":38,"enemies":"Awakened One","floor":50,"turns":11}],"seed_played":"5862243738764605229","potions_obtained":[{"floor":1.0,"key":"SpeedPotion"},{"floor":2.0,"key":"FearPotion"},{"floor":7.0,"key":"Fire Potion"},{"floor":11.0,"key":"PowerPotion"},{"floor":18.0,"key":"SpeedPotion"},{"floor":19.0,"key":"Regen Potion"},{"floor":29,"key":"GamblersBrew"},{"floor":36,"key":"Regen Potion"},{"floor":41,"key":"Explosive Potion"}],"is_trial":false,"path_per_floor":["M","M","?","M","?","R","M","M","T","E","M","R","?","?","R","B",null,"M","M","$","?","M","R","E","R","T","E","M","M","T","?","R","B",null,"M","?","?","$","$","R","E","R","T","R","?","$","?","M","R","B",null],"character_chosen":"DEFECT","items_purchased":["Membership Card","WingedGreaves","Apotheosis","Happy Flower","Kunai","Mango"],"campfire_rested":4,"item_purchase_floors":[20,38,39,39,46,46],"current_hp_per_floor":[75,74,74,74,74,74,67,67,67,60,57,57,50,55,55,52,80,80,80,80,80,64,80,22,61,61,39,39,31,31,90,90,50,90,88,47,70,70,70,70,30,72,72,72,61,75,65,46,92,69],"gold":27,"neow_bonus":"HUNDRED_GOLD","is_prod":false,"is_daily":false,"chose_seed":false,"campfire_upgraded":3,"win_rate":0,"timestamp":1552332737,"path_taken":["M","?","?","M","?","R","M","M","T","E","M","R","?","?","R","BOSS","M","M","$","?","?","R","E","R","T","E","M","M","?","?","R","BOSS","M","?","?","$","$","R","E","R","T","R","?","$","?","M","R","BOSS"],"build_version":"2019-01-23","purchased_purges":3,"victory":true,"max_hp_per_floor":[75,75,75,75,75,75,75,75,75,75,75,75,75,80,80,80,80,80,80,80,80,80,80,80,80,80,80,80,80,80,90,90,90,90,90,90,90,90,90,90,90,90,90,90,90,104,104,104,104,104],"card_choices":[{"not_picked":["Loop","Stack","Redo"],"picked":"SKIP","floor":1.0},{"not_picked":["Go for the Eyes","Turbo"],"picked":"Rip and Tear","floor":2.0},{"not_picked":["Rebound","Redo"],"picked":"Turbo","floor":4.0},{"not_picked":["Streamline","Conserve Battery"],"picked":"Rebound","floor":7.0},{"not_picked":["Barrage","Skim"],"picked":"Leap","floor":8.0},{"not_picked":["Glacier","Darkness"],"picked":"Rip and Tear","floor":10.0},{"not_picked":["Cold Snap","Stack"],"picked":"Conserve Battery","floor":11.0},{"not_picked":["Thunder Strike","All For One"],"picked":"Fission","floor":16.0},{"not_picked":["Heatsinks+1","BootSequence","Cold Snap"],"picked":"SKIP","floor":18.0},{"not_picked":["Conserve Battery","Streamline"],"picked":"Echo Form","floor":19.0},{"not_picked":["Rebound","Hologram"],"picked":"Go for the Eyes+1","floor":22.0},{"not_picked":["Conserve Battery","Gash"],"picked":"Sweeping Beam","floor":24.0},{"not_picked":["Steam+1","Self Repair+1"],"picked":"Sweeping Beam+1","floor":27},{"not_picked":["Double Energy","Chaos"],"picked":"Hyperbeam","floor":28},{"not_picked":["Gash","Loop"],"picked":"Coolheaded","floor":29},{"not_picked":["Rainbow","Core Surge","Thunder Strike"],"picked":"Hyperbeam","floor":33},{"not_picked":["Leap"],"picked":"Conserve Battery","floor":35},{"not_picked":["Rebound"],"picked":"Ball Lightning+1","floor":36},{"not_picked":["Gash+1","Chaos+1"],"picked":"SKIP","floor":41},{"not_picked":["Tempest+1"],"picked":"Go for the Eyes+1","floor":45},{"not_picked":["Deep Breath"],"picked":"Magnetism","floor":47},{"not_picked":["Mind Blast"],"picked":"Secret Weapon","floor":47},{"not_picked":["PanicButton"],"picked":"Madness","floor":47},{"not_picked":["Recycle","Chill+1"],"picked":"SKIP","floor":48}],"player_experience":1034593,"relics_obtained":[{"floor":9.0,"key":"Bag of Marbles"},{"floor":10.0,"key":"Regal Pillow"},{"floor":21.0,"key":"DataDisk"},{"floor":24.0,"key":"Smiling Mask"},{"floor":26.0,"key":"Omamori"},{"floor":27,"key":"Vajra"},{"floor":30,"key":"Question Card"},{"floor":36,"key":"Peace Pipe"},{"floor":41,"key":"The Courier"},{"floor":43,"key":"Juzu Bracelet"},{"floor":45,"key":"Dead Branch"}],"event_choices":[{"damage_healed":0.0,"max_hp_gain":0.0,"max_hp_loss":0.0,"gold_gain":0.0,"event_name":"Living Wall","player_choice":"Grow","floor":3.0,"gold_loss":0.0,"damage_taken":0.0,"cards_upgraded":["Zap"]},{"cards_removed":["Strike_B"],"damage_healed":0.0,"max_hp_gain":0.0,"max_hp_loss":0.0,"gold_gain":0.0,"event_name":"The Cleric","player_choice":"Card Removal","floor":5.0,"gold_loss":50.0,"damage_taken":0.0},{"cards_removed":["Strike_B"],"damage_healed":0.0,"max_hp_gain":0.0,"max_hp_loss":0.0,"gold_gain":0.0,"event_name":"Golden Wing","player_choice":"Card Removal","floor":13.0,"gold_loss":0.0,"damage_taken":7.0},{"damage_healed":0.0,"max_hp_gain":5.0,"max_hp_loss":0.0,"gold_gain":0.0,"event_name":"Big Fish","player_choice":"Donut","floor":14.0,"gold_loss":0.0,"damage_taken":0.0},{"damage_healed":0.0,"max_hp_gain":0.0,"max_hp_loss":0.0,"gold_gain":0.0,"event_name":"Wheel of Change","player_choice":"Relic","floor":21.0,"gold_loss":0.0,"damage_taken":0.0},{"cards_removed":["Fission"],"damage_healed":49,"gold_gain":0,"player_choice":"Offered Rare","damage_taken":0,"max_hp_gain":10,"max_hp_loss":0,"event_name":"Bonfire Elementals","floor":31,"gold_loss":0},{"damage_healed":0,"gold_gain":0,"player_choice":"Fight","damage_taken":0,"max_hp_gain":0,"max_hp_loss":0,"event_name":"Mysterious Sphere","floor":36,"gold_loss":0},{"damage_healed":23,"gold_gain":0,"player_choice":"Writhe","damage_taken":0,"max_hp_gain":0,"max_hp_loss":0,"event_name":"Winding Halls","floor":37,"gold_loss":0,"cards_obtained":["Writhe"]},{"damage_healed":0,"gold_gain":0,"player_choice":"Fight","damage_taken":0,"max_hp_gain":0,"max_hp_loss":0,"event_name":"MindBloom","floor":45,"gold_loss":0},{"damage_healed":0,"gold_gain":0,"player_choice":"Memory 3","damage_taken":10,"max_hp_gain":0,"max_hp_loss":0,"event_name":"SensoryStone","floor":47,"gold_loss":0}],"is_beta":false,"boss_relics":[{"not_picked":["Pandora\u0027s Box","Snecko Eye"],"picked":"Fusion Hammer"},{"not_picked":["Runic Pyramid","Coffee Dripper"],"picked":"Busted Crown"}],"items_purged_floors":[20,38,39],"is_endless":false,"potions_floor_spawned":[1,2,7,11,18,19,29,33,36,41],"ascension_level":0}