{"gold_per_floor":[119,294,294,294,304,304,317,317,317,317,317,351,175,189,189,189],"floor_reached":16,"playtime":945,"items_purged":["Doubt"],"score":108,"play_id":"2e8c8415-e0b2-4c61-a40f-c905f8fb8ab4","local_time":"20190124005550","is_ascension_mode":true,"campfire_choices":[{"data":"Biased Cognition","floor":6,"key":"SMITH"},{"data":"Redo","floor":8,"key":"SMITH"},{"data":"Fusion","floor":10,"key":"SMITH"},{"floor":15,"key":"REST"}],"neow_cost":"TEN_PERCENT_HP_LOSS","seed_source_timestamp":8867764843238,"circlet_count":0,"master_deck":["Strike_B","Strike_B","Defend_B+1","Defend_B+1","Defend_B","Defend_B","Zap","Dualcast","Biased Cognition+1","Gash","Redo+1","Redo+1","Fusion+1","Reinforced Body","Coolheaded","Cold Snap","Redo"],"relics":["Cracked Core","Meat on the Bone","Bag of Marbles"],"potions_floor_usage":[16,16,16,16,16,16],"damage_taken":[{"damage":4,"enemies":"Jaw Worm","floor":1,"turns":3},{"damage":0,"enemies":"Small Slimes","floor":5,"turns":3},{"damage":1,"enemies":"Cultist","floor":7,"turns":3},{"damage":15,"enemies":"Lagavulin","floor":12,"turns":5},{"damage":9,"enemies":"Exordium Wildlife","floor":14,"turns":3},{"damage":58,"enemies":"The Guardian","floor":16,"turns":14}],"seed_played":"3770152576396052132","potions_obtained":[{"floor":7,"key":"Explosive Potion"},{"floor":12,"key":"Ancient Potion"},{"floor":14,"key":"EntropicBrew"}],"is_trial":false,"path_per_floor":["M","?","?","?","M","R","M","R","T","R","?","E","$","M","R","B"],"character_chosen":"DEFECT","items_purchased":["Coolheaded","Cold Snap"],"campfire_rested":1,"item_purchase_floors":[13,13],"current_hp_per_floor":[64,64,50,50,50,50,49,49,49,49,49,46,46,37,57,0],"gold":189,"neow_bonus":"TRANSFORM_TWO_CARDS","is_prod":false,"is_daily":false,"chose_seed":false,"campfire_upgraded":3,"win_rate":0,"timestamp":1548312950,"path_taken":["M","?","?","?","M","R","?","R","T","R","?","E","$","?","R","BOSS"],"build_version":"2019-01-23","purchased_purges":1,"victory":false,"max_hp_per_floor":[68,68,68,68,68,68,68,68,68,68,68,68,68,68,68,68],"card_choices":[{"not_picked":["Hologram","Steam"],"picked":"Redo","floor":1},{"not_picked":["Leap","Steam Power"],"picked":"Redo","floor":5},{"not_picked":["Sweeping Beam","Genetic Algorithm"],"picked":"Fusion","floor":7},{"not_picked":["Hyperbeam","Chill"],"picked":"Reinforced Body","floor":12},{"not_picked":["Hologram","Sweeping Beam"],"picked":"Redo","floor":14}],"player_experience":268705,"relics_obtained":[{"floor":9,"key":"Meat on the Bone"},{"floor":12,"key":"Bag of Marbles"}],"event_choices":[{"damage_healed":0,"gold_gain":175,"player_choice":"AGREE","damage_taken":0,"max_hp_gain":0,"max_hp_loss":0,"event_name":"Liars Game","floor":2,"gold_loss":0,"cards_obtained":["Doubt"]},{"damage_healed":0,"gold_gain":0,"player_choice":"Entered Light","damage_taken":14,"max_hp_gain":0,"max_hp_loss":0,"event_name":"Shining Light","floor":3,"gold_loss":0,"cards_upgraded":["Defend_B","Defend_B"]},{"damage_healed":0,"gold_gain":0,"player_choice":"Upgraded","damage_taken":0,"max_hp_gain":0,"max_hp_loss":0,"event_name":"Upgrade Shrine","floor":4,"gold_loss":0,"cards_upgraded":["Redo"]},{"damage_healed":0,"gold_gain":0,"player_choice":"Leave","damage_taken":0,"max_hp_gain":0,"max_hp_loss":0,"event_name":"FaceTrader","floor":11,"gold_loss":0}],"is_beta":false,"boss_relics":[],"items_purged_floors":[13],"is_endless":false,"potions_floor_spawned":[7,12,14],"killed_by":"The Guardian","ascension_level":2}