{"gold_per_floor":[10,28,46,46,46,81,81,114,137,137,151,76,126,138,138,138],"floor_reached":16,"playtime":724,"items_purged":["Strike_G"],"score":204,"play_id":"25989875-61df-4a30-9498-3bd31b42f653","local_time":"20190502221637","is_ascension_mode":true,"campfire_choices":[{"floor":7.0,"key":"REST"},{"data":"Calculated Gamble","floor":10.0,"key":"SMITH"},{"floor":15,"key":"REST"}],"neow_cost":"NO_GOLD","seed_source_timestamp":1819334617782363,"circlet_count":0,"master_deck":["AscendersBane","Defend_G","Defend_G","Defend_G","Defend_G","Strike_G","Strike_G+1","Strike_G","Survivor","Neutralize","Dagger Throw+1","Footwork","Backflip","Calculated Gamble+1","Reflex","Crippling Poison","Well Laid Plans"],"special_seed":0,"relics":["Ring of the Snake","Whetstone","Bag of Preparation","Orichalcum"],"potions_floor_usage":[],"damage_taken":[{"damage":8.0,"enemies":"Cultist","floor":1.0,"turns":6.0},{"damage":1.0,"enemies":"2 Louse","floor":2.0,"turns":3.0},{"damage":12.0,"enemies":"Jaw Worm","floor":3.0,"turns":5.0},{"damage":34.0,"enemies":"3 Sentries","floor":6.0,"turns":12.0},{"damage":20.0,"enemies":"Lagavulin","floor":8.0,"turns":8.0},{"damage":0.0,"enemies":"Lots of Slimes","floor":11.0,"turns":5.0},{"damage":9,"enemies":"2 Fungi Beasts","floor":14,"turns":4},{"damage":3,"enemies":"Hexaghost","floor":16,"turns":8}],"seed_played":"-7380529394630631109","potions_obtained":[{"floor":3.0,"key":"SpeedPotion"},{"floor":6.0,"key":"Energy Potion"},{"floor":8.0,"key":"Weak Potion"},{"floor":14,"key":"SpeedPotion"}],"is_trial":false,"path_per_floor":["M","M","M","$","?","E","R","E","T","R","M","$","?","M","R","B"],"character_chosen":"THE_SILENT","items_purchased":[],"campfire_rested":2,"item_purchase_floors":[],"current_hp_per_floor":[51,50,38,38,60,26,45,25,25,25,25,25,19,10,29,26],"gold":138,"neow_bonus":"REMOVE_TWO","is_prod":false,"is_daily":false,"chose_seed":false,"campfire_upgraded":1,"win_rate":0,"timestamp":1556802997,"path_taken":["M","M","?","$","?","E","R","E","T","R","M","$","?","?","R","BOSS"],"build_version":"2019-01-23","purchased_purges":1,"victory":false,"max_hp_per_floor":[66,66,66,66,66,66,66,66,66,66,66,66,66,66,66,66],"card_choices":[{"not_picked":["Quick Slash","Underhanded Strike"],"picked":"Dagger Throw","floor":1.0},{"not_picked":["Endless Agony","Deflect"],"picked":"Footwork","floor":2.0},{"not_picked":["Choke","Deflect"],"picked":"Backflip","floor":3.0},{"not_picked":["Blur","Escape Plan"],"picked":"Calculated Gamble","floor":6.0},{"not_picked":["Choke","A Thousand Cuts"],"picked":"Reflex","floor":8.0},{"not_picked":["Distraction","PiercingWail"],"picked":"Crippling Poison","floor":11.0},{"not_picked":["Dagger Spray","Dodge and Roll"],"picked":"Well Laid Plans","floor":14}],"player_experience":737751,"relics_obtained":[{"floor":6.0,"key":"Whetstone"},{"floor":8.0,"key":"Bag of Preparation"},{"floor":9.0,"key":"Orichalcum"}],"event_choices":[{"damage_healed":22.0,"max_hp_gain":0.0,"max_hp_loss":0.0,"gold_gain":0.0,"event_name":"Big Fish","player_choice":"Banana","floor":5.0,"gold_loss":0.0,"damage_taken":0.0},{"damage_healed":0,"gold_gain":50,"player_choice":"Touch","damage_taken":6,"max_hp_gain":0,"max_hp_loss":0,"event_name":"FaceTrader","floor":13,"gold_loss":0}],"is_beta":false,"boss_relics":[],"items_purged_floors":[12],"is_endless":false,"potions_floor_spawned":[3,6,8,14],"killed_by":"Hexaghost","ascension_level":17}