{"gold_per_floor":[113,113,131,131,56,56,74,74,99,99,116,116,129,155,155,250,250,260,275,301,314,314,314],"floor_reached":23,"playtime":1432,"items_purged":["Strike_R"],"score":244,"play_id":"fd60b111-abbf-4d49-a3d7-a5bb8e02d955","local_time":"20190330005405","is_ascension_mode":true,"campfire_choices":[{"data":"Strike_R","floor":6.0,"key":"PURGE"},{"data":"Strike_R","floor":8.0,"key":"PURGE"},{"data":"Defend_R","floor":10.0,"key":"PURGE"},{"data":"Double Tap","floor":15.0,"key":"SMITH"}],"neow_cost":"TEN_PERCENT_HP_LOSS","seed_source_timestamp":0,"circlet_count":0,"master_deck":["Strike_R","Strike_R","Defend_R","Defend_R","Bash","Cleave+1","Heavy Blade","Double Tap+1","Shrug It Off","Shockwave","Shrug It Off","Evolve","Shrug It Off"],"special_seed":0,"relics":["Black Blood","Peace Pipe","FaceOfCleric","Bag of Preparation","Juzu Bracelet","Red Mask"],"potions_floor_usage":[19,21,23],"damage_taken":[{"damage":19.0,"enemies":"Jaw Worm","floor":1.0,"turns":5.0},{"damage":11.0,"enemies":"Cultist","floor":3.0,"turns":4.0},{"damage":0.0,"enemies":"Small Slimes","floor":7.0,"turns":2.0},{"damage":0.0,"enemies":"3 Louse","floor":11.0,"turns":2.0},{"damage":14.0,"enemies":"Red Slaver","floor":13.0,"turns":2.0},{"damage":48.0,"enemies":"The Guardian","floor":16.0,"turns":14.0},{"damage":26,"enemies":"Chosen","floor":18,"turns":5},{"damage":24,"enemies":"2 Thieves","floor":19,"turns":5},{"damage":10,"enemies":"Masked Bandits","floor":20,"turns":3},{"damage":7,"enemies":"Snecko","floor":21,"turns":4},{"damage":41,"enemies":"Gremlin Leader","floor":23,"turns":8}],"seed_played":"-7800379078464837243","potions_obtained":[{"floor":1.0,"key":"FearPotion"},{"floor":3.0,"key":"PowerPotion"},{"floor":7.0,"key":"Block Potion"},{"floor":19,"key":"GamblersBrew"},{"floor":20,"key":"Poison Potion"},{"floor":21,"key":"Energy Potion"}],"is_trial":false,"path_per_floor":["M","?","M","?","$","R","M","R","T","R","M","?","M","T","R","B",null,"M","M","?","M","?","E"],"character_chosen":"IRONCLAD","items_purchased":[],"campfire_rested":0,"item_purchase_floors":[],"current_hp_per_floor":[59,59,55,55,55,55,62,62,62,62,69,69,62,62,62,21,63,48,35,36,40,40,0],"gold":314,"neow_bonus":"ONE_RARE_RELIC","is_prod":false,"is_daily":false,"chose_seed":false,"campfire_upgraded":1,"win_rate":0,"timestamp":1553925245,"path_taken":["M","?","?","?","$","R","M","R","T","R","?","?","M","?","R","BOSS","M","M","?","M","?","E"],"build_version":"2019-01-23","purchased_purges":1,"victory":false,"max_hp_per_floor":[72,72,73,73,73,73,74,74,74,74,75,75,76,76,76,77,77,78,79,80,81,81,81],"card_choices":[{"not_picked":["Burning Pact","Intimidate","Sword Boomerang"],"picked":"SKIP","floor":1.0},{"not_picked":["Heavy Blade","Evolve"],"picked":"Cleave","floor":3.0},{"not_picked":["Intimidate","Anger"],"picked":"Heavy Blade","floor":7.0},{"not_picked":["Metallicize","Combust","Twin Strike"],"picked":"SKIP","floor":11.0},{"not_picked":["Clash","Intimidate"],"picked":"Shrug It Off","floor":13.0},{"not_picked":["Searing Blow","Wild Strike"],"picked":"Shockwave","floor":18},{"not_picked":["Cleave","Thunderclap"],"picked":"Shrug It Off","floor":19},{"not_picked":["Flex+1","Clothesline+1"],"picked":"Evolve","floor":20},{"not_picked":["Havoc","Thunderclap+1","Reckless Charge"],"picked":"SKIP","floor":21}],"player_experience":432946,"relics_obtained":[{"floor":9.0,"key":"Bag of Preparation"},{"floor":14.0,"key":"Juzu Bracelet"},{"floor":20,"key":"Red Mask"}],"event_choices":[{"damage_healed":0.0,"max_hp_gain":0.0,"max_hp_loss":0.0,"gold_gain":0.0,"event_name":"FaceTrader","player_choice":"Trade","floor":2.0,"gold_loss":0.0,"damage_taken":0.0,"relics_obtained":["FaceOfCleric"]},{"damage_healed":0.0,"max_hp_gain":0.0,"max_hp_loss":0.0,"gold_gain":0.0,"event_name":"Accursed Blacksmith","player_choice":"Forge","floor":4.0,"gold_loss":0.0,"damage_taken":0.0,"cards_upgraded":["Cleave"]},{"damage_healed":0.0,"max_hp_gain":0.0,"max_hp_loss":0.0,"gold_gain":0.0,"cards_transformed":["Defend_R"],"event_name":"Living Wall","player_choice":"Change","floor":12.0,"gold_loss":0.0,"damage_taken":0.0,"cards_obtained":["Double Tap"]},{"damage_healed":0,"gold_gain":0,"player_choice":"Fought Bandits","damage_taken":0,"max_hp_gain":0,"max_hp_loss":0,"event_name":"Masked Bandits","floor":20,"gold_loss":0},{"damage_healed":0,"gold_gain":0,"player_choice":"Read","damage_taken":0,"max_hp_gain":0,"max_hp_loss":0,"event_name":"The Library","floor":22,"gold_loss":0,"cards_obtained":["Shrug It Off"]}],"is_beta":false,"boss_relics":[{"not_picked":["Pandora\u0027s Box","Black Star"],"picked":"Black Blood"}],"items_purged_floors":[5],"is_endless":false,"potions_floor_spawned":[1,3,7,11,19,20,21],"killed_by":"Gremlin Leader","ascension_level":7}