{"gold_per_floor":[116,116,128,143,1,1,17,17,17,17,17],"floor_reached":11,"playtime":364,"items_purged":[],"score":120,"play_id":"f85fc82e-5215-4ffb-9920-02423ec053ff","local_time":"20190503230559","is_ascension_mode":true,"campfire_choices":[{"data":"Deadly Poison","floor":6,"key":"SMITH"},{"data":"Tactician","floor":8,"key":"SMITH"},{"data":"Catalyst","floor":10,"key":"SMITH"}],"neow_cost":"TEN_PERCENT_HP_LOSS","seed_source_timestamp":1909080960350918,"circlet_count":0,"master_deck":["AscendersBane","Defend_G","Defend_G","Defend_G","Defend_G","Defend_G","Strike_G","Strike_G","Strike_G","Strike_G","Strike_G","Survivor","Neutralize+1","Catalyst","Deadly Poison+1","Tactician+1","Catalyst+1"],"relics":["Ring of the Snake","FossilizedHelix","Question Card"],"potions_floor_usage":[11,11],"damage_taken":[{"damage":0,"enemies":"2 Louse","floor":1,"turns":2},{"damage":0,"enemies":"Cultist","floor":3,"turns":4},{"damage":0,"enemies":"Small Slimes","floor":4,"turns":4},{"damage":0,"enemies":"2 Fungi Beasts","floor":7,"turns":4},{"damage":52,"enemies":"3 Sentries","floor":11,"turns":11}],"seed_played":"1625692564383908263","potions_obtained":[{"floor":1,"key":"Explosive Potion"},{"floor":3,"key":"EssenceOfSteel"}],"is_trial":false,"path_per_floor":["M","?","M","M","$","R","M","R","T","R","E"],"character_chosen":"THE_SILENT","items_purchased":["Tactician","Block Potion"],"campfire_rested":0,"item_purchase_floors":[5,5],"current_hp_per_floor":[59,59,59,59,59,59,59,59,59,59,7],"gold":17,"neow_bonus":"ONE_RARE_RELIC","is_prod":false,"is_daily":false,"chose_seed":false,"campfire_upgraded":3,"win_rate":0,"timestamp":1556892359,"path_taken":["M","?","M","M","$","R","?","R","T","R","E"],"build_version":"2019-01-23","purchased_purges":0,"victory":false,"max_hp_per_floor":[60,60,60,60,60,60,60,60,60,60,60],"card_choices":[{"not_picked":["Bane","Outmaneuver"],"picked":"Catalyst","floor":1},{"not_picked":["Dagger Throw","Slice","Bane"],"picked":"SKIP","floor":3},{"not_picked":["Dagger Throw","Slice","Bane"],"picked":"SKIP","floor":3},{"not_picked":["Catalyst","Accuracy"],"picked":"Deadly Poison","floor":4},{"not_picked":["Tactician","Flechettes"],"picked":"Catalyst","floor":7}],"player_experience":747526,"relics_obtained":[{"floor":9,"key":"Question Card"}],"event_choices":[{"damage_healed":0,"gold_gain":0,"player_choice":"Upgraded","damage_taken":0,"max_hp_gain":0,"max_hp_loss":0,"event_name":"Upgrade Shrine","floor":2,"gold_loss":0,"cards_upgraded":["Neutralize"]}],"is_beta":false,"boss_relics":[],"items_purged_floors":[],"is_endless":false,"potions_floor_spawned":[1,3],"killed_by":"3 Sentries","ascension_level":18}