{"gold_per_floor":[115,128,128,128,53,88,88,106,133,168,179,207,207,226,226,226],"floor_reached":16,"playtime":587,"items_purged":["Strike_G"],"score":304,"play_id":"cbd92a98-f3c0-4b01-96b7-58a434cea3ff","local_time":"20190503192736","is_ascension_mode":true,"campfire_choices":[{"data":"Flechettes","floor":7,"key":"SMITH"},{"floor":13,"key":"REST"},{"floor":15,"key":"REST"}],"neow_cost":"NONE","seed_source_timestamp":34411637145774,"circlet_count":0,"master_deck":["AscendersBane","Defend_G","Defend_G","Defend_G","Defend_G","Defend_G","Strike_G","Strike_G","Strike_G","Survivor","Neutralize","Terror","Flechettes+1","Dagger Throw","Cloak And Dagger","Backflip","Leg Sweep","Deadly Poison","Deflect"],"relics":["Ring of the Snake","NeowsBlessing","PreservedInsect","Prayer Wheel","Potion Belt","Orichalcum","Odd Mushroom"],"potions_floor_usage":[10,14,16,16],"damage_taken":[{"damage":0,"enemies":"2 Louse","floor":1,"turns":1},{"damage":0,"enemies":"Jaw Worm","floor":2,"turns":1},{"damage":0,"enemies":"Lagavulin","floor":6,"turns":1},{"damage":0,"enemies":"Small Slimes","floor":8,"turns":3},{"damage":0,"enemies":"3 Sentries","floor":10,"turns":6},{"damage":3,"enemies":"Blue Slaver","floor":11,"turns":3},{"damage":27,"enemies":"The Mushroom Lair","floor":12,"turns":6},{"damage":14,"enemies":"Large Slime","floor":14,"turns":7},{"damage":22,"enemies":"Slime Boss","floor":16,"turns":8}],"seed_played":"91941054729412280","potions_obtained":[{"floor":2,"key":"Explosive Potion"},{"floor":10,"key":"Dexterity Potion"},{"floor":11,"key":"Strength Potion"},{"floor":14,"key":"Block Potion"}],"is_trial":false,"path_per_floor":["M","M","?","?","$","E","R","M","T","E","M","?","R","M","R","B"],"character_chosen":"THE_SILENT","items_purchased":[],"campfire_rested":2,"item_purchase_floors":[],"current_hp_per_floor":[59,59,59,33,33,33,33,33,33,33,30,3,22,8,27,5],"gold":226,"neow_bonus":"THREE_ENEMY_KILL","is_prod":false,"is_daily":false,"chose_seed":false,"campfire_upgraded":1,"win_rate":0,"timestamp":1556879256,"path_taken":["M","M","?","?","$","E","R","M","T","E","M","?","R","M","R","BOSS"],"build_version":"2019-01-23","purchased_purges":1,"victory":false,"max_hp_per_floor":[66,66,66,66,66,66,66,66,66,66,66,66,66,66,66,66],"card_choices":[{"not_picked":["Deflect","Distraction"],"picked":"Terror","floor":1},{"not_picked":["Quick Slash","Sucker Punch"],"picked":"Flechettes","floor":2},{"not_picked":["Doppelganger","Setup"],"picked":"Cloak And Dagger","floor":6},{"not_picked":["Terror","Endless Agony"],"picked":"Backflip","floor":8},{"not_picked":["Outmaneuver","Quick Slash","Underhanded Strike"],"picked":"SKIP","floor":8},{"not_picked":["Accuracy","Dagger Throw","Skewer"],"picked":"SKIP","floor":10},{"not_picked":["Eviscerate","Backstab"],"picked":"Leg Sweep","floor":11},{"not_picked":["Underhanded Strike","Bane","Skewer"],"picked":"SKIP","floor":11},{"not_picked":["Quick Slash","Dodge and Roll"],"picked":"Deadly Poison","floor":14},{"not_picked":["Blade Dance","Caltrops"],"picked":"Deflect","floor":14}],"player_experience":746013,"relics_obtained":[{"floor":6,"key":"Prayer Wheel"},{"floor":9,"key":"Potion Belt"},{"floor":10,"key":"Orichalcum"},{"floor":12,"key":"Odd Mushroom"}],"event_choices":[{"damage_healed":0,"gold_gain":0,"cards_transformed":["Strike_G"],"player_choice":"Change","damage_taken":0,"max_hp_gain":0,"max_hp_loss":0,"event_name":"Living Wall","floor":3,"gold_loss":0,"cards_obtained":["Dagger Throw"]},{"damage_healed":0,"gold_gain":0,"player_choice":"Success","damage_taken":26,"relics_obtained":["PreservedInsect"],"max_hp_gain":0,"max_hp_loss":0,"event_name":"Scrap Ooze","floor":4,"gold_loss":0},{"damage_healed":0,"gold_gain":0,"player_choice":"Fought Mushrooms","damage_taken":0,"max_hp_gain":0,"max_hp_loss":0,"event_name":"Mushrooms","floor":12,"gold_loss":0}],"is_beta":false,"boss_relics":[],"items_purged_floors":[5],"is_endless":false,"potions_floor_spawned":[2,10,11,14],"killed_by":"Slime Boss","ascension_level":18}