{"gold_per_floor":[118,61,76,89,102,102,116,116,116,129,142,142,155,484,484,584,584,594,450,450,202,189,189,208,208,208,220,244,256,268,380,392,501,513,535,559,571,599,611,623,651,663,675,734,777,789,816,842,854,866],"floor_reached":51,"playtime":81451,"items_purged":["Defend_R","Defend_R"],"score":831,"play_id":"70b6fb1d-e22a-48ef-b64c-c9d4c1441108","local_time":"20181230105516","is_ascension_mode":false,"campfire_choices":[{"data":"True Grit","floor":6,"key":"SMITH"},{"data":"True Grit","floor":8,"key":"SMITH"},{"data":"Battle Trance","floor":12,"key":"SMITH"},{"data":"Barricade","floor":15,"key":"SMITH"},{"data":"Flame Barrier","floor":23,"key":"SMITH"},{"data":"Shrug It Off","floor":25,"key":"SMITH"},{"data":"Pommel Strike","floor":27,"key":"SMITH"},{"data":"Body Slam","floor":32,"key":"SMITH"},{"data":"Bash","floor":40,"key":"SMITH"},{"data":"Pommel Strike","floor":42,"key":"SMITH"},{"data":"Iron Wave","floor":46,"key":"SMITH"},{"data":"Headbutt","floor":49,"key":"SMITH"}],"neow_cost":"NONE","seed_source_timestamp":120859327114220,"circlet_count":0,"master_deck":["Strike_R","Defend_R","Bash+1","True Grit+1","Pommel Strike+1","Cleave","Iron Wave+1","True Grit+1","Battle Trance+1","Barricade+1","Body Slam+1","Offering+1","Headbutt+1","Flame Barrier+1","Pommel Strike+1","Shrug It Off+1","Body Slam+1","Entrench+1","Entrench+1"],"relics":["Burning Blood","Sundial","Champion Belt","Old Coin","Astrolabe","Gremlin Horn","Anchor","MawBank","MutagenicStrength","Incense Burner","Pear","Coffee Dripper","Calipers","Bird Faced Urn","Frozen Egg 2"],"potions_floor_usage":[31,31],"damage_taken":[{"damage":3,"enemies":"Small Slimes","floor":1,"turns":3},{"damage":3,"enemies":"Cultist","floor":3,"turns":4},{"damage":5,"enemies":"Jaw Worm","floor":4,"turns":4},{"damage":14,"enemies":"2 Fungi Beasts","floor":5,"turns":4},{"damage":11,"enemies":"3 Louse","floor":7,"turns":3},{"damage":2,"enemies":"Looter","floor":10,"turns":4},{"damage":3,"enemies":"2 Fungi Beasts","floor":11,"turns":4},{"damage":6,"enemies":"Gremlin Gang","floor":13,"turns":6},{"damage":26,"enemies":"3 Sentries","floor":14,"turns":11},{"damage":29,"enemies":"Hexaghost","floor":16,"turns":17},{"damage":12,"enemies":"Spheric Guardian","floor":18,"turns":6},{"damage":18,"enemies":"2 Thieves","floor":22,"turns":4},{"damage":6,"enemies":"Centurion and Healer","floor":24,"turns":4},{"damage":0,"enemies":"Cultist and Chosen","floor":28,"turns":4},{"damage":5,"enemies":"Colosseum Slavers","floor":31,"turns":4},{"damage":63,"enemies":"Colosseum Nobs","floor":31,"turns":6},{"damage":6,"enemies":"Collector","floor":33,"turns":4},{"damage":0,"enemies":"Orb Walker","floor":35,"turns":2},{"damage":0,"enemies":"3 Shapes","floor":36,"turns":4},{"damage":0,"enemies":"Spire Growth","floor":38,"turns":3},{"damage":6,"enemies":"Transient","floor":41,"turns":4},{"damage":1,"enemies":"2 Orb Walkers","floor":44,"turns":3},{"damage":6,"enemies":"Giant Head","floor":45,"turns":2},{"damage":6,"enemies":"4 Shapes","floor":47,"turns":4},{"damage":6,"enemies":"Maw","floor":48,"turns":3},{"damage":1,"enemies":"Donu and Deca","floor":50,"turns":3}],"seed_played":"3207147540562041561","potions_obtained":[{"floor":3,"key":"BloodPotion"},{"floor":7,"key":"Energy Potion"},{"floor":11,"key":"Poison Potion"},{"floor":13,"key":"Energy Potion"},{"floor":14,"key":"Dexterity Potion"},{"floor":28,"key":"Fruit Juice"},{"floor":35,"key":"SpeedPotion"},{"floor":41,"key":"Ancient Potion"},{"floor":45,"key":"Dexterity Potion"}],"is_trial":false,"path_per_floor":["M","?","M","M","M","R","M","R","T","M","M","R","M","E","R","B",null,"M","$","T","$","M","R","M","R","T","R","M","?","?","?","R","B",null,"M","M","?","M","?","R","M","R","T","?","E","R","M","M","R","B",null],"character_chosen":"IRONCLAD","items_purchased":["Flame Barrier","Anchor"],"campfire_rested":0,"item_purchase_floors":[19,21],"current_hp_per_floor":[80,80,80,80,72,72,67,67,67,71,74,74,74,54,54,31,80,74,74,74,74,62,62,62,62,62,62,68,68,68,35,35,35,95,95,95,95,95,95,95,95,95,95,95,95,95,95,95,95,95],"gold":878,"neow_bonus":"REMOVE_CARD","is_prod":false,"is_daily":false,"chose_seed":false,"campfire_upgraded":12,"win_rate":0,"timestamp":1546188916,"path_taken":["M","?","M","M","M","R","?","R","T","?","M","R","M","E","R","BOSS","M","$","?","$","?","R","M","R","T","R","M","?","?","?","R","BOSS","M","M","?","M","?","R","?","R","T","?","E","R","M","M","R","BOSS"],"build_version":"2018-12-20","purchased_purges":2,"victory":true,"max_hp_per_floor":[80,80,80,80,80,80,80,80,80,80,80,80,80,80,80,80,80,80,80,80,80,80,80,80,80,80,80,80,80,80,95,95,95,95,95,95,95,95,95,95,95,95,95,95,95,95,95,95,95,95],"card_choices":[{"not_picked":["Body Slam","Anger"],"picked":"True Grit","floor":1},{"not_picked":["Bloodletting","Body Slam"],"picked":"Pommel Strike","floor":3},{"not_picked":["Spot Weakness","Flex"],"picked":"Cleave","floor":4},{"not_picked":["Brutality","Sword Boomerang"],"picked":"Iron Wave","floor":5},{"not_picked":["Power Through","Clash"],"picked":"True Grit","floor":7},{"not_picked":["Blood for Blood","Carnage"],"picked":"Battle Trance","floor":10},{"not_picked":["Thunderclap","Entrench","Cleave"],"picked":"SKIP","floor":11},{"not_picked":["Reaper","Clash","Hemokinesis"],"picked":"SKIP","floor":13},{"not_picked":["Cleave","Uppercut"],"picked":"Barricade","floor":14},{"not_picked":["Dropkick","Intimidate"],"picked":"Headbutt","floor":18},{"not_picked":["Fire Breathing+1","Clothesline"],"picked":"Pommel Strike","floor":22},{"not_picked":["Headbutt+1","Anger"],"picked":"Shrug It Off","floor":24},{"not_picked":["Thunderclap","Twin Strike+1","True Grit"],"picked":"SKIP","floor":28},{"not_picked":["Cleave+1","Shrug It Off+1"],"picked":"Entrench+1","floor":31},{"not_picked":["Twin Strike","Thunderclap+1","True Grit+1"],"picked":"SKIP","floor":35},{"not_picked":["True Grit","Warcry","Rampage+1"],"picked":"SKIP","floor":36},{"not_picked":["Clash+1","Power Through+1","Blood for Blood+1"],"picked":"SKIP","floor":38},{"not_picked":["Pommel Strike+1","Perfected Strike+1"],"picked":"Entrench+1","floor":41},{"not_picked":["Thunderclap+1","Second Wind","Armaments+1"],"picked":"SKIP","floor":45},{"not_picked":["Warcry","Body Slam+1","Burning Pact+1"],"picked":"SKIP","floor":47},{"not_picked":["Ghostly Armor","Blood for Blood","Pommel Strike"],"picked":"SKIP","floor":48}],"player_experience":29440,"relics_obtained":[{"floor":9,"key":"Champion Belt"},{"floor":14,"key":"Old Coin"},{"floor":20,"key":"Gremlin Horn"},{"floor":26,"key":"MawBank"},{"floor":31,"key":"Incense Burner"},{"floor":31,"key":"Pear"},{"floor":43,"key":"Calipers"},{"floor":44,"key":"Bird Faced Urn"},{"floor":45,"key":"Frozen Egg 2"}],"event_choices":[{"damage_healed":0,"gold_gain":0,"player_choice":"Paid Gold","damage_taken":0,"relics_obtained":["Sundial"],"max_hp_gain":0,"max_hp_loss":0,"event_name":"WeMeetAgain","floor":2,"gold_loss":57},{"damage_healed":0,"gold_gain":0,"player_choice":"Read","damage_taken":0,"max_hp_gain":0,"max_hp_loss":0,"event_name":"The Library","floor":29,"gold_loss":0,"cards_obtained":["Body Slam"]},{"damage_healed":0,"gold_gain":0,"player_choice":"Inject Mutagens","damage_taken":0,"relics_obtained":["MutagenicStrength"],"max_hp_gain":0,"max_hp_loss":0,"event_name":"Drug Dealer","floor":30,"gold_loss":0},{"damage_healed":0,"gold_gain":0,"player_choice":"Fight","damage_taken":0,"max_hp_gain":0,"max_hp_loss":0,"event_name":"Colosseum","floor":31,"gold_loss":0},{"damage_healed":0,"gold_gain":0,"player_choice":"Fought Nobs","damage_taken":0,"max_hp_gain":0,"max_hp_loss":0,"event_name":"Colosseum","floor":31,"gold_loss":0},{"cards_removed":["Fire Breathing"],"damage_healed":0,"gold_gain":0,"player_choice":"Removed Power","damage_taken":0,"max_hp_gain":0,"max_hp_loss":0,"event_name":"Falling","floor":37,"gold_loss":0},{"cards_removed":["Defend_R"],"damage_healed":0,"gold_gain":0,"player_choice":"Offered Basic","damage_taken":0,"max_hp_gain":0,"max_hp_loss":0,"event_name":"Bonfire Elementals","floor":39,"gold_loss":0},{"damage_healed":0,"gold_gain":0,"player_choice":"Fight","damage_taken":0,"max_hp_gain":0,"max_hp_loss":0,"event_name":"Mysterious Sphere","floor":44,"gold_loss":0}],"is_beta":false,"boss_relics":[{"not_picked":["Orrery","Runic Cube"],"picked":"Astrolabe"},{"not_picked":["Empty Cage","Snecko Eye"],"picked":"Coffee Dripper"}],"items_purged_floors":[19,21],"is_endless":false,"potions_floor_spawned":[3,7,11,13,14,24,28,31,35,41,45,47],"ascension_level":0}