{"gold_per_floor":[114,132,132,132,132,167,167,52,352,352],"floor_reached":10,"playtime":351,"items_purged":["Strike_G"],"score":129,"play_id":"72ef8676-5aa0-476f-934b-11ddbea9e698","local_time":"20190506080929","is_ascension_mode":true,"campfire_choices":[{"data":"Neutralize","floor":7,"key":"SMITH"}],"neow_cost":"NONE","seed_source_timestamp":818593005987847,"circlet_count":0,"master_deck":["Defend_G","Defend_G","Defend_G","Defend_G","Defend_G","Strike_G","Strike_G","Strike_G","Survivor","Neutralize+1","Dagger Throw","Quick Slash","Flying Knee","Caltrops"],"relics":["Ring of the Snake","NeowsBlessing","Juzu Bracelet","Boot","Old Coin"],"potions_floor_usage":[],"damage_taken":[{"damage":0,"enemies":"2 Louse","floor":1,"turns":1},{"damage":0,"enemies":"Jaw Worm","floor":2,"turns":1},{"damage":0,"enemies":"Lagavulin","floor":6,"turns":1},{"damage":44,"enemies":"3 Sentries","floor":10,"turns":8}],"seed_played":"-7417863810719818046","potions_obtained":[],"is_trial":false,"path_per_floor":["M","M","?","?","?","E","R","$","T","E"],"character_chosen":"THE_SILENT","items_purchased":["Caltrops"],"campfire_rested":0,"item_purchase_floors":[8],"current_hp_per_floor":[63,63,63,51,44,44,44,44,44,0],"gold":352,"neow_bonus":"THREE_ENEMY_KILL","is_prod":false,"is_daily":false,"chose_seed":false,"campfire_upgraded":1,"win_rate":0,"timestamp":1557148169,"path_taken":["M","M","?","?","?","E","R","$","T","E"],"build_version":"2019-01-23","purchased_purges":1,"victory":false,"max_hp_per_floor":[70,70,70,70,70,70,70,70,70,70],"card_choices":[{"not_picked":["Quick Slash","PiercingWail"],"picked":"Dagger Throw","floor":1},{"not_picked":["Bane","Catalyst"],"picked":"Quick Slash","floor":2},{"not_picked":["Bane","Dodge and Roll"],"picked":"Flying Knee","floor":6}],"player_experience":605092,"relics_obtained":[{"floor":6,"key":"Boot"},{"floor":9,"key":"Old Coin"}],"event_choices":[{"damage_healed":0,"gold_gain":0,"player_choice":"Ignored","damage_taken":0,"max_hp_gain":0,"max_hp_loss":0,"event_name":"Liars Game","floor":3,"gold_loss":0},{"damage_healed":0,"gold_gain":0,"player_choice":"Success","damage_taken":12,"relics_obtained":["Juzu Bracelet"],"max_hp_gain":0,"max_hp_loss":0,"event_name":"Scrap Ooze","floor":4,"gold_loss":0},{"cards_removed":["Strike_G"],"damage_healed":0,"gold_gain":0,"player_choice":"Card Removal","damage_taken":7,"max_hp_gain":0,"max_hp_loss":0,"event_name":"Golden Wing","floor":5,"gold_loss":0}],"is_beta":false,"boss_relics":[],"items_purged_floors":[8],"is_endless":false,"potions_floor_spawned":[],"killed_by":"3 Sentries","ascension_level":9}