{"gold_per_floor":[112,124,49,69,79,110,110,10,10,10,10,185,185,152,152,152],"floor_reached":16,"playtime":1995,"items_purged":["Strike_G","Strike_G"],"score":100,"play_id":"c4dbcff4-a4ff-4602-97b2-1d2f7d4af647","local_time":"20181230122112","is_ascension_mode":false,"campfire_choices":[{"data":"Night Terror","floor":7,"key":"SMITH"},{"data":"Footwork","floor":10,"key":"SMITH"},{"data":"Predator","floor":13,"key":"SMITH"},{"data":"Deadly Poison","floor":15,"key":"SMITH"}],"neow_cost":"NONE","seed_source_timestamp":208157951449870,"circlet_count":0,"master_deck":["Defend_G","Defend_G","Defend_G","Defend_G","Defend_G","Strike_G","Strike_G","Strike_G","Survivor","Neutralize","Footwork+1","PiercingWail","Predator+1","Night Terror+1","Deadly Poison+1","Doubt","Backflip"],"relics":["Ring of the Snake","Ancient Tea Set","Blood Vial"],"potions_floor_usage":[],"damage_taken":[{"damage":0,"enemies":"Cultist","floor":1,"turns":5},{"damage":0,"enemies":"Small Slimes","floor":2,"turns":6},{"damage":1,"enemies":"2 Louse","floor":4,"turns":3},{"damage":6,"enemies":"Gremlin Gang","floor":5,"turns":8},{"damage":53,"enemies":"Gremlin Nob","floor":6,"turns":6},{"damage":0,"enemies":"Exordium Thugs","floor":14,"turns":5},{"damage":50,"enemies":"Hexaghost","floor":16,"turns":10}],"seed_played":"8956956555987992068","potions_obtained":[{"floor":4,"key":"Weak Potion"},{"floor":14,"key":"Strength Potion"}],"is_trial":false,"path_per_floor":["M","M","$","M","M","E","R","$","T","R","?","?","R","M","R","B"],"character_chosen":"THE_SILENT","items_purchased":[],"campfire_rested":0,"item_purchase_floors":[],"current_hp_per_floor":[77,77,77,76,70,17,17,17,17,17,42,42,42,44,44,0],"gold":152,"neow_bonus":"TEN_PERCENT_HP_BONUS","is_prod":false,"is_daily":false,"chose_seed":false,"campfire_upgraded":4,"win_rate":0.0,"timestamp":1546194072,"path_taken":["M","M","$","?","M","E","R","$","T","R","?","?","R","M","R","BOSS"],"build_version":"2018-12-20","purchased_purges":2,"victory":false,"max_hp_per_floor":[77,77,77,77,77,77,77,77,77,77,77,77,77,77,77,77],"card_choices":[{"not_picked":["Dagger Spray","Poisoned Stab"],"picked":"Footwork","floor":1},{"not_picked":["Terror","Choke"],"picked":"PiercingWail","floor":2},{"not_picked":["Eviscerate","Choke"],"picked":"Predator","floor":4},{"not_picked":["Deflect","Deadly Poison"],"picked":"Night Terror","floor":5},{"not_picked":["Outmaneuver","Prepared"],"picked":"Deadly Poison","floor":6},{"not_picked":["Deflect","Prepared"],"picked":"Backflip","floor":14}],"player_experience":110891,"relics_obtained":[{"floor":6,"key":"Ancient Tea Set"},{"floor":9,"key":"Blood Vial"}],"event_choices":[{"damage_healed":25,"gold_gain":0,"player_choice":"Banana","damage_taken":0,"max_hp_gain":0,"max_hp_loss":0,"event_name":"Big Fish","floor":11,"gold_loss":0},{"damage_healed":0,"gold_gain":175,"player_choice":"AGREE","damage_taken":0,"max_hp_gain":0,"max_hp_loss":0,"event_name":"Liars Game","floor":12,"gold_loss":0,"cards_obtained":["Doubt"]}],"is_beta":false,"boss_relics":[],"items_purged_floors":[3,8],"is_endless":false,"potions_floor_spawned":[4,14],"killed_by":"Hexaghost","ascension_level":0}