{"gold_per_floor":[116,116,82,82,11,11,42,42,42,42,77,77,152,162,162,260,260,276,276,294,306,306,306,317,317,317,317,28,28,39,53,53,158,158,178,178,194,205,305,305,330,330,383,417,436,436,465,60,60,60],"floor_reached":50,"playtime":9757,"items_purged":[],"score":554,"play_id":"733d2d9c-3c28-450f-a9a7-8e0c363bab54","local_time":"20190428021611","is_ascension_mode":false,"campfire_choices":[{"data":"Dagger Throw","floor":6,"key":"SMITH"},{"floor":8,"key":"REST"},{"data":"Backflip","floor":10,"key":"SMITH"},{"floor":12,"key":"REST"},{"floor":15,"key":"REST"},{"floor":23,"key":"REST"},{"floor":25,"key":"REST"},{"floor":27,"key":"REST"},{"floor":32,"key":"REST"},{"floor":40,"key":"REST"},{"floor":42,"key":"REST"},{"floor":46,"key":"REST"},{"floor":49,"key":"REST"}],"neow_cost":"NONE","seed_source_timestamp":105935439911090,"circlet_count":0,"master_deck":["Defend_G","Defend_G","Defend_G","Defend_G","Strike_G","Strike_G","Strike_G","Strike_G","Strike_G","Survivor+1","Neutralize","Quick Slash","Skewer+1","Noxious Fumes+1","Backflip+1","Dagger Throw+1","Bullet Time","After Image","Dagger Spray","Wraith Form v2","Infinite Blades","Blur","Flying Knee","Unload","Underhanded Strike","Choke","Pain","Deadly Poison","Crippling Poison","Riddle With Holes+1","Infinite Blades","RitualDagger","Outmaneuver","Noxious Fumes+1","Die Die Die","Endless Agony","Distraction+1","Slice+1","PiercingWail","Adrenaline","Eviscerate","Poisoned Stab+1","Dodge and Roll","Finesse"],"relics":["Ring of the Snake","Unceasing Top","Gremlin Horn","Mummified Hand","Orrery","WarpedTongs","MutagenicStrength","Paper Crane","Question Card","HoveringKite","FossilizedHelix","PreservedInsect","Boot","Bag of Marbles","MawBank","Anchor","Strawberry"],"potions_floor_usage":[33,50,50,50],"damage_taken":[{"damage":0,"enemies":"2 Louse","floor":1,"turns":2},{"damage":30,"enemies":"Gremlin Nob","floor":7,"turns":5},{"damage":22,"enemies":"Lagavulin","floor":11,"turns":7},{"damage":9,"enemies":"Jaw Worm","floor":14,"turns":3},{"damage":23,"enemies":"Slime Boss","floor":16,"turns":10},{"damage":14,"enemies":"3 Byrds","floor":18,"turns":4},{"damage":11,"enemies":"Spheric Guardian","floor":20,"turns":4},{"damage":37,"enemies":"Cultist and Chosen","floor":21,"turns":5},{"damage":21,"enemies":"Snake Plant","floor":24,"turns":4},{"damage":0,"enemies":"Centurion and Healer","floor":30,"turns":4},{"damage":3,"enemies":"Snecko","floor":31,"turns":4},{"damage":7,"enemies":"Automaton","floor":33,"turns":8},{"damage":17,"enemies":"3 Shapes","floor":35,"turns":3},{"damage":17,"enemies":"3 Darklings","floor":37,"turns":3},{"damage":0,"enemies":"Jaw Worm Horde","floor":38,"turns":3},{"damage":27,"enemies":"Mind Bloom Boss Battle","floor":39,"turns":6},{"damage":21,"enemies":"Giant Head","floor":44,"turns":7},{"damage":0,"enemies":"Transient","floor":45,"turns":5},{"damage":0,"enemies":"Nemesis","floor":47,"turns":5},{"damage":79,"enemies":"Awakened One","floor":50,"turns":11}],"seed_played":"-580240951818146680","potions_obtained":[{"floor":1,"key":"Strength Potion"},{"floor":7,"key":"GhostInAJar"},{"floor":20,"key":"GhostInAJar"},{"floor":35,"key":"AttackPotion"},{"floor":47,"key":"Energy Potion"}],"is_trial":false,"path_per_floor":["M","?","$","?","$","R","E","R","T","R","E","R","?","M","R","B",null,"M","?","M","M","?","R","M","R","T","R","$","?","M","M","R","B",null,"M","?","M","M","?","R","T","R","T","E","M","R","E","$","R","B"],"character_chosen":"THE_SILENT","items_purchased":["Noxious Fumes","Backflip","Dagger Throw","Infinite Blades","Question Card","Anchor","Dodge and Roll","Finesse","Strawberry"],"campfire_rested":11,"item_purchase_floors":[3,5,5,28,28,48,48,48,48],"current_hp_per_floor":[70,70,70,56,56,56,26,47,47,47,25,46,35,26,47,24,70,56,56,45,8,8,29,8,29,29,50,50,44,44,41,62,55,70,53,46,29,29,2,23,23,44,44,23,23,44,44,51,74,0],"gold":60,"neow_bonus":"TRANSFORM_CARD","is_prod":false,"is_daily":false,"chose_seed":false,"campfire_upgraded":2,"win_rate":0.0,"timestamp":1556442971,"path_taken":["M","?","$","?","$","R","E","R","T","R","E","R","?","M","R","BOSS","M","?","?","M","?","R","M","R","T","R","$","?","M","M","R","BOSS","M","?","M","?","?","R","?","R","T","E","M","R","E","$","R","BOSS"],"build_version":"2019-01-23","purchased_purges":0,"victory":false,"max_hp_per_floor":[70,70,70,70,70,70,70,70,70,70,70,70,70,70,70,70,70,70,70,70,70,70,70,70,70,70,70,70,70,70,70,70,70,70,70,70,70,70,70,70,70,70,70,70,70,70,70,77,77,77],"card_choices":[{"not_picked":["Footwork","Sucker Punch"],"picked":"Skewer","floor":1},{"not_picked":["Dagger Spray","Outmaneuver"],"picked":"Bullet Time","floor":7},{"not_picked":["Prepared","Slice"],"picked":"After Image","floor":11},{"not_picked":["Finisher","Poisoned Stab"],"picked":"Dagger Spray","floor":14},{"not_picked":["Bullet Time","Venomology"],"picked":"Wraith Form v2","floor":16},{"not_picked":["Reflex","Underhanded Strike"],"picked":"Infinite Blades","floor":17},{"not_picked":["Dagger Spray","Deadly Poison"],"picked":"Blur","floor":17},{"not_picked":["Dodge and Roll","Deadly Poison"],"picked":"Flying Knee","floor":17},{"not_picked":["Bouncing Flask","Dagger Throw"],"picked":"Unload","floor":17},{"not_picked":["Masterful Stab","Deflect"],"picked":"Underhanded Strike","floor":17},{"not_picked":["Noxious Fumes","Expertise"],"picked":"Choke","floor":18},{"not_picked":["Quick Slash","Blur"],"picked":"Deadly Poison","floor":20},{"not_picked":["Blade Dance+1","Dodge and Roll"],"picked":"Crippling Poison","floor":21},{"not_picked":["Blade Dance","Outmaneuver"],"picked":"Riddle With Holes+1","floor":24},{"not_picked":["Deadly Poison","Heel Hook","Riddle With Holes"],"picked":"Outmaneuver","floor":30},{"not_picked":["Acrobatics","Expertise+1","Quick Slash+1"],"picked":"Noxious Fumes+1","floor":31},{"not_picked":["Venomology","After Image","Bullet Time"],"picked":"Die Die Die","floor":33},{"not_picked":["Backflip","Slice+1","Blade Dance"],"picked":"Endless Agony","floor":35},{"not_picked":["Slice+1","Flying Knee","Leg Sweep+1"],"picked":"Distraction+1","floor":37},{"not_picked":["Noxious Fumes+1","Skewer","Deflect"],"picked":"Slice+1","floor":38},{"not_picked":["Flying Knee+1","Dagger Throw","Acrobatics"],"picked":"PiercingWail","floor":39},{"not_picked":["Crippling Poison","Dodge and Roll","Poisoned Stab+1"],"picked":"Adrenaline","floor":44},{"not_picked":["Underhanded Strike","Bouncing Flask+1","Prepared"],"picked":"Eviscerate","floor":45},{"not_picked":["Deflect+1","Flying Knee","Slice"],"picked":"Poisoned Stab+1","floor":47}],"player_experience":14767,"relics_obtained":[{"floor":7,"key":"Unceasing Top"},{"floor":9,"key":"Gremlin Horn"},{"floor":11,"key":"Mummified Hand"},{"floor":26,"key":"Paper Crane"},{"floor":39,"key":"FossilizedHelix"},{"floor":41,"key":"PreservedInsect"},{"floor":43,"key":"Boot"},{"floor":44,"key":"Bag of Marbles"},{"floor":47,"key":"MawBank"}],"event_choices":[{"damage_healed":0,"gold_gain":0,"player_choice":"Grow","damage_taken":0,"max_hp_gain":0,"max_hp_loss":0,"event_name":"Living Wall","floor":2,"gold_loss":0,"cards_upgraded":["Skewer"]},{"damage_healed":0,"gold_gain":0,"player_choice":"Entered Light","damage_taken":14,"max_hp_gain":0,"max_hp_loss":0,"event_name":"Shining Light","floor":4,"gold_loss":0,"cards_upgraded":["Survivor","Noxious Fumes"]},{"damage_healed":0,"gold_gain":75,"player_choice":"Gather Gold","damage_taken":11,"max_hp_gain":0,"max_hp_loss":0,"event_name":"World of Goop","floor":13,"gold_loss":0},{"damage_healed":0,"gold_gain":0,"player_choice":"Rummage","damage_taken":0,"relics_obtained":["WarpedTongs"],"max_hp_gain":0,"max_hp_loss":0,"event_name":"Accursed Blacksmith","floor":19,"gold_loss":0,"cards_obtained":["Pain"]},{"damage_healed":0,"gold_gain":0,"player_choice":"Inject Mutagens","damage_taken":0,"relics_obtained":["MutagenicStrength"],"max_hp_gain":0,"max_hp_loss":0,"event_name":"Drug Dealer","floor":22,"gold_loss":0},{"damage_healed":0,"gold_gain":0,"player_choice":"Joined the Cult","damage_taken":6,"max_hp_gain":0,"max_hp_loss":0,"event_name":"Nest","floor":29,"gold_loss":0,"cards_obtained":["RitualDagger"]},{"damage_healed":0,"gold_gain":0,"player_choice":"Damaged","damage_taken":7,"max_hp_gain":0,"max_hp_loss":0,"event_name":"Wheel of Change","floor":36,"gold_loss":0},{"damage_healed":0,"gold_gain":0,"player_choice":"Fight","damage_taken":0,"max_hp_gain":0,"max_hp_loss":0,"event_name":"MindBloom","floor":39,"gold_loss":0}],"is_beta":false,"boss_relics":[{"not_picked":["WristBlade","Cursed Key"],"picked":"Orrery"},{"not_picked":["Snecko Eye","Black Star"],"picked":"HoveringKite"}],"items_purged_floors":[],"is_endless":false,"potions_floor_spawned":[1,7,20,24,35,37,45,47],"killed_by":"Awakened One","ascension_level":0}