{"gold_per_floor":[113,113,113,12,29,29,54,54,54,72,72,103,103,115,115,217,217,227,227,247,4,4,4,30,30,30,30,30,30,60,71,71,71],"floor_reached":33,"playtime":1919,"items_purged":["Strike_R"],"score":449,"play_id":"302241e6-ea3b-47eb-9189-1354e6178f41","local_time":"20190424235133","is_ascension_mode":true,"campfire_choices":[{"data":"Bash","floor":6,"key":"SMITH"},{"data":"Shrug It Off","floor":8,"key":"SMITH"},{"data":"1","floor":11,"key":"LIFT"},{"data":"2","floor":15,"key":"LIFT"},{"floor":23,"key":"REST"},{"floor":29,"key":"REST"},{"floor":32,"key":"REST"}],"neow_cost":"NONE","seed_source_timestamp":348891238460287,"circlet_count":0,"master_deck":["Strike_R","Strike_R+1","Strike_R","Strike_R+1","Defend_R","Defend_R","Defend_R","Defend_R","Bash+1","Shrug It Off+1","Shrug It Off","Shrug It Off","Shrug It Off","Clothesline","Inflame","Feel No Pain","Limit Break","Pommel Strike","Decay","Body Slam+1","Uppercut","Jack Of All Trades","Armaments","Bash","True Grit","Body Slam+1"],"relics":["Burning Blood","NeowsBlessing","Kunai","Boot","Girya","Lantern","Philosopher\u0027s Stone","Question Card","Champion Belt","Self Forming Clay","Dream Catcher"],"potions_floor_usage":[16,20,30,33],"damage_taken":[{"damage":0,"enemies":"Small Slimes","floor":1,"turns":1},{"damage":0,"enemies":"2 Louse","floor":5,"turns":1},{"damage":0,"enemies":"Gremlin Nob","floor":7,"turns":1},{"damage":0,"enemies":"Cultist","floor":10,"turns":4},{"damage":28,"enemies":"3 Sentries","floor":12,"turns":10},{"damage":3,"enemies":"Looter","floor":14,"turns":3},{"damage":49,"enemies":"Slime Boss","floor":16,"turns":14},{"damage":18,"enemies":"Spheric Guardian","floor":18,"turns":5},{"damage":55,"enemies":"3 Byrds","floor":20,"turns":9},{"damage":14,"enemies":"Gremlin Leader","floor":24,"turns":8},{"damage":39,"enemies":"Slavers","floor":30,"turns":6},{"damage":5,"enemies":"Snecko","floor":31,"turns":5},{"damage":53,"enemies":"Collector","floor":33,"turns":7}],"seed_played":"-5342449461465285552","potions_obtained":[{"floor":5,"key":"BloodPotion"},{"floor":10,"key":"Regen Potion"},{"floor":16,"key":"Ancient Potion"},{"floor":24,"key":"Fire Potion"},{"floor":30,"key":"SpeedPotion"}],"is_trial":false,"path_per_floor":["M","?","?","$","M","R","E","R","T","M","R","E","?","M","R","B",null,"M","?","M","$","?","R","E","?","T","$","?","R","E","M","R","B"],"character_chosen":"IRONCLAD","items_purchased":["Shrug It Off","Question Card"],"campfire_rested":3,"item_purchase_floors":[4,21],"current_hp_per_floor":[78,62,50,50,56,56,62,62,62,68,68,46,72,75,75,47,72,60,60,19,19,19,43,35,35,35,35,35,59,26,27,51,0],"gold":71,"neow_bonus":"THREE_ENEMY_KILL","is_prod":false,"is_daily":false,"chose_seed":false,"campfire_upgraded":2,"win_rate":0,"timestamp":1556167893,"path_taken":["M","?","?","$","M","R","E","R","T","M","R","E","?","M","R","BOSS","M","?","M","$","?","R","E","?","T","$","?","R","E","?","R","BOSS"],"build_version":"2019-01-23","purchased_purges":1,"victory":false,"max_hp_per_floor":[80,80,80,80,80,80,80,80,80,80,80,80,80,80,80,80,80,80,80,80,80,80,80,80,80,80,80,80,80,80,80,80,80],"card_choices":[{"not_picked":["True Grit","Intimidate"],"picked":"Shrug It Off","floor":1},{"not_picked":["Havoc","Clash"],"picked":"Shrug It Off","floor":5},{"not_picked":["Iron Wave","Thunderclap"],"picked":"Shrug It Off","floor":7},{"not_picked":["Cleave","Warcry"],"picked":"Clothesline","floor":10},{"not_picked":["True Grit","Headbutt"],"picked":"Inflame","floor":12},{"not_picked":["Havoc","Corruption"],"picked":"Feel No Pain","floor":14},{"not_picked":["Offering","Dark Embrace"],"picked":"Limit Break","floor":16},{"not_picked":["Havoc","Twin Strike"],"picked":"Pommel Strike","floor":18},{"not_picked":["Pummel","Dropkick+1"],"picked":"Body Slam+1","floor":20},{"not_picked":["Reckless Charge","Flex","Pummel"],"picked":"Uppercut","floor":24},{"not_picked":["Bludgeon","Clothesline","Body Slam","Iron Wave"],"picked":"SKIP","floor":30},{"not_picked":["Perfected Strike","Intimidate","Flame Barrier"],"picked":"True Grit","floor":31},{"not_picked":["Armaments+1","Shockwave","Clash+1"],"picked":"Body Slam+1","floor":32}],"player_experience":459807,"relics_obtained":[{"floor":7,"key":"Boot"},{"floor":9,"key":"Girya"},{"floor":12,"key":"Lantern"},{"floor":24,"key":"Champion Belt"},{"floor":26,"key":"Self Forming Clay"},{"floor":30,"key":"Dream Catcher"}],"event_choices":[{"damage_healed":0,"gold_gain":0,"player_choice":"Entered Light","damage_taken":16,"max_hp_gain":0,"max_hp_loss":0,"event_name":"Shining Light","floor":2,"gold_loss":0,"cards_upgraded":["Strike_R","Strike_R"]},{"damage_healed":0,"gold_gain":0,"player_choice":"Success","damage_taken":12,"relics_obtained":["Kunai"],"max_hp_gain":0,"max_hp_loss":0,"event_name":"Scrap Ooze","floor":3,"gold_loss":0},{"damage_healed":26,"gold_gain":0,"player_choice":"Banana","damage_taken":0,"max_hp_gain":0,"max_hp_loss":0,"event_name":"Big Fish","floor":13,"gold_loss":0},{"damage_healed":0,"gold_gain":0,"player_choice":"Smashed Altar","damage_taken":0,"max_hp_gain":0,"max_hp_loss":0,"event_name":"Forgotten Altar","floor":19,"gold_loss":0,"cards_obtained":["Decay"]},{"damage_healed":0,"gold_gain":0,"player_choice":"Ignored","damage_taken":0,"max_hp_gain":0,"max_hp_loss":0,"event_name":"Vampires","floor":22,"gold_loss":0},{"damage_healed":0,"gold_gain":0,"player_choice":"Ignored","damage_taken":0,"max_hp_gain":0,"max_hp_loss":0,"event_name":"Beggar","floor":25,"gold_loss":0},{"damage_healed":0,"gold_gain":0,"player_choice":"3 cards matched","damage_taken":0,"max_hp_gain":0,"max_hp_loss":0,"event_name":"Match and Keep!","floor":28,"gold_loss":0,"cards_obtained":["Jack Of All Trades","Armaments","Bash"]}],"is_beta":false,"boss_relics":[{"not_picked":["White Beast Statue","Astrolabe"],"picked":"Philosopher\u0027s Stone"}],"items_purged_floors":[4],"is_endless":false,"potions_floor_spawned":[5,10,16,24,30],"killed_by":"Collector","ascension_level":7}