{"gold_per_floor":[115,115,135,11,11,11,40,59,59,74,99,99,111,129,129,232,232,249,249,216,216],"floor_reached":21,"playtime":1370,"items_purged":[],"score":248,"play_id":"745b657c-f199-40eb-a308-1db6f02c53fa","local_time":"20190504004955","is_ascension_mode":true,"campfire_choices":[{"data":"Coolheaded","floor":6,"key":"SMITH"},{"data":"Chaos","floor":12,"key":"SMITH"},{"floor":15,"key":"REST"}],"neow_cost":"NONE","seed_source_timestamp":618439924544668,"circlet_count":0,"master_deck":["Strike_B","Strike_B","Defend_B","Defend_B","Defend_B","Defend_B","Zap","Dualcast","Cold Snap","Go for the Eyes","Coolheaded+1","Chaos+1","Cold Snap","Gash","Loop","White Noise","Consume","Barrage","Creative AI","Redo"],"relics":["NeowsBlessing","Letter Opener","Bottled Flame","Orichalcum","Sozu","Nloth\u0027s Gift"],"potions_floor_usage":[14,18],"damage_taken":[{"damage":0,"enemies":"2 Louse","floor":1,"turns":1},{"damage":0,"enemies":"Jaw Worm","floor":3,"turns":1},{"damage":0,"enemies":"Lagavulin","floor":7,"turns":1},{"damage":0,"enemies":"Cultist","floor":8,"turns":3},{"damage":23,"enemies":"Gremlin Gang","floor":10,"turns":5},{"damage":11,"enemies":"Gremlin Nob","floor":11,"turns":4},{"damage":4,"enemies":"Blue Slaver","floor":13,"turns":3},{"damage":3,"enemies":"3 Louse","floor":14,"turns":3},{"damage":24,"enemies":"The Guardian","floor":16,"turns":11},{"damage":18,"enemies":"Spheric Guardian","floor":18,"turns":6},{"damage":33,"enemies":"2 Thieves","floor":20,"turns":5},{"damage":33,"enemies":"3 Cultists","floor":21,"turns":4}],"seed_played":"-1194934092166986461","potions_obtained":[{"floor":1,"key":"Poison Potion"},{"floor":8,"key":"Ancient Potion"},{"floor":13,"key":"Block Potion"},{"floor":14,"key":"Block Potion"}],"is_trial":false,"path_per_floor":["M","?","M","$","?","R","E","M","T","M","E","R","M","M","R","B",null,"M","?","M","M"],"character_chosen":"DEFECT","items_purchased":["Chaos","Cold Snap"],"campfire_rested":1,"item_purchase_floors":[4,4],"current_hp_per_floor":[75,75,75,75,68,68,68,68,68,45,34,34,30,27,49,25,75,57,57,24,0],"gold":216,"neow_bonus":"THREE_ENEMY_KILL","is_prod":false,"is_daily":false,"chose_seed":false,"campfire_upgraded":2,"win_rate":0,"timestamp":1556948995,"path_taken":["M","?","M","$","?","R","E","M","T","M","E","R","M","M","R","BOSS","M","?","?","M"],"build_version":"2019-01-23","purchased_purges":0,"victory":false,"max_hp_per_floor":[75,75,75,75,75,75,75,75,75,75,75,75,75,75,75,75,75,75,75,75,75],"card_choices":[{"not_picked":["Melter","Redo"],"picked":"Cold Snap","floor":1},{"not_picked":["Rebound","Static Discharge"],"picked":"Coolheaded","floor":3},{"not_picked":["Turbo","Self Repair"],"picked":"Gash","floor":7},{"not_picked":["Stack","Rebound","Cold Snap"],"picked":"SKIP","floor":8},{"not_picked":["Aggregate","Compile Driver"],"picked":"Loop","floor":10},{"not_picked":["Sunder","Compile Driver"],"picked":"White Noise","floor":11},{"not_picked":["Static Discharge","Double Energy"],"picked":"Consume","floor":13},{"not_picked":["Blizzard","Undo"],"picked":"Barrage","floor":14},{"not_picked":["Reboot","Amplify"],"picked":"Creative AI","floor":16},{"not_picked":["Auto Shields","Tempest","BootSequence"],"picked":"SKIP","floor":18},{"not_picked":["Scrape","Sweeping Beam"],"picked":"Redo","floor":20}],"player_experience":568508,"relics_obtained":[{"floor":7,"key":"Letter Opener"},{"floor":9,"key":"Bottled Flame"},{"floor":11,"key":"Orichalcum"}],"event_choices":[{"damage_healed":0,"gold_gain":0,"cards_transformed":["Strike_B"],"player_choice":"Change","damage_taken":0,"max_hp_gain":0,"max_hp_loss":0,"event_name":"Living Wall","floor":2,"gold_loss":0,"cards_obtained":["Go for the Eyes"]},{"cards_removed":["Strike_B"],"damage_healed":0,"gold_gain":0,"player_choice":"Card Removal","damage_taken":7,"max_hp_gain":0,"max_hp_loss":0,"event_name":"Golden Wing","floor":5,"gold_loss":0},{"damage_healed":0,"gold_gain":0,"player_choice":"Traded Relic","damage_taken":0,"relics_obtained":["Nloth\u0027s Gift"],"max_hp_gain":0,"max_hp_loss":0,"event_name":"N\u0027loth","floor":19,"relics_lost":["Cracked Core"],"gold_loss":0}],"is_beta":false,"boss_relics":[{"not_picked":["Coffee Dripper","Fusion Hammer"],"picked":"Sozu"}],"items_purged_floors":[],"is_endless":false,"potions_floor_spawned":[1,8,13,14,18],"killed_by":"3 Cultists","ascension_level":3}