{"gold_per_floor":[117,129,146,146,146,160,160,173,173,123,123,123,150,170,170,275,275,295,395,407,407,407],"floor_reached":22,"playtime":1309,"items_purged":[],"score":211,"play_id":"4f978db5-c7bf-45b6-9ad2-5236e96440a9","local_time":"20190425142428","is_ascension_mode":false,"campfire_choices":[{"data":"Fire Breathing","floor":7,"key":"SMITH"},{"floor":15,"key":"REST"}],"neow_cost":"TEN_PERCENT_HP_LOSS","seed_source_timestamp":13799357726700,"circlet_count":0,"master_deck":["Bash","Cleave","Thunderclap","Iron Wave+1","Fire Breathing+1","Fire Breathing","Searing Blow","Brutality","Anger+1","Bite+1","Bite+1","Bite+1","Bite+1","Bite+1"],"relics":["Burning Blood","Bronze Scales","Regal Pillow","Matryoshka","Philosopher\u0027s Stone","Shovel","Molten Egg 2"],"potions_floor_usage":[16,16,19,19,19],"damage_taken":[{"damage":6,"enemies":"Cultist","floor":1,"turns":3},{"damage":0,"enemies":"2 Louse","floor":2,"turns":2},{"damage":0,"enemies":"Small Slimes","floor":3,"turns":3},{"damage":0,"enemies":"Gremlin Gang","floor":6,"turns":3},{"damage":15,"enemies":"Looter","floor":8,"turns":3},{"damage":29,"enemies":"Lagavulin","floor":13,"turns":5},{"damage":0,"enemies":"2 Fungi Beasts","floor":14,"turns":2},{"damage":28,"enemies":"Slime Boss","floor":16,"turns":6},{"damage":29,"enemies":"Spheric Guardian","floor":18,"turns":4},{"damage":21,"enemies":"Colosseum Slavers","floor":19,"turns":2},{"damage":14,"enemies":"Colosseum Nobs","floor":19,"turns":4},{"damage":16,"enemies":"2 Thieves","floor":20,"turns":2},{"damage":40,"enemies":"Snake Plant","floor":22,"turns":2}],"seed_played":"3792250691332128812","potions_obtained":[{"floor":1,"key":"Ancient Potion"},{"floor":13,"key":"AttackPotion"},{"floor":14,"key":"Weak Potion"},{"floor":16,"key":"Energy Potion"},{"floor":18,"key":"BloodPotion"}],"is_trial":false,"path_per_floor":["M","M","M","?","?","M","R","M","T","?","?","?","E","M","R","B",null,"M","?","M","?","M"],"character_chosen":"IRONCLAD","items_purchased":[],"campfire_rested":1,"item_purchase_floors":[],"current_hp_per_floor":[72,72,72,65,65,71,71,62,62,62,50,36,13,19,55,33,72,49,33,23,23,0],"gold":407,"neow_bonus":"REMOVE_TWO","is_prod":false,"is_daily":false,"chose_seed":false,"campfire_upgraded":1,"win_rate":0.0,"timestamp":1556159068,"path_taken":["M","M","?","?","?","?","R","M","T","?","?","?","E","M","R","BOSS","M","?","M","?","M"],"build_version":"2019-01-23","purchased_purges":0,"victory":false,"max_hp_per_floor":[72,72,72,72,72,72,72,72,72,72,72,72,72,72,72,72,72,72,72,72,50,50],"card_choices":[{"not_picked":["Intimidate","Seeing Red"],"picked":"Cleave","floor":1},{"not_picked":["Body Slam","Rampage","Clothesline"],"picked":"SKIP","floor":2},{"not_picked":["Power Through","Headbutt"],"picked":"Thunderclap","floor":3},{"not_picked":["Entrench","Power Through"],"picked":"Fire Breathing","floor":6},{"not_picked":["Ghostly Armor","Armaments","Perfected Strike"],"picked":"SKIP","floor":8},{"not_picked":["Headbutt","Heavy Blade"],"picked":"Fire Breathing","floor":13},{"not_picked":["Blood for Blood","Hemokinesis"],"picked":"Searing Blow","floor":14},{"not_picked":["Juggernaut","Bludgeon"],"picked":"Brutality","floor":16},{"not_picked":["Pummel+1","Burning Pact","Searing Blow"],"picked":"SKIP","floor":18},{"not_picked":["Armaments","Shrug It Off"],"picked":"Anger","floor":19},{"not_picked":["Thunderclap+1","Clothesline+1","Body Slam+1"],"picked":"SKIP","floor":20}],"player_experience":29068,"relics_obtained":[{"floor":9,"key":"Bronze Scales"},{"floor":13,"key":"Matryoshka"},{"floor":19,"key":"Shovel"},{"floor":19,"key":"Molten Egg 2"}],"event_choices":[{"cards_removed":["Defend_R"],"damage_healed":0,"gold_gain":0,"player_choice":"Card Removal","damage_taken":7,"max_hp_gain":0,"max_hp_loss":0,"event_name":"Golden Wing","floor":4,"gold_loss":0},{"cards_removed":["Defend_R"],"damage_healed":0,"gold_gain":0,"player_choice":"Took Card","damage_taken":0,"max_hp_gain":0,"max_hp_loss":0,"event_name":"NoteForYourself","floor":5,"gold_loss":0,"cards_obtained":["Iron Wave"]},{"cards_removed":["Strike_R"],"damage_healed":0,"gold_gain":0,"player_choice":"Card Removal","damage_taken":0,"max_hp_gain":0,"max_hp_loss":0,"event_name":"The Cleric","floor":10,"gold_loss":50},{"damage_healed":0,"gold_gain":0,"player_choice":"Success","damage_taken":12,"relics_obtained":["Regal Pillow"],"max_hp_gain":0,"max_hp_loss":0,"event_name":"Scrap Ooze","floor":11,"gold_loss":0},{"damage_healed":0,"gold_gain":0,"player_choice":"Entered Light","damage_taken":14,"max_hp_gain":0,"max_hp_loss":0,"event_name":"Shining Light","floor":12,"gold_loss":0,"cards_upgraded":["Iron Wave","Strike_R"]},{"damage_healed":0,"gold_gain":0,"player_choice":"Fight","damage_taken":0,"max_hp_gain":0,"max_hp_loss":0,"event_name":"Colosseum","floor":19,"gold_loss":0},{"damage_healed":0,"gold_gain":0,"player_choice":"Fought Nobs","damage_taken":0,"max_hp_gain":0,"max_hp_loss":0,"event_name":"Colosseum","floor":19,"gold_loss":0},{"damage_healed":0,"gold_gain":0,"player_choice":"Became a vampire","damage_taken":0,"max_hp_gain":0,"max_hp_loss":22,"event_name":"Vampires","floor":21,"gold_loss":0,"cards_obtained":["Bite","Bite","Bite","Bite","Bite"]}],"is_beta":false,"boss_relics":[{"not_picked":["Runic Cube","Calling Bell"],"picked":"Philosopher\u0027s Stone"}],"items_purged_floors":[],"is_endless":false,"potions_floor_spawned":[1,13,14,16,18,19],"killed_by":"Snake Plant","ascension_level":0}