{"gold_per_floor":[110,35,46,60,135,135,161,161,161,188,188,88,88],"floor_reached":13,"playtime":1732,"items_purged":["Strike_G","Strike_G"],"score":91,"play_id":"ae16d508-2c4e-4706-a24c-e1b3f9968b8d","local_time":"20190507202122","is_ascension_mode":false,"campfire_choices":[{"data":"Phantasmal Killer","floor":6,"key":"SMITH"},{"floor":8,"key":"REST"}],"neow_cost":"NONE","seed_source_timestamp":453619178329600,"circlet_count":0,"master_deck":["Defend_G","Defend_G","Defend_G","Defend_G","Defend_G","Strike_G","Strike_G","Strike_G","Survivor","Neutralize","Phantasmal Killer+1","Flying Knee","Flying Knee","Backflip","Injury"],"relics":["Ring of the Snake","The Specimen","Replay:Towering Pillar of Hats","Juzu Bracelet","Golden Idol"],"potions_floor_usage":[3],"damage_taken":[{"damage":1,"enemies":"2 Louse","floor":1,"turns":3},{"damage":0,"enemies":"Small Slimes","floor":3,"turns":4},{"damage":0,"enemies":"Jaw Worm","floor":4,"turns":2},{"damage":12,"enemies":"Gremlin Nob","floor":7,"turns":4},{"damage":45,"enemies":"3 Sentries","floor":10,"turns":7},{"damage":27,"enemies":"Lagavulin","floor":13,"turns":6}],"seed_played":"1169641505157860205","potions_obtained":[{"floor":1,"key":"SkillPotion"},{"floor":4,"key":"Elixir"}],"is_trial":false,"path_per_floor":["M","$","M","M","?","R","E","R","T","E","?","$","E"],"character_chosen":"THE_SILENT","items_purchased":[],"campfire_rested":1,"item_purchase_floors":[],"current_hp_per_floor":[69,69,69,69,58,58,46,67,67,22,22,22,0],"gold":88,"neow_bonus":"ONE_RANDOM_RARE_CARD","is_prod":false,"is_daily":false,"chose_seed":false,"campfire_upgraded":1,"win_rate":0.0,"timestamp":1557217282,"path_taken":["M","$","M","M","?","R","E","R","T","E","?","$","E"],"build_version":"2019-01-23","purchased_purges":2,"victory":false,"max_hp_per_floor":[70,70,70,70,70,70,70,70,70,70,70,70,70],"card_choices":[{"not_picked":["All Out Attack","Outmaneuver"],"picked":"Flying Knee","floor":1},{"not_picked":["Escape Plan","Blade Dance"],"picked":"Flying Knee","floor":3},{"not_picked":["Deflect","Bouncing Flask","Deadly Poison"],"picked":"SKIP","floor":4},{"not_picked":["Sucker Punch","ReplayTheSpireMod:Tripwire","Finisher"],"picked":"SKIP","floor":7},{"not_picked":["Heel Hook","Noxious Fumes"],"picked":"Backflip","floor":10}],"player_experience":148835,"relics_obtained":[{"floor":7,"key":"The Specimen"},{"floor":9,"key":"Replay:Towering Pillar of Hats"},{"floor":10,"key":"Juzu Bracelet"}],"event_choices":[{"damage_healed":0,"gold_gain":75,"player_choice":"Gather Gold","damage_taken":11,"max_hp_gain":0,"max_hp_loss":0,"event_name":"World of Goop","floor":5,"gold_loss":0},{"damage_healed":0,"gold_gain":0,"player_choice":"Take Wound","damage_taken":0,"relics_obtained":["Golden Idol"],"max_hp_gain":0,"max_hp_loss":0,"event_name":"Golden Idol","floor":11,"gold_loss":0,"cards_obtained":["Injury"]}],"is_beta":false,"boss_relics":[],"items_purged_floors":[2,12],"is_endless":false,"potions_floor_spawned":[1,4],"killed_by":"Lagavulin","ascension_level":0}