{"gold_per_floor":[109,109,128,145,145,145,201,201,225,175,193,118,138,148,148,251,251,261,276,291,147,246,246,246,246,271,371,391,147,166,166,166,266,266,286,286,0,11,11,11,11,30,30,30,130,143,143,160,160,255,255,273,273,283,15,35,35,0,0,0,12,24,24,24,49,49,149,149,161,187,187,207,131,161,179,179,204,204,128,228,228,238,238,238],"floor_reached":84,"playtime":6482,"items_purged":["Blizzard","Defragment","Sunder"],"score":1143,"play_id":"ea1e6d28-4088-42cd-acbc-719b08ef3ffc","local_time":"20190426025538","daily_mods":["Draft"],"is_ascension_mode":false,"campfire_choices":[{"floor":6,"key":"REST"},{"data":"Scrape","floor":8,"key":"SMITH"},{"data":"Streamline","floor":15,"key":"SMITH"},{"data":"Beam Cell","floor":23,"key":"SMITH"},{"data":"Auto Shields","floor":25,"key":"SMITH"},{"floor":32,"key":"REST"},{"data":"Chill","floor":40,"key":"SMITH"},{"data":"Gash","floor":44,"key":"SMITH"},{"data":"Gash","floor":49,"key":"SMITH"},{"data":"Machine Learning","floor":57,"key":"SMITH"},{"data":"Biased Cognition","floor":59,"key":"SMITH"},{"data":"Go for the Eyes","floor":66,"key":"SMITH"},{"data":"Genetic Algorithm","floor":76,"key":"SMITH"},{"data":"Gash","floor":78,"key":"SMITH"},{"data":"Genetic Algorithm","floor":81,"key":"SMITH"},{"data":"BootSequence","floor":83,"key":"SMITH"}],"neow_cost":"","seed_source_timestamp":0,"circlet_count":1,"master_deck":["Gash+1","Scrape+1","Beam Cell+1","Go for the Eyes+1","Chill+1","Gash+1","Auto Shields+1","Consume","BootSequence+1","Gash+1","Gash+1","Streamline+1","Biased Cognition+1","Beam Cell+1","Sweeping Beam+1","Streamline+1","Beam Cell+1","Machine Learning+1","Go for the Eyes+1","Genetic Algorithm+1","Gash+1","Genetic Algorithm+1"],"relics":["FrozenCore","Juzu Bracelet","Orichalcum","Odd Mushroom","Black Star","Lantern","Bag of Preparation","Unceasing Top","Bottled Tornado","Whetstone","Eternal Feather","Red Mask","Turnip","Bird Faced Urn","PreservedInsect","Darkstone Periapt","CultistMask","Runic Pyramid","Circlet"],"potions_floor_usage":[4,7,13,14,19,33,33,33,42,65,67,67,74,82,82,84],"damage_taken":[{"damage":0,"enemies":"Cultist","floor":1,"turns":3},{"damage":3,"enemies":"Small Slimes","floor":3,"turns":3},{"damage":0,"enemies":"2 Louse","floor":4,"turns":1},{"damage":9,"enemies":"Lagavulin Event","floor":7,"turns":4},{"damage":4,"enemies":"Large Slime","floor":11,"turns":4},{"damage":0,"enemies":"The Mushroom Lair","floor":13,"turns":3},{"damage":0,"enemies":"Exordium Wildlife","floor":14,"turns":3},{"damage":30,"enemies":"The Guardian","floor":16,"turns":5},{"damage":0,"enemies":"Shell Parasite","floor":18,"turns":4},{"damage":7,"enemies":"2 Thieves","floor":19,"turns":3},{"damage":7,"enemies":"Snecko","floor":20,"turns":4},{"damage":10,"enemies":"Colosseum Slavers","floor":27,"turns":3},{"damage":0,"enemies":"Colosseum Nobs","floor":27,"turns":3},{"damage":7,"enemies":"Snake Plant","floor":28,"turns":3},{"damage":0,"enemies":"Cultist and Chosen","floor":30,"turns":3},{"damage":4,"enemies":"Champ","floor":33,"turns":5},{"damage":0,"enemies":"Orb Walker","floor":35,"turns":2},{"damage":0,"enemies":"3 Darklings","floor":38,"turns":3},{"damage":0,"enemies":"Transient","floor":42,"turns":5},{"damage":25,"enemies":"Mind Bloom Boss Battle","floor":45,"turns":3},{"damage":48,"enemies":"4 Shapes","floor":46,"turns":3},{"damage":0,"enemies":"Sphere and 2 Shapes","floor":48,"turns":3},{"damage":60,"enemies":"Time Eater","floor":50,"turns":8},{"damage":0,"enemies":"Cultist","floor":52,"turns":2},{"damage":0,"enemies":"Jaw Worm","floor":54,"turns":2},{"damage":0,"enemies":"Small Slimes","floor":56,"turns":2},{"damage":0,"enemies":"Gremlin Gang","floor":61,"turns":3},{"damage":0,"enemies":"2 Fungi Beasts","floor":62,"turns":2},{"damage":0,"enemies":"Gremlin Nob","floor":65,"turns":3},{"damage":30,"enemies":"Hexaghost","floor":67,"turns":5},{"damage":0,"enemies":"Shell Parasite","floor":69,"turns":3},{"damage":6,"enemies":"Masked Bandits","floor":70,"turns":4},{"damage":0,"enemies":"2 Thieves","floor":72,"turns":3},{"damage":0,"enemies":"Slavers","floor":74,"turns":3},{"damage":0,"enemies":"Centurion and Healer","floor":75,"turns":4},{"damage":4,"enemies":"Book of Stabbing","floor":77,"turns":3},{"damage":17,"enemies":"Snake Plant","floor":82,"turns":3},{"damage":87,"enemies":"Collector","floor":84,"turns":5}],"seed_played":"8368167213317298309","potions_obtained":[{"floor":1,"key":"Fire Potion"},{"floor":3,"key":"PowerPotion"},{"floor":11,"key":"SkillPotion"},{"floor":13,"key":"Fire Potion"},{"floor":16,"key":"FearPotion"},{"floor":27,"key":"FocusPotion"},{"floor":28,"key":"GamblersBrew"},{"floor":30,"key":"Strength Potion"},{"floor":38,"key":"Energy Potion"},{"floor":50,"key":"Dexterity Potion"},{"floor":61,"key":"SkillPotion"},{"floor":65,"key":"FocusPotion"},{"floor":70,"key":"Fire Potion"},{"floor":74,"key":"Explosive Potion"},{"floor":75,"key":"FearPotion"},{"floor":82,"key":"LiquidBronze"}],"is_trial":true,"path_per_floor":["M","?","M","M","?","R","?","R","T","?","M","$","?","M","R","B",null,"M","M","M","$","?","R","?","R","T","?","M","$","M","?","R","B",null,"M","?","?","M","$","R","?","M","T","R","?","M","?","M","R","B",null,"M","?","M","$","M","R","?","R","T","M","M","?","$","E","R","B",null,"M","?","?","M","$","E","M","R","E","R","$","?","R","M","R","B"],"character_chosen":"DEFECT","items_purchased":["Lantern","Whetstone","PreservedInsect","Genetic Algorithm","Genetic Algorithm"],"campfire_rested":2,"item_purchase_floors":[21,29,55,73,79],"current_hp_per_floor":[75,80,77,77,77,80,71,71,71,71,67,67,67,67,67,37,80,80,73,66,66,66,66,66,66,66,56,49,49,49,34,59,55,85,85,85,85,85,85,85,85,85,85,85,60,14,74,74,74,14,74,74,59,61,61,63,72,72,74,74,74,74,74,74,74,74,44,74,74,68,68,72,72,74,74,74,70,74,74,74,74,57,69,0],"gold":238,"neow_bonus":"","is_prod":false,"is_daily":false,"chose_seed":false,"campfire_upgraded":14,"win_rate":0,"timestamp":1556204138,"path_taken":["M","?","M","M","?","R","?","R","T","?","M","$","?","M","R","BOSS","M","M","M","$","?","R","?","R","T","?","M","$","M","?","R","BOSS","M","?","?","M","$","R","?","M","T","R","?","M","?","M","R","BOSS","M","?","M","$","M","R","?","R","T","M","M","?","?","E","R","BOSS","M","?","?","M","?","E","M","R","E","R","$","?","R","M","R","BOSS"],"build_version":"2019-01-23","purchased_purges":3,"victory":false,"max_hp_per_floor":[75,80,80,80,80,80,80,80,80,80,80,80,80,80,80,80,80,80,80,80,80,80,80,80,80,80,80,80,80,80,85,85,85,85,85,85,85,85,85,85,85,85,85,85,85,85,74,74,74,74,74,74,74,74,74,74,74,74,74,74,74,74,74,74,74,74,74,74,74,74,74,74,74,74,74,74,74,74,74,74,74,74,74,74],"card_choices":[{"not_picked":["Consume","Conserve Battery"],"picked":"Gash","floor":0},{"not_picked":["Turbo","Hello World"],"picked":"Defragment","floor":0},{"not_picked":["Force Field","Conserve Battery"],"picked":"Blizzard","floor":0},{"not_picked":["Force Field","Compile Driver"],"picked":"Scrape","floor":0},{"not_picked":["Tempest","Leap"],"picked":"Beam Cell","floor":0},{"not_picked":["Steam","Darkness"],"picked":"Go for the Eyes","floor":0},{"not_picked":["Leap","Cold Snap"],"picked":"Go for the Eyes","floor":0},{"not_picked":["Rebound","Aggregate"],"picked":"Chill","floor":0},{"not_picked":["Beam Cell","Cold Snap"],"picked":"Gash","floor":0},{"not_picked":["Darkness","Doom and Gloom"],"picked":"Heatsinks","floor":0},{"not_picked":["Ball Lightning","Lockon"],"picked":"Stack","floor":0},{"not_picked":["Streamline","Stack"],"picked":"Auto Shields","floor":0},{"not_picked":["Leap","Tempest"],"picked":"Consume","floor":0},{"not_picked":["Lockon","Beam Cell"],"picked":"BootSequence","floor":0},{"not_picked":["Darkness","Steam"],"picked":"Sunder","floor":0},{"not_picked":["Conserve Battery","Turbo"],"picked":"Gash","floor":1},{"not_picked":["Reprogram","Undo"],"picked":"Gash","floor":3},{"not_picked":["Cold Snap","Glacier","Rebound"],"picked":"SKIP","floor":4},{"not_picked":["Force Field","Cold Snap","Chill"],"picked":"SKIP","floor":11},{"not_picked":["Core Surge","Cold Snap"],"picked":"Streamline","floor":13},{"not_picked":["Compile Driver","Hologram","Reprogram"],"picked":"SKIP","floor":14},{"not_picked":["Multi-Cast","Buffer"],"picked":"Biased Cognition","floor":16},{"not_picked":["Rebound+1","Stack+1","Conserve Battery"],"picked":"SKIP","floor":18},{"not_picked":["Hologram","Chill"],"picked":"Beam Cell","floor":19},{"not_picked":["Coolheaded","Hyperbeam"],"picked":"Sweeping Beam","floor":20},{"not_picked":["Capacitor","Stack","Lockon"],"picked":"SKIP","floor":28},{"not_picked":["Skim","Rebound","Redo"],"picked":"SKIP","floor":30},{"not_picked":["Rebound+1","Rip and Tear+1","Reinforced Body"],"picked":"SKIP","floor":35},{"not_picked":["Barrage+1","Conserve Battery+1","Skim+1"],"picked":"SKIP","floor":38},{"not_picked":["Tempest","Turbo+1","Reinforced Body+1"],"picked":"SKIP","floor":42},{"not_picked":["Ball Lightning","Recycle"],"picked":"Streamline+1","floor":45},{"not_picked":["Compile Driver","Hologram"],"picked":"Beam Cell+1","floor":46},{"not_picked":["Hello World+1","Rebound+1","Capacitor"],"picked":"SKIP","floor":48},{"not_picked":["Amplify","Buffer"],"picked":"Machine Learning","floor":50},{"not_picked":["Cold Snap","Leap","Turbo"],"picked":"SKIP","floor":52},{"not_picked":["Coolheaded","Glacier","Stack"],"picked":"SKIP","floor":54},{"not_picked":["Capacitor","Rip and Tear"],"picked":"Go for the Eyes","floor":56},{"not_picked":["Steam","Heatsinks","Chill"],"picked":"SKIP","floor":61},{"not_picked":["Turbo","Leap","Streamline"],"picked":"SKIP","floor":62},{"not_picked":["Darkness","Reprogram","Ball Lightning"],"picked":"SKIP","floor":65},{"not_picked":["Barrage","Reprogram","Streamline"],"picked":"SKIP","floor":69},{"not_picked":["Ball Lightning","Cold Snap+1","Skim"],"picked":"SKIP","floor":72},{"not_picked":["Doom and Gloom","Cold Snap"],"picked":"Gash","floor":74},{"not_picked":["Capacitor+1","Stack","Force Field"],"picked":"SKIP","floor":75},{"not_picked":["Coolheaded","Stack","Turbo"],"picked":"SKIP","floor":77},{"not_picked":["Blizzard+1","Gash","Steam+1"],"picked":"SKIP","floor":82}],"player_experience":46677,"relics_obtained":[{"floor":7,"key":"Juzu Bracelet"},{"floor":9,"key":"Orichalcum"},{"floor":13,"key":"Odd Mushroom"},{"floor":26,"key":"Bag of Preparation"},{"floor":27,"key":"Unceasing Top"},{"floor":27,"key":"Bottled Tornado"},{"floor":43,"key":"Turnip"},{"floor":45,"key":"Bird Faced Urn"},{"floor":60,"key":"Darkstone Periapt"},{"floor":70,"key":"Circlet"}],"event_choices":[{"damage_healed":0,"gold_gain":0,"player_choice":"Donut","damage_taken":0,"max_hp_gain":5,"max_hp_loss":0,"event_name":"Big Fish","floor":2,"gold_loss":0},{"cards_removed":["Heatsinks"],"damage_healed":0,"gold_gain":0,"player_choice":"Forget","damage_taken":0,"max_hp_gain":0,"max_hp_loss":0,"event_name":"Living Wall","floor":5,"gold_loss":0},{"damage_healed":0,"gold_gain":0,"player_choice":"Searched \u00272\u0027 times","damage_taken":0,"max_hp_gain":0,"max_hp_loss":0,"event_name":"Dead Adventurer","floor":7,"gold_loss":0},{"cards_removed":["Stack"],"damage_healed":0,"gold_gain":0,"player_choice":"Card Removal","damage_taken":0,"max_hp_gain":0,"max_hp_loss":0,"event_name":"The Cleric","floor":10,"gold_loss":50},{"damage_healed":0,"gold_gain":0,"player_choice":"Fought Mushrooms","damage_taken":0,"max_hp_gain":0,"max_hp_loss":0,"event_name":"Mushrooms","floor":13,"gold_loss":0},{"damage_healed":0,"gold_gain":99,"player_choice":"Stole From Cult","damage_taken":0,"max_hp_gain":0,"max_hp_loss":0,"event_name":"Nest","floor":22,"gold_loss":0},{"damage_healed":0,"gold_gain":0,"player_choice":"Upgraded","damage_taken":0,"max_hp_gain":0,"max_hp_loss":0,"event_name":"Upgrade Shrine","floor":24,"gold_loss":0,"cards_upgraded":["Beam Cell"]},{"damage_healed":0,"gold_gain":0,"player_choice":"Fight","damage_taken":0,"max_hp_gain":0,"max_hp_loss":0,"event_name":"Colosseum","floor":27,"gold_loss":0},{"damage_healed":0,"gold_gain":0,"player_choice":"Fought Nobs","damage_taken":0,"max_hp_gain":0,"max_hp_loss":0,"event_name":"Colosseum","floor":27,"gold_loss":0},{"damage_healed":0,"gold_gain":0,"player_choice":"Shed Blood","damage_taken":20,"max_hp_gain":5,"max_hp_loss":0,"event_name":"Forgotten Altar","floor":31,"gold_loss":0},{"cards_removed":["Go for the Eyes"],"damage_healed":0,"gold_gain":0,"player_choice":"Removed Attack","damage_taken":0,"max_hp_gain":0,"max_hp_loss":0,"event_name":"Falling","floor":36,"gold_loss":0},{"damage_healed":0,"gold_gain":0,"player_choice":"Paid","damage_taken":0,"relics_obtained":["Red Mask"],"max_hp_gain":0,"max_hp_loss":0,"event_name":"Tomb of Lord Red Mask","floor":37,"gold_loss":286},{"damage_healed":0,"gold_gain":0,"player_choice":"Memory 1","damage_taken":0,"max_hp_gain":0,"max_hp_loss":0,"event_name":"SensoryStone","floor":41,"gold_loss":0},{"damage_healed":0,"gold_gain":0,"player_choice":"Fight","damage_taken":0,"max_hp_gain":0,"max_hp_loss":0,"event_name":"MindBloom","floor":45,"gold_loss":0},{"damage_healed":74,"gold_gain":0,"player_choice":"Heal","damage_taken":0,"max_hp_gain":0,"max_hp_loss":11,"event_name":"The Moai Head","floor":47,"gold_loss":0},{"damage_healed":0,"gold_gain":0,"player_choice":"Entered Light","damage_taken":15,"max_hp_gain":0,"max_hp_loss":0,"event_name":"Shining Light","floor":53,"gold_loss":0,"cards_upgraded":["Gash","Sweeping Beam"]},{"damage_healed":0,"gold_gain":0,"player_choice":"Left Gold","damage_taken":0,"max_hp_gain":0,"max_hp_loss":0,"event_name":"World of Goop","floor":58,"gold_loss":35},{"damage_healed":0,"gold_gain":0,"player_choice":"Trade","damage_taken":0,"relics_obtained":["CultistMask"],"max_hp_gain":0,"max_hp_loss":0,"event_name":"FaceTrader","floor":63,"gold_loss":0},{"damage_healed":0,"gold_gain":0,"player_choice":"Fought Bandits","damage_taken":0,"max_hp_gain":0,"max_hp_loss":0,"event_name":"Masked Bandits","floor":70,"gold_loss":0},{"damage_healed":0,"gold_gain":0,"player_choice":"Ignored","damage_taken":0,"max_hp_gain":0,"max_hp_loss":0,"event_name":"The Mausoleum","floor":71,"gold_loss":0},{"damage_healed":0,"gold_gain":100,"player_choice":"Pray","damage_taken":0,"max_hp_gain":0,"max_hp_loss":0,"event_name":"Golden Shrine","floor":80,"gold_loss":0}],"is_beta":false,"boss_relics":[{"not_picked":["Nuclear Battery","Ectoplasm"],"picked":"Black Star"},{"not_picked":["Calling Bell","Astrolabe"],"picked":"Eternal Feather"},{"not_picked":["Velvet Choker","Fusion Hammer"],"picked":"FrozenCore"},{"not_picked":["Coffee Dripper","Inserter"],"picked":"Runic Pyramid"}],"items_purged_floors":[12,29,55],"is_endless":true,"potions_floor_spawned":[1,3,11,13,16,27,28,30,38,50,54,61,65,70,74,75,82],"killed_by":"Collector","ascension_level":0}