{"gold_per_floor":[369,2,22,41,53,53,85,85,162,181,197,197,222,222,222,327,327,327,327,327,327,49,49,49,49,49,49,49,49,49,49,49,49,49,49,49,49,49,49,49,49,49,49,49,49,49,49,49,49,49],"floor_reached":51,"playtime":1244,"items_purged":["Injury","Strike_R"],"score":755,"play_id":"f6efbe01-9cde-423e-bee6-c109f77813da","local_time":"20190505225759","is_ascension_mode":false,"campfire_choices":[{"data":"Immolate","floor":6,"key":"SMITH"},{"data":"Inflame","floor":8,"key":"SMITH"},{"data":"Bash","floor":12,"key":"SMITH"},{"data":"Armaments","floor":15,"key":"SMITH"},{"data":"Flame Barrier","floor":23,"key":"SMITH"},{"data":"Shockwave","floor":30,"key":"SMITH"},{"data":"Clothesline","floor":32,"key":"SMITH"},{"data":"Juggernaut","floor":40,"key":"SMITH"},{"data":"Immolate","floor":42,"key":"SMITH"},{"data":"Uppercut","floor":49,"key":"SMITH"}],"neow_cost":"CURSE","seed_source_timestamp":151617064797100,"circlet_count":0,"master_deck":["Strike_R+1","Strike_R+1","Defend_R+1","Defend_R+1","Defend_R+1","Defend_R+1","Bash+1","Cleave","Immolate+1","Headbutt","Flame Barrier+1","Inflame+1","Armaments+1","Anger","Reaper","Carnage+1","Disarm+1","Feed","Ghostly Armor","Juggernaut+1","Spot Weakness","Clothesline+1","Shockwave+1","Headbutt","Immolate+1","Ghostly Armor+1","Uppercut+1","Clothesline+1","Warcry+1","Shrug It Off"],"relics":["Burning Blood","Orichalcum","Nunchaku","Bottled Tornado","Oddly Smooth Stone","Ectoplasm","Art of War","Ginger","Vajra","Sozu","Incense Burner"],"potions_floor_usage":[7,16,25,33,50],"damage_taken":[{"damage":1,"enemies":"Cultist","floor":1,"turns":4},{"damage":0,"enemies":"Small Slimes","floor":3,"turns":2},{"damage":0,"enemies":"2 Louse","floor":4,"turns":2},{"damage":5,"enemies":"Exordium Wildlife","floor":5,"turns":2},{"damage":16,"enemies":"Lagavulin","floor":7,"turns":5},{"damage":4,"enemies":"Looter","floor":10,"turns":3},{"damage":7,"enemies":"Lots of Slimes","floor":11,"turns":2},{"damage":3,"enemies":"3 Sentries","floor":13,"turns":2},{"damage":0,"enemies":"Slime Boss","floor":16,"turns":4},{"damage":4,"enemies":"Chosen","floor":18,"turns":3},{"damage":12,"enemies":"3 Byrds","floor":19,"turns":3},{"damage":5,"enemies":"Cultist and Chosen","floor":20,"turns":4},{"damage":0,"enemies":"Snecko","floor":21,"turns":3},{"damage":3,"enemies":"Centurion and Healer","floor":24,"turns":6},{"damage":21,"enemies":"Slavers","floor":25,"turns":3},{"damage":3,"enemies":"Gremlin Leader","floor":28,"turns":5},{"damage":2,"enemies":"3 Cultists","floor":31,"turns":3},{"damage":20,"enemies":"Champ","floor":33,"turns":9},{"damage":2,"enemies":"Orb Walker","floor":35,"turns":3},{"damage":10,"enemies":"3 Shapes","floor":36,"turns":3},{"damage":8,"enemies":"Maw","floor":38,"turns":6},{"damage":1,"enemies":"Spire Growth","floor":39,"turns":5},{"damage":0,"enemies":"Transient","floor":41,"turns":5},{"damage":4,"enemies":"Jaw Worm Horde","floor":44,"turns":2},{"damage":16,"enemies":"Writhing Mass","floor":47,"turns":4},{"damage":12,"enemies":"Maw","floor":48,"turns":6},{"damage":69,"enemies":"Donu and Deca","floor":50,"turns":9}],"seed_played":"1095187569143290801","potions_obtained":[{"floor":1,"key":"Fire Potion"},{"floor":3,"key":"Weak Potion"},{"floor":5,"key":"Explosive Potion"},{"floor":20,"key":"SpeedPotion"},{"floor":21,"key":"SpeedPotion"},{"floor":25,"key":"Energy Potion"},{"floor":28,"key":"PowerPotion"}],"is_trial":false,"path_per_floor":["M","$","M","M","M","R","E","R","T","M","M","R","E","?","R","B",null,"M","M","M","M","$","R","M","E","T","?","E","?","R","M","R","B",null,"M","M","?","M","M","R","M","R","T","M","?","$","M","M","R","B",null],"character_chosen":"IRONCLAD","items_purchased":["Immolate","Orichalcum","Ghostly Armor","Juggernaut"],"campfire_rested":0,"item_purchase_floors":[2,2,22,22],"current_hp_per_floor":[80,80,80,80,80,80,70,70,70,72,71,71,74,74,74,80,80,80,74,80,80,80,80,84,72,72,72,75,75,75,79,79,69,91,91,91,91,91,91,91,91,91,91,94,94,94,84,90,90,59],"gold":49,"neow_bonus":"TWO_FIFTY_GOLD","is_prod":false,"is_daily":false,"chose_seed":false,"campfire_upgraded":10,"win_rate":1,"timestamp":1557122279,"path_taken":["M","$","M","?","M","R","E","R","T","M","M","R","E","?","R","BOSS","M","?","M","M","$","R","M","E","T","?","E","?","R","M","R","BOSS","M","M","?","?","M","R","M","R","T","M","?","?","M","?","R","BOSS"],"build_version":"2019-01-23","purchased_purges":2,"victory":true,"max_hp_per_floor":[80,80,80,80,80,80,80,80,80,80,80,80,80,80,80,80,80,80,80,80,80,80,80,84,87,87,87,87,87,87,87,87,91,91,91,91,91,91,91,91,91,91,91,94,94,94,94,94,94,94],"card_choices":[{"not_picked":["Seeing Red","Dual Wield"],"picked":"Cleave","floor":1},{"not_picked":["Pommel Strike","Perfected Strike"],"picked":"Headbutt","floor":3},{"not_picked":["Combust","Anger"],"picked":"Flame Barrier","floor":4},{"not_picked":["Reckless Charge","Cleave","Sword Boomerang"],"picked":"SKIP","floor":5},{"not_picked":["Whirlwind","Pommel Strike"],"picked":"Inflame","floor":7},{"not_picked":["Body Slam","Wild Strike"],"picked":"Armaments","floor":10},{"not_picked":["Perfected Strike","Entrench","Sword Boomerang"],"picked":"SKIP","floor":11},{"not_picked":["Searing Blow","Heavy Blade"],"picked":"Anger","floor":13},{"not_picked":["Offering","Dark Embrace"],"picked":"Reaper","floor":16},{"not_picked":["Dropkick","True Grit"],"picked":"Carnage+1","floor":18},{"not_picked":["Sentinel","Clothesline"],"picked":"Disarm+1","floor":19},{"not_picked":["Body Slam","Thunderclap","Havoc"],"picked":"SKIP","floor":20},{"not_picked":["Havoc","Body Slam"],"picked":"Feed","floor":21},{"not_picked":["Flex","Sword Boomerang"],"picked":"Spot Weakness","floor":24},{"not_picked":["Infernal Blade+1","Inflame"],"picked":"Clothesline","floor":25},{"not_picked":["Sword Boomerang","Entrench","Havoc"],"picked":"SKIP","floor":28},{"not_picked":["Carnage","Body Slam"],"picked":"Headbutt","floor":31},{"not_picked":["Double Tap","Fiend Fire"],"picked":"Immolate","floor":33},{"not_picked":["Anger+1","Flex"],"picked":"Ghostly Armor+1","floor":35},{"not_picked":["Burning Pact+1","Wild Strike+1"],"picked":"Uppercut","floor":36},{"not_picked":["Perfected Strike+1","Second Wind+1","Blood for Blood+1"],"picked":"SKIP","floor":38},{"not_picked":["Perfected Strike+1","Rampage","Searing Blow+1"],"picked":"SKIP","floor":39},{"not_picked":["Rampage","Thunderclap"],"picked":"Clothesline+1","floor":41},{"not_picked":["Perfected Strike","Wild Strike"],"picked":"Warcry+1","floor":44},{"not_picked":["Inflame","Infernal Blade+1","Blood for Blood+1"],"picked":"SKIP","floor":47},{"not_picked":["Warcry","Perfected Strike"],"picked":"Shrug It Off","floor":48}],"player_experience":716340,"relics_obtained":[{"floor":7,"key":"Nunchaku"},{"floor":9,"key":"Bottled Tornado"},{"floor":13,"key":"Oddly Smooth Stone"},{"floor":25,"key":"Art of War"},{"floor":26,"key":"Ginger"},{"floor":28,"key":"Vajra"},{"floor":43,"key":"Incense Burner"}],"event_choices":[{"damage_healed":0,"gold_gain":0,"player_choice":"Bought 0 Potions","damage_taken":0,"max_hp_gain":0,"max_hp_loss":0,"event_name":"The Woman in Blue","floor":14,"gold_loss":0},{"damage_healed":0,"gold_gain":0,"player_choice":"Simplicity","damage_taken":0,"max_hp_gain":0,"max_hp_loss":0,"event_name":"Back to Basics","floor":27,"gold_loss":0,"cards_upgraded":["Strike_R","Strike_R","Strike_R","Strike_R","Defend_R","Defend_R","Defend_R","Defend_R"]},{"damage_healed":0,"gold_gain":0,"player_choice":"Read","damage_taken":0,"max_hp_gain":0,"max_hp_loss":0,"event_name":"The Library","floor":29,"gold_loss":0,"cards_obtained":["Shockwave"]},{"cards_removed":["Strike_R"],"damage_healed":0,"gold_gain":0,"player_choice":"Purged","damage_taken":0,"max_hp_gain":0,"max_hp_loss":0,"event_name":"Purifier","floor":37,"gold_loss":0},{"cards_removed":["Strike_R"],"damage_healed":0,"gold_gain":0,"player_choice":"Removed Attack","damage_taken":0,"max_hp_gain":0,"max_hp_loss":0,"event_name":"Falling","floor":45,"gold_loss":0}],"is_beta":false,"boss_relics":[{"not_picked":["White Beast Statue","Runic Pyramid"],"picked":"Ectoplasm"},{"not_picked":["Astrolabe","Snecko Eye"],"picked":"Sozu"}],"items_purged_floors":[2,22],"is_endless":false,"potions_floor_spawned":[1,3,5,20,21,25,28,31,36,39],"ascension_level":0}