{"gold_per_floor":[110,110,110,19,34,34,63,73,123,142,142,207,224,254,254,359,359,359,359,278,278,199,199,199,199,199,199,199,199,199,199,199,199,199,199,199,199,199,44,44,44,44,44,44,18,18,18,18,18,18],"floor_reached":51,"playtime":4214,"items_purged":["Shame"],"score":968,"play_id":"3393cbdf-70ce-493c-82d7-ddff731ef1a3","local_time":"20190422010301","is_ascension_mode":true,"campfire_choices":[{"data":"Footwork","floor":6,"key":"SMITH"},{"data":"Cloak And Dagger","floor":11,"key":"SMITH"},{"data":"Accuracy","floor":15,"key":"SMITH"},{"data":"Noxious Fumes","floor":23,"key":"SMITH"},{"data":"Envenom","floor":25,"key":"SMITH"},{"floor":32,"key":"REST"},{"data":"Leg Sweep","floor":40,"key":"SMITH"},{"data":"1","floor":42,"key":"LIFT"},{"data":"2","floor":44,"key":"LIFT"},{"data":"3","floor":46,"key":"LIFT"},{"floor":49,"key":"REST"}],"neow_cost":"NONE","seed_source_timestamp":91673626575060,"circlet_count":0,"master_deck":["Defend_G+1","Defend_G+1","Defend_G+1","Defend_G+1","Defend_G+1","Strike_G+1","Strike_G+1","Strike_G+1","Strike_G+1","Survivor","Neutralize","Backstab","Footwork+1","Dagger Throw","Cloak And Dagger+1","Cloak And Dagger","Accuracy+1","Dodge and Roll","Die Die Die","Envenom+1","Cloak And Dagger+1","Dodge and Roll+1","Noxious Fumes+1","Footwork","Forethought","Leg Sweep+1","Noxious Fumes+1","Deadly Poison+1","Corpse Explosion+1","Regret","Decay","Deadly Poison+1","Writhe","Well Laid Plans","Flying Knee+1","Backflip"],"relics":["Ring of the Snake","Bag of Preparation","Gremlin Horn","Orichalcum","Tiny Chest","Darkstone Periapt","Ectoplasm","Tingsha","Pen Nib","The Specimen","Calling Bell","War Paint","Letter Opener","WingedGreaves","Art of War","Girya","Molten Egg 2"],"potions_floor_usage":[13,16,16,19,30,30,30,41,41,50],"damage_taken":[{"damage":4,"enemies":"Small Slimes","floor":1,"turns":4},{"damage":0,"enemies":"2 Louse","floor":5,"turns":3},{"damage":6,"enemies":"Lagavulin","floor":7,"turns":11},{"damage":0,"enemies":"Cultist","floor":8,"turns":3},{"damage":0,"enemies":"3 Louse","floor":10,"turns":3},{"damage":26,"enemies":"Gremlin Nob","floor":12,"turns":5},{"damage":4,"enemies":"Large Slime","floor":13,"turns":6},{"damage":0,"enemies":"3 Sentries","floor":14,"turns":7},{"damage":15,"enemies":"Hexaghost","floor":16,"turns":16},{"damage":5,"enemies":"Shell Parasite","floor":18,"turns":7},{"damage":0,"enemies":"Chosen","floor":19,"turns":4},{"damage":0,"enemies":"Shelled Parasite and Fungi","floor":27,"turns":6},{"damage":12,"enemies":"Book of Stabbing","floor":28,"turns":6},{"damage":19,"enemies":"Cultist and Chosen","floor":29,"turns":5},{"damage":7,"enemies":"Slavers","floor":30,"turns":8},{"damage":0,"enemies":"Centurion and Healer","floor":31,"turns":6},{"damage":14,"enemies":"Automaton","floor":33,"turns":8},{"damage":15,"enemies":"3 Darklings","floor":35,"turns":3},{"damage":0,"enemies":"Orb Walker","floor":38,"turns":3},{"damage":15,"enemies":"Giant Head","floor":41,"turns":9},{"damage":15,"enemies":"Transient","floor":48,"turns":5},{"damage":84,"enemies":"Time Eater","floor":50,"turns":13}],"seed_played":"-5002514299366424298","potions_obtained":[{"floor":7,"key":"SneckoOil"},{"floor":10,"key":"Block Potion"},{"floor":12,"key":"Regen Potion"},{"floor":16,"key":"Poison Potion"},{"floor":28,"key":"EssenceOfSteel"},{"floor":31,"key":"Swift Potion"}],"is_trial":false,"path_per_floor":["M","?","?","$","M","R","E","M","T","M","R","E","M","E","R","B",null,"M","M","$","?","$","R","?","R","T","M","E","M","E","M","R","B",null,"M","?","?","M","$","R","E","R","T","R","$","R","?","M","R","B",null],"character_chosen":"THE_SILENT","items_purchased":["Footwork","Dagger Throw","Noxious Fumes","Footwork","Well Laid Plans","Flying Knee+1"],"campfire_rested":2,"item_purchase_floors":[4,4,20,22,39,45],"current_hp_per_floor":[59,56,56,56,56,56,50,50,50,50,50,24,35,35,35,20,58,53,53,53,53,53,53,53,53,53,53,41,22,15,15,36,22,76,61,89,89,89,89,89,74,74,74,74,74,74,74,59,87,3],"gold":18,"neow_bonus":"RANDOM_COLORLESS","is_prod":false,"is_daily":false,"chose_seed":false,"campfire_upgraded":6,"win_rate":0,"timestamp":1555912981,"path_taken":["M","?","?","$","M","R","E","M","T","?","R","E","M","E","R","BOSS","M","M","$","?","$","R","?","R","T","?","E","M","E","M","R","BOSS","M","?","?","?","$","R","E","R","T","R","?","R","?","M","R","BOSS"],"build_version":"2019-01-23","purchased_purges":1,"victory":true,"max_hp_per_floor":[70,70,70,70,70,70,70,70,70,70,70,70,70,70,70,70,70,70,70,70,70,70,70,70,70,70,70,70,70,70,70,70,70,88,88,94,94,94,94,94,94,94,94,94,94,94,94,94,94,94],"card_choices":[{"not_picked":["Poisoned Stab","Masterful Stab"],"picked":"Backstab","floor":1},{"not_picked":["Deflect","Quick Slash"],"picked":"Cloak And Dagger","floor":5},{"not_picked":["Acrobatics","Sucker Punch"],"picked":"Cloak And Dagger","floor":7},{"not_picked":["Acrobatics","Bane"],"picked":"Accuracy","floor":8},{"not_picked":["Prepared","Slice"],"picked":"Dodge and Roll","floor":10},{"not_picked":["Dagger Throw","Riddle With Holes"],"picked":"Die Die Die","floor":12},{"not_picked":["Poisoned Stab","Acrobatics","Quick Slash"],"picked":"SKIP","floor":13},{"not_picked":["Wraith Form v2","Deadly Poison","Bane"],"picked":"SKIP","floor":14},{"not_picked":["Grand Finale","Die Die Die"],"picked":"Envenom","floor":16},{"not_picked":["Finisher","Terror"],"picked":"Cloak And Dagger+1","floor":18},{"not_picked":["Dagger Throw","Calculated Gamble"],"picked":"Dodge and Roll","floor":19},{"not_picked":["Noxious Fumes","Distraction"],"picked":"Leg Sweep","floor":27},{"not_picked":["Acrobatics","Heel Hook+1"],"picked":"Venomology","floor":28},{"not_picked":["Flying Knee","Acrobatics","Dagger Throw"],"picked":"SKIP","floor":29},{"not_picked":["Leg Sweep+1","Backstab"],"picked":"Noxious Fumes+1","floor":30},{"not_picked":["Expertise","Heel Hook+1"],"picked":"Deadly Poison+1","floor":31},{"not_picked":["Tools of the Trade","Wraith Form v2"],"picked":"Corpse Explosion","floor":33},{"not_picked":["Bane","Accuracy"],"picked":"Deadly Poison+1","floor":35},{"not_picked":["Flechettes","Expertise+1","Outmaneuver+1"],"picked":"SKIP","floor":38},{"not_picked":["Blade Dance","Distraction+1","Leg Sweep"],"picked":"SKIP","floor":41},{"not_picked":["Dagger Spray+1","Skewer+1"],"picked":"Backflip","floor":48}],"player_experience":455289,"relics_obtained":[{"floor":7,"key":"Gremlin Horn"},{"floor":9,"key":"Orichalcum"},{"floor":12,"key":"Tiny Chest"},{"floor":14,"key":"Darkstone Periapt"},{"floor":26,"key":"Tingsha"},{"floor":28,"key":"Pen Nib"},{"floor":30,"key":"The Specimen"},{"floor":34,"key":"War Paint"},{"floor":34,"key":"Letter Opener"},{"floor":34,"key":"WingedGreaves"},{"floor":37,"key":"Art of War"},{"floor":41,"key":"Girya"},{"floor":43,"key":"Molten Egg 2"}],"event_choices":[{"damage_healed":0,"gold_gain":0,"player_choice":"Success","damage_taken":3,"relics_obtained":["Bag of Preparation"],"max_hp_gain":0,"max_hp_loss":0,"event_name":"Scrap Ooze","floor":2,"gold_loss":0},{"cards_removed":["Strike_G"],"damage_healed":0,"gold_gain":0,"player_choice":"Purged","damage_taken":0,"max_hp_gain":0,"max_hp_loss":0,"event_name":"Purifier","floor":3,"gold_loss":0},{"damage_healed":0,"gold_gain":0,"player_choice":"Simplicity","damage_taken":0,"max_hp_gain":0,"max_hp_loss":0,"event_name":"Back to Basics","floor":21,"gold_loss":0,"cards_upgraded":["Defend_G","Defend_G","Defend_G","Defend_G","Defend_G","Strike_G","Strike_G","Strike_G","Strike_G"]},{"damage_healed":0,"gold_gain":0,"cards_transformed":["Madness"],"player_choice":"Transformed","damage_taken":0,"max_hp_gain":0,"max_hp_loss":0,"event_name":"Transmorgrifier","floor":24,"gold_loss":0,"cards_obtained":["Forethought"]},{"damage_healed":22,"gold_gain":0,"player_choice":"Writhe","damage_taken":0,"max_hp_gain":0,"max_hp_loss":0,"event_name":"Winding Halls","floor":36,"gold_loss":0,"cards_obtained":["Writhe"]},{"damage_healed":0,"gold_gain":0,"player_choice":"Relic","damage_taken":0,"max_hp_gain":0,"max_hp_loss":0,"event_name":"Wheel of Change","floor":37,"gold_loss":0},{"cards_removed":["Venomology"],"damage_healed":0,"gold_gain":0,"player_choice":"Removed Skill","damage_taken":0,"max_hp_gain":0,"max_hp_loss":0,"event_name":"Falling","floor":47,"gold_loss":0}],"is_beta":false,"boss_relics":[{"not_picked":["Lizard Tail","Velvet Choker"],"picked":"Ectoplasm"},{"not_picked":["Black Star","Pandora\u0027s Box"],"picked":"Calling Bell"}],"items_purged_floors":[39],"is_endless":false,"potions_floor_spawned":[7,10,12,16,28,31,35,38],"ascension_level":6}