{"gold_per_floor":[112,112,112,112,127,143,184,184],"floor_reached":8,"playtime":397,"items_purged":[],"score":56,"play_id":"79ab9146-f740-4b4d-bebf-0841b53ad8b9","local_time":"20190111012318","is_ascension_mode":false,"campfire_choices":[],"neow_cost":"NONE","seed_source_timestamp":70600405205906,"circlet_count":0,"master_deck":["Strike_B","Strike_B","Strike_B","Defend_B","Defend_B","Defend_B","Defend_B","Zap","Dualcast","Loop","Compile Driver","Redo","Ball Lightning"],"relics":["Cracked Core","Dream Catcher","Golden Idol","Blue Candle"],"potions_floor_usage":[],"damage_taken":[{"damage":2,"enemies":"2 Louse","floor":1,"turns":2},{"damage":1,"enemies":"Cultist","floor":5,"turns":4},{"damage":8,"enemies":"Jaw Worm","floor":6,"turns":3},{"damage":50,"enemies":"Gremlin Nob","floor":7,"turns":5},{"damage":14,"enemies":"Blue Slaver","floor":8,"turns":2}],"seed_played":"4173687955205950905","potions_obtained":[{"floor":1,"key":"LiquidBronze"},{"floor":6,"key":"Swift Potion"}],"is_trial":false,"path_per_floor":["M","?","?","?","M","M","E","M"],"character_chosen":"DEFECT","items_purchased":[],"campfire_rested":0,"item_purchase_floors":[],"current_hp_per_floor":[73,66,66,66,65,57,7,0],"gold":184,"neow_bonus":"REMOVE_CARD","is_prod":false,"is_daily":false,"chose_seed":false,"campfire_upgraded":0,"win_rate":0,"timestamp":1547191398,"path_taken":["M","?","?","?","M","?","E","M"],"build_version":"2019-01-10","purchased_purges":0,"victory":false,"max_hp_per_floor":[75,75,69,69,69,69,69,69],"card_choices":[{"not_picked":["Conserve Battery","Hologram"],"picked":"Loop","floor":1},{"not_picked":["Stack","Go for the Eyes"],"picked":"Compile Driver","floor":5},{"not_picked":["Gash","Storm"],"picked":"Redo","floor":6},{"not_picked":["Rip and Tear","Gash"],"picked":"Ball Lightning","floor":7}],"player_experience":206898,"relics_obtained":[{"floor":7,"key":"Blue Candle"}],"event_choices":[{"damage_healed":0,"gold_gain":0,"player_choice":"Success","damage_taken":7,"relics_obtained":["Dream Catcher"],"max_hp_gain":0,"max_hp_loss":0,"event_name":"Scrap Ooze","floor":2,"gold_loss":0},{"damage_healed":0,"gold_gain":0,"player_choice":"Lose Max HP","damage_taken":0,"relics_obtained":["Golden Idol"],"max_hp_gain":0,"max_hp_loss":6,"event_name":"Golden Idol","floor":3,"gold_loss":0},{"damage_healed":0,"gold_gain":0,"player_choice":"0 cards matched","damage_taken":0,"max_hp_gain":0,"max_hp_loss":0,"event_name":"Match and Keep!","floor":4,"gold_loss":0,"cards_obtained":[]}],"is_beta":false,"boss_relics":[],"items_purged_floors":[],"is_endless":false,"potions_floor_spawned":[1,6],"killed_by":"Blue Slaver","ascension_level":0}