{"gold_per_floor":[110,126,126,126,126,165,165,203,203,121,142,67,67,92,92,92],"floor_reached":16,"playtime":913,"items_purged":["Strike_R"],"score":119,"play_id":"aa5f1386-4d37-4c6c-9be0-abc874cf983d","local_time":"20190117012822","is_ascension_mode":true,"campfire_choices":[{"data":"Inflame","floor":7,"key":"SMITH"},{"data":"Pommel Strike","floor":13,"key":"SMITH"},{"floor":15,"key":"REST"}],"neow_cost":"NONE","seed_source_timestamp":588779777192702,"circlet_count":0,"master_deck":["Strike_R","Defend_R","Defend_R","Defend_R","Defend_R","Bash","Pommel Strike+1","Cleave","Inflame+1","Whirlwind","Shrug It Off+1"],"relics":["Burning Blood","Golden Idol","Kunai","Oddly Smooth Stone","Toxic Egg 2"],"potions_floor_usage":[6,8,16],"damage_taken":[{"damage":15,"enemies":"2 Louse","floor":1,"turns":4},{"damage":5,"enemies":"Small Slimes","floor":2,"turns":4},{"damage":14,"enemies":"Gremlin Nob","floor":6,"turns":4},{"damage":25,"enemies":"3 Sentries","floor":8,"turns":7},{"damage":0,"enemies":"Cultist","floor":11,"turns":3},{"damage":7,"enemies":"3 Louse","floor":14,"turns":2},{"damage":57,"enemies":"Hexaghost","floor":16,"turns":11}],"seed_played":"2738548212579732804","potions_obtained":[{"floor":1,"key":"AttackPotion"},{"floor":2,"key":"Fire Potion"},{"floor":11,"key":"Energy Potion"}],"is_trial":false,"path_per_floor":["M","M","?","?","?","E","R","E","T","$","M","$","R","M","R","B"],"character_chosen":"IRONCLAD","items_purchased":["Whirlwind"],"campfire_rested":1,"item_purchase_floors":[10],"current_hp_per_floor":[71,72,72,52,52,44,44,25,25,25,31,31,31,30,54,0],"gold":92,"neow_bonus":"REMOVE_CARD","is_prod":false,"is_daily":false,"chose_seed":false,"campfire_upgraded":2,"win_rate":0,"timestamp":1547710102,"path_taken":["M","M","?","?","?","E","R","E","T","$","M","$","R","M","R","BOSS"],"build_version":"2019-01-10","purchased_purges":1,"victory":false,"max_hp_per_floor":[80,80,80,80,80,80,80,80,80,80,80,80,80,80,80,80],"card_choices":[{"not_picked":["Anger","Bloodletting"],"picked":"Pommel Strike","floor":1},{"not_picked":["Flex","True Grit"],"picked":"Cleave","floor":2},{"not_picked":["Combust","Battle Trance"],"picked":"Inflame","floor":6},{"not_picked":["Infernal Blade","Headbutt","Combust"],"picked":"SKIP","floor":8},{"not_picked":["Combust","Spot Weakness+1","Clash"],"picked":"SKIP","floor":11},{"not_picked":["Ghostly Armor+1","Rage+1"],"picked":"Shrug It Off+1","floor":14}],"player_experience":222762,"relics_obtained":[{"floor":6,"key":"Kunai"},{"floor":8,"key":"Oddly Smooth Stone"},{"floor":9,"key":"Toxic Egg 2"}],"event_choices":[{"cards_removed":["Strike_R"],"damage_healed":0,"gold_gain":0,"player_choice":"Forget","damage_taken":0,"max_hp_gain":0,"max_hp_loss":0,"event_name":"Living Wall","floor":3,"gold_loss":0},{"damage_healed":0,"gold_gain":0,"player_choice":"Take Damage","damage_taken":20,"relics_obtained":["Golden Idol"],"max_hp_gain":0,"max_hp_loss":0,"event_name":"Golden Idol","floor":4,"gold_loss":0},{"cards_removed":["Strike_R"],"damage_healed":0,"gold_gain":0,"player_choice":"Offered Basic","damage_taken":0,"max_hp_gain":0,"max_hp_loss":0,"event_name":"Bonfire Elementals","floor":5,"gold_loss":0}],"is_beta":false,"boss_relics":[],"items_purged_floors":[12],"is_endless":false,"potions_floor_spawned":[1,2,11],"killed_by":"Hexaghost","ascension_level":2}