{"gold_per_floor":[110,61,61,61,81,81,81,120,145,145,178,178,201,219,219,219],"floor_reached":16,"playtime":1047,"items_purged":[],"score":108,"play_id":"3b53486e-ade6-4029-9520-3860a5bef887","local_time":"20190216211136","is_ascension_mode":true,"campfire_choices":[{"data":"Poisoned Stab","floor":6,"key":"SMITH"},{"floor":10,"key":"REST"},{"floor":15,"key":"REST"}],"neow_cost":"NONE","seed_source_timestamp":1523986146690937,"circlet_count":0,"master_deck":["Defend_G","Defend_G","Defend_G","Defend_G","Defend_G","Strike_G","Strike_G","Strike_G","Strike_G","Survivor","Neutralize+1","Poisoned Stab+1","Quick Slash","Deadly Poison","Bane","Leg Sweep","Backflip","Blur","Bane"],"relics":["Ring of the Snake","Boot","Golden Idol","Frozen Egg 2","Girya","Dream Catcher","Odd Mushroom"],"potions_floor_usage":[8,16,16],"damage_taken":[{"damage":0,"enemies":"Small Slimes","floor":1,"turns":4},{"damage":2,"enemies":"Jaw Worm","floor":5,"turns":3},{"damage":15,"enemies":"3 Sentries","floor":8,"turns":9},{"damage":15,"enemies":"The Mushroom Lair","floor":11,"turns":5},{"damage":0,"enemies":"2 Louse","floor":13,"turns":3},{"damage":0,"enemies":"Large Slime","floor":14,"turns":4},{"damage":46,"enemies":"Slime Boss","floor":16,"turns":7}],"seed_played":"-3458286034413883935","potions_obtained":[{"floor":5,"key":"Block Potion"},{"floor":11,"key":"SpeedPotion"},{"floor":13,"key":"Strength Potion"}],"is_trial":false,"path_per_floor":["M","$","?","?","M","R","?","E","T","R","?","?","M","M","R","B"],"character_chosen":"THE_SILENT","items_purchased":["Quick Slash"],"campfire_rested":2,"item_purchase_floors":[2],"current_hp_per_floor":[70,70,65,65,63,63,45,30,30,49,34,27,27,27,46,0],"gold":219,"neow_bonus":"RANDOM_COMMON_RELIC","is_prod":false,"is_daily":false,"chose_seed":false,"campfire_upgraded":1,"win_rate":0,"timestamp":1550373096,"path_taken":["M","$","?","?","M","R","?","E","T","R","?","?","?","M","R","BOSS"],"build_version":"2019-01-23","purchased_purges":0,"victory":false,"max_hp_per_floor":[70,70,65,65,65,65,65,65,65,65,65,65,65,65,65,65],"card_choices":[{"not_picked":["Dodge and Roll","Blade Dance"],"picked":"Poisoned Stab","floor":1},{"not_picked":["Dagger Spray","Calculated Gamble"],"picked":"Deadly Poison","floor":5},{"not_picked":["Expertise","Masterful Stab"],"picked":"Bane","floor":8},{"not_picked":["Heel Hook","Crippling Poison"],"picked":"Leg Sweep","floor":10},{"not_picked":["Sucker Punch","Outmaneuver"],"picked":"Backflip","floor":11},{"not_picked":["Prepared","Dagger Spray","Accuracy+1"],"picked":"SKIP","floor":13},{"not_picked":["Dagger Spray","Masterful Stab"],"picked":"Blur","floor":14},{"not_picked":["Blade Dance","Deflect"],"picked":"Bane","floor":15}],"player_experience":372366,"relics_obtained":[{"floor":8,"key":"Girya"},{"floor":9,"key":"Dream Catcher"},{"floor":11,"key":"Odd Mushroom"}],"event_choices":[{"damage_healed":0,"gold_gain":0,"player_choice":"Lose Max HP","damage_taken":0,"relics_obtained":["Golden Idol"],"max_hp_gain":0,"max_hp_loss":5,"event_name":"Golden Idol","floor":3,"gold_loss":0},{"damage_healed":0,"gold_gain":0,"player_choice":"Grow","damage_taken":0,"max_hp_gain":0,"max_hp_loss":0,"event_name":"Living Wall","floor":4,"gold_loss":0,"cards_upgraded":["Neutralize"]},{"damage_healed":0,"gold_gain":0,"player_choice":"Success","damage_taken":18,"relics_obtained":["Frozen Egg 2"],"max_hp_gain":0,"max_hp_loss":0,"event_name":"Scrap Ooze","floor":7,"gold_loss":0},{"damage_healed":0,"gold_gain":0,"player_choice":"Fought Mushrooms","damage_taken":0,"max_hp_gain":0,"max_hp_loss":0,"event_name":"Mushrooms","floor":11,"gold_loss":0},{"cards_removed":["Strike_G"],"damage_healed":0,"gold_gain":0,"player_choice":"Card Removal","damage_taken":7,"max_hp_gain":0,"max_hp_loss":0,"event_name":"Golden Wing","floor":12,"gold_loss":0}],"is_beta":false,"boss_relics":[],"items_purged_floors":[],"is_endless":false,"potions_floor_spawned":[5,11,13],"killed_by":"Slime Boss","ascension_level":2}