{"gold_per_floor":[115,65,65,77,2,29,29,29,29,104,116,43,43,43,43,148,148,158,168,90,90,110,110,110,110,137,137],"floor_reached":27,"playtime":1302,"items_purged":["Strike_B"],"score":232,"play_id":"fd512ee1-5c65-48ae-a167-f84cc7e630e3","local_time":"20190111011626","is_ascension_mode":false,"campfire_choices":[{"data":"Genetic Algorithm","floor":8,"key":"SMITH"},{"data":"Defragment","floor":13,"key":"SMITH"},{"data":"Zap","floor":15,"key":"SMITH"},{"data":"Defragment","floor":23,"key":"SMITH"},{"data":"All For One","floor":25,"key":"SMITH"}],"neow_cost":"NONE","seed_source_timestamp":69282402334055,"circlet_count":0,"master_deck":["Strike_B","Strike_B","Defend_B","Defend_B","Defend_B","Defend_B","Zap+1","Dualcast","Blizzard","Blizzard","Genetic Algorithm+1","Defragment+1","All For One+1","Scrape","Auto Shields+1","Defragment+1","Go for the Eyes+1"],"relics":["Cracked Core","NeowsBlessing","Pocketwatch","Darkstone Periapt","Centennial Puzzle","Bag of Preparation","Bottled Flame","Inserter","Du-Vu Doll","Bag of Marbles"],"potions_floor_usage":[16],"damage_taken":[{"damage":0,"enemies":"2 Louse","floor":1,"turns":1},{"damage":0,"enemies":"Jaw Worm","floor":4,"turns":1},{"damage":0,"enemies":"Gremlin Nob","floor":6,"turns":1},{"damage":0,"enemies":"Cultist","floor":11,"turns":4},{"damage":34,"enemies":"The Guardian","floor":16,"turns":12},{"damage":25,"enemies":"3 Byrds","floor":18,"turns":5},{"damage":21,"enemies":"Spheric Guardian","floor":19,"turns":5},{"damage":12,"enemies":"Snecko","floor":22,"turns":7},{"damage":19,"enemies":"Centurion and Healer","floor":27,"turns":5}],"seed_played":"758221602001739444","potions_obtained":[{"floor":1,"key":"FocusPotion"},{"floor":6,"key":"Block Potion"},{"floor":16,"key":"LiquidBronze"},{"floor":18,"key":"Energy Potion"},{"floor":19,"key":"Explosive Potion"}],"is_trial":false,"path_per_floor":["M","?","?","M","$","E","?","R","T","?","M","$","R","T","R","B",null,"M","M","$","?","M","R","T","R","T","M"],"character_chosen":"DEFECT","items_purchased":["Defragment","Defragment"],"campfire_rested":0,"item_purchase_floors":[12,20],"current_hp_per_floor":[75,75,75,75,75,75,50,50,50,39,39,39,39,39,39,5,75,50,29,29,29,17,17,17,17,17,0],"gold":137,"neow_bonus":"THREE_ENEMY_KILL","is_prod":false,"is_daily":false,"chose_seed":false,"campfire_upgraded":5,"win_rate":0,"timestamp":1547190986,"path_taken":["M","?","?","?","$","E","?","R","T","?","M","?","R","?","R","BOSS","M","M","$","?","?","R","?","R","T","?"],"build_version":"2019-01-10","purchased_purges":1,"victory":false,"max_hp_per_floor":[75,75,75,75,75,75,75,75,75,75,75,75,75,75,75,75,75,75,75,75,75,75,75,75,75,75,75],"card_choices":[{"not_picked":["Ball Lightning","Compile Driver"],"picked":"Blizzard","floor":1},{"not_picked":["Beam Cell","Sunder"],"picked":"Blizzard","floor":4},{"not_picked":["Scrape","Core Surge"],"picked":"Genetic Algorithm","floor":6},{"not_picked":["Gash","Storm","Stack"],"picked":"SKIP","floor":11},{"not_picked":["Multi-Cast","Echo Form"],"picked":"All For One","floor":16},{"not_picked":["Lockon","Recycle"],"picked":"Scrape","floor":18},{"not_picked":["Conserve Battery","Steam"],"picked":"Auto Shields+1","floor":19},{"not_picked":["Compile Driver","Steam Power"],"picked":"Go for the Eyes+1","floor":22}],"player_experience":205596,"relics_obtained":[{"floor":6,"key":"Darkstone Periapt"},{"floor":9,"key":"Bag of Preparation"},{"floor":14,"key":"Bottled Flame"},{"floor":24,"key":"Du-Vu Doll"},{"floor":26,"key":"Bag of Marbles"}],"event_choices":[{"cards_removed":["Strike_B"],"damage_healed":0,"gold_gain":0,"player_choice":"Card Removal","damage_taken":0,"max_hp_gain":0,"max_hp_loss":0,"event_name":"The Cleric","floor":2,"gold_loss":50},{"damage_healed":0,"gold_gain":0,"player_choice":"Gave Potion","damage_taken":0,"relics_obtained":["Pocketwatch"],"max_hp_gain":0,"max_hp_loss":0,"event_name":"WeMeetAgain","floor":3,"gold_loss":0},{"damage_healed":0,"gold_gain":0,"player_choice":"Success","damage_taken":25,"relics_obtained":["Centennial Puzzle"],"max_hp_gain":0,"max_hp_loss":0,"event_name":"Scrap Ooze","floor":7,"gold_loss":0},{"damage_healed":0,"gold_gain":75,"player_choice":"Gather Gold","damage_taken":11,"max_hp_gain":0,"max_hp_loss":0,"event_name":"World of Goop","floor":10,"gold_loss":0},{"damage_healed":0,"gold_gain":0,"player_choice":"Leave","damage_taken":0,"max_hp_gain":0,"max_hp_loss":0,"event_name":"FaceTrader","floor":21,"gold_loss":0}],"is_beta":false,"boss_relics":[{"not_picked":["Coffee Dripper","Runic Dome"],"picked":"Inserter"}],"items_purged_floors":[5],"is_endless":false,"potions_floor_spawned":[1,6,16,18,19],"killed_by":"Centurion and Healer","ascension_level":0}