{"gold_per_floor":[109,109,109,121,140,140,160,160,208,208,2,2,37,37,37,139,139,155,13,13,103,23,57,57,77,159,169,189,189,189,215,215,316,316,332,332,332,344,357,357,388,388,388,403,403,403,422,441,441,441],"floor_reached":51,"playtime":3849,"items_purged":["Strike_G"],"score":807,"play_id":"13c0146a-b6c9-4977-ba4f-9f2762e3723e","local_time":"20190220231924","is_ascension_mode":true,"campfire_choices":[{"data":"Blade Dance","floor":6,"key":"SMITH"},{"data":"Survivor","floor":10,"key":"SMITH"},{"data":"Sucker Punch","floor":15,"key":"SMITH"},{"floor":24,"key":"REST"},{"floor":30,"key":"REST"},{"floor":32,"key":"REST"},{"data":"1","floor":40,"key":"LIFT"},{"floor":42,"key":"REST"},{"floor":46,"key":"REST"},{"floor":49,"key":"REST"}],"neow_cost":"NONE","seed_source_timestamp":183357579101038,"circlet_count":0,"master_deck":["Defend_G","Defend_G+1","Defend_G","Defend_G","Defend_G+1","Survivor+1","Neutralize+1","Dagger Throw","Blade Dance+1","Finisher","Finisher","Accuracy","Dagger Spray","Sucker Punch+1","Burst","Infinite Blades+1","Dagger Throw+1","Deflect+1","A Thousand Cuts","Necronomicurse","Infinite Blades","Backstab","Blade Dance","Outmaneuver+1","Tools of the Trade","Accuracy+1","Dodge and Roll+1","Accuracy+1","Noxious Fumes+1","Backflip","Acrobatics+1"],"relics":["Ring of the Snake","Lantern","Ancient Tea Set","War Paint","Singing Bowl","Potion Belt","Astrolabe","Necronomicon","Girya","Kunai","Dodecahedron","White Beast Statue","Mummified Hand","Anchor"],"potions_floor_usage":[16,27,28,35,38,44,44,47,50,50,50,50],"damage_taken":[{"damage":2,"enemies":"Small Slimes","floor":1,"turns":4},{"damage":0,"enemies":"2 Louse","floor":4,"turns":2},{"damage":0,"enemies":"Cultist","floor":5,"turns":4},{"damage":5,"enemies":"Gremlin Gang","floor":7,"turns":3},{"damage":0,"enemies":"3 Sentries","floor":13,"turns":4},{"damage":24,"enemies":"Slime Boss","floor":16,"turns":7},{"damage":8,"enemies":"2 Thieves","floor":18,"turns":3},{"damage":23,"enemies":"Gremlin Leader","floor":23,"turns":6},{"damage":18,"enemies":"3 Byrds","floor":25,"turns":5},{"damage":4,"enemies":"Centurion and Healer","floor":27,"turns":6},{"damage":1,"enemies":"Cultist and Chosen","floor":28,"turns":4},{"damage":10,"enemies":"Book of Stabbing","floor":31,"turns":5},{"damage":21,"enemies":"Champ","floor":33,"turns":12},{"damage":20,"enemies":"3 Darklings","floor":35,"turns":6},{"damage":2,"enemies":"3 Shapes","floor":38,"turns":2},{"damage":30,"enemies":"Spire Growth","floor":39,"turns":4},{"damage":15,"enemies":"Giant Head","floor":41,"turns":8},{"damage":12,"enemies":"Jaw Worm Horde","floor":44,"turns":4},{"damage":12,"enemies":"Maw","floor":47,"turns":6},{"damage":8,"enemies":"Spire Growth","floor":48,"turns":5},{"damage":46,"enemies":"Awakened One","floor":50,"turns":11}],"seed_played":"-2086393527122568364","potions_obtained":[{"floor":1,"key":"AttackPotion"},{"floor":4,"key":"Explosive Potion"},{"floor":7,"key":"AttackPotion"},{"floor":18,"key":"Fire Potion"},{"floor":25,"key":"Regen Potion"},{"floor":31,"key":"Fire Potion"},{"floor":33,"key":"Strength Potion"},{"floor":35,"key":"Weak Potion"},{"floor":38,"key":"PowerPotion"},{"floor":39,"key":"Explosive Potion"},{"floor":41,"key":"Regen Potion"},{"floor":44,"key":"LiquidBronze"},{"floor":45,"key":"Weak Potion"},{"floor":47,"key":"EssenceOfSteel"},{"floor":48,"key":"GhostInAJar"}],"is_trial":false,"path_per_floor":["M","?","?","M","M","R","M","?","T","R","$","T","E","$","R","B",null,"M","$","?","?","$","E","R","M","T","M","M","?","R","E","R","B",null,"M","?","?","M","M","R","E","R","T","M","?","R","M","M","R","B",null],"character_chosen":"THE_SILENT","items_purchased":["Accuracy","Dagger Spray","A Thousand Cuts","Infinite Blades"],"campfire_rested":6,"item_purchase_floors":[11,11,19,22],"current_hp_per_floor":[68,61,61,61,61,61,56,38,38,38,38,38,38,38,38,14,70,64,64,48,34,34,11,32,14,14,24,23,23,44,34,55,36,74,54,54,84,84,54,54,39,64,64,61,61,86,74,66,86,40],"gold":441,"neow_bonus":"RANDOM_COMMON_RELIC","is_prod":false,"is_daily":false,"chose_seed":false,"campfire_upgraded":3,"win_rate":0,"timestamp":1550726364,"path_taken":["M","?","?","M","?","R","?","?","T","R","$","?","E","?","R","BOSS","M","$","?","?","$","E","R","M","T","?","M","?","R","E","R","BOSS","M","?","?","M","?","R","E","R","T","?","?","R","M","M","R","BOSS"],"build_version":"2019-01-23","purchased_purges":1,"victory":true,"max_hp_per_floor":[70,70,70,70,70,70,70,70,70,70,70,70,70,70,70,70,70,72,72,72,72,72,72,72,72,72,72,72,72,72,72,72,74,74,74,74,84,86,86,86,86,86,86,86,86,86,86,86,86,86],"card_choices":[{"not_picked":["Catalyst","Underhanded Strike"],"picked":"Dagger Throw","floor":1},{"not_picked":["Eviscerate","Underhanded Strike"],"picked":"Blade Dance","floor":4},{"not_picked":["Outmaneuver","Bouncing Flask"],"picked":"Finisher","floor":5},{"not_picked":["Prepared","Adrenaline"],"picked":"Finisher","floor":7},{"not_picked":["Poisoned Stab","Dodge and Roll"],"picked":"Sucker Punch","floor":13},{"not_picked":["Glass Knife","Grand Finale"],"picked":"Burst","floor":16},{"not_picked":["Acrobatics","Dagger Throw","Dodge and Roll"],"picked":"Singing Bowl","floor":18},{"not_picked":["Finisher","Deflect"],"picked":"Backstab","floor":23},{"not_picked":["Deadly Poison+1","Reflex"],"picked":"Storm of Steel","floor":25},{"not_picked":["Noxious Fumes","Deflect"],"picked":"Blade Dance","floor":27},{"not_picked":["Prepared","Bane"],"picked":"Outmaneuver+1","floor":28},{"not_picked":["Poisoned Stab","Distraction"],"picked":"Tools of the Trade","floor":31},{"not_picked":["Unload","Night Terror","A Thousand Cuts"],"picked":"Singing Bowl","floor":33},{"not_picked":["Quick Slash+1","Crippling Poison"],"picked":"Accuracy+1","floor":35},{"not_picked":["Slice+1","Cloak And Dagger","Escape Plan"],"picked":"Singing Bowl","floor":38},{"not_picked":["All Out Attack+1","Sucker Punch"],"picked":"Dodge and Roll+1","floor":39},{"not_picked":["PiercingWail+1","Wraith Form v2"],"picked":"Accuracy+1","floor":41},{"not_picked":["Quick Slash","Underhanded Strike+1"],"picked":"Noxious Fumes+1","floor":44},{"not_picked":["Endless Agony+1","Dagger Throw+1"],"picked":"Backflip","floor":47},{"not_picked":["Sucker Punch","Leg Sweep+1"],"picked":"Acrobatics+1","floor":48}],"player_experience":389743,"relics_obtained":[{"floor":9,"key":"War Paint"},{"floor":12,"key":"Singing Bowl"},{"floor":13,"key":"Potion Belt"},{"floor":20,"key":"Necronomicon"},{"floor":23,"key":"Girya"},{"floor":26,"key":"Kunai"},{"floor":31,"key":"Dodecahedron"},{"floor":41,"key":"Mummified Hand"},{"floor":43,"key":"Anchor"}],"event_choices":[{"cards_removed":["Strike_G"],"damage_healed":0,"gold_gain":0,"player_choice":"Card Removal","damage_taken":7,"max_hp_gain":0,"max_hp_loss":0,"event_name":"Golden Wing","floor":2,"gold_loss":0},{"damage_healed":0,"gold_gain":0,"player_choice":"Upgraded","damage_taken":0,"max_hp_gain":0,"max_hp_loss":0,"event_name":"Upgrade Shrine","floor":3,"gold_loss":0,"cards_upgraded":["Neutralize"]},{"damage_healed":0,"gold_gain":0,"player_choice":"Success","damage_taken":18,"relics_obtained":["Ancient Tea Set"],"max_hp_gain":0,"max_hp_loss":0,"event_name":"Scrap Ooze","floor":8,"gold_loss":0},{"damage_healed":0,"gold_gain":0,"player_choice":"Obtained Book","damage_taken":16,"max_hp_gain":0,"max_hp_loss":0,"event_name":"Cursed Tome","floor":20,"gold_loss":0},{"damage_healed":0,"gold_gain":90,"player_choice":"GOLD ","damage_taken":14,"max_hp_gain":0,"max_hp_loss":0,"event_name":"Knowing Skull","floor":21,"potions_obtained":[],"gold_loss":0,"cards_obtained":[]},{"damage_healed":0,"gold_gain":0,"player_choice":"Ignored","damage_taken":0,"max_hp_gain":0,"max_hp_loss":0,"event_name":"Ghosts","floor":29,"gold_loss":0},{"damage_healed":0,"gold_gain":0,"player_choice":"Ignored","damage_taken":0,"max_hp_gain":0,"max_hp_loss":0,"event_name":"Tomb of Lord Red Mask","floor":36,"gold_loss":0},{"cards_removed":["Storm of Steel"],"damage_healed":20,"gold_gain":0,"player_choice":"Offered Rare","damage_taken":0,"max_hp_gain":10,"max_hp_loss":0,"event_name":"Bonfire Elementals","floor":37,"gold_loss":0},{"damage_healed":0,"gold_gain":0,"player_choice":"Got Potions","damage_taken":0,"max_hp_gain":0,"max_hp_loss":0,"event_name":"Lab","floor":45,"gold_loss":0}],"is_beta":false,"boss_relics":[{"not_picked":["Fusion Hammer","Black Star"],"picked":"Astrolabe"},{"not_picked":["Pandora\u0027s Box","Snecko Eye"],"picked":"White Beast Statue"}],"items_purged_floors":[11],"is_endless":false,"potions_floor_spawned":[1,4,7,18,25,31,33,35,38,39,41,44,47,48],"ascension_level":2}