{"gold_per_floor":[366,385,404,45,60,60,75,75,75,95,170,170,345,358,358,457,457,470,74,74,90,106,106,122,122,174,174,48,61,61,161,161,264,264,278,46,93,112,129,155,155,155,180,180,200,200,200,200,200,200],"floor_reached":51,"playtime":1890,"items_purged":["Shame","Strike_B","Strike_B"],"score":742,"play_id":"539e27ff-d1ea-405b-9865-fcf6c13171d4","local_time":"20190311022557","is_ascension_mode":false,"campfire_choices":[{"data":"Zap","floor":6,"key":"SMITH"},{"data":"Dualcast","floor":12,"key":"SMITH"},{"data":"Skim","floor":15,"key":"SMITH"},{"data":"Biased Cognition","floor":23,"key":"SMITH"},{"data":"FTL","floor":25,"key":"SMITH"},{"data":"Ball Lightning","floor":27,"key":"SMITH"},{"floor":32,"key":"REST"},{"data":"Strike_B","floor":42,"key":"PURGE"},{"data":"Defend_B","floor":44,"key":"PURGE"},{"data":"Defend_B","floor":47,"key":"PURGE"},{"data":"Defend_B","floor":49,"key":"PURGE"}],"neow_cost":"CURSE","seed_source_timestamp":1863060894955,"circlet_count":0,"master_deck":["Strike_B","Defend_B","Zap+1","Dualcast+1","Ball Lightning+1","Skim+1","FTL+1","Discovery+1","Cold Snap","Conserve Battery+1","Hologram+1","FTL+1","Biased Cognition+1","Coolheaded+1","Leap+1","Conserve Battery+1","Capacitor+1","Conserve Battery+1","Go for the Eyes+1","Coolheaded+1","Seek+1","Leap+1","All For One+1","Sweeping Beam+1","Rip and Tear+1","White Noise+1","Chill+1","Sweeping Beam+1","Auto Shields+1","Bandage Up+1","Mind Blast+1","Transmutation+1","FTL+1"],"relics":["Cracked Core","Toxic Egg 2","Molten Egg 2","Sozu","Bag of Marbles","Lantern","Ice Cream","Mercury Hourglass","Busted Crown","Dead Branch","Peace Pipe","Happy Flower"],"potions_floor_usage":[7,16,31],"damage_taken":[{"damage":0,"enemies":"Cultist","floor":1,"turns":3},{"damage":5,"enemies":"Small Slimes","floor":2,"turns":4},{"damage":0,"enemies":"2 Louse","floor":3,"turns":2},{"damage":12,"enemies":"2 Fungi Beasts","floor":5,"turns":4},{"damage":12,"enemies":"Gremlin Gang","floor":7,"turns":4},{"damage":0,"enemies":"Large Slime","floor":10,"turns":4},{"damage":4,"enemies":"3 Louse","floor":14,"turns":3},{"damage":8,"enemies":"Hexaghost","floor":16,"turns":8},{"damage":0,"enemies":"Spheric Guardian","floor":18,"turns":3},{"damage":5,"enemies":"3 Byrds","floor":21,"turns":4},{"damage":0,"enemies":"Snecko","floor":22,"turns":4},{"damage":0,"enemies":"Centurion and Healer","floor":24,"turns":5},{"damage":0,"enemies":"Shelled Parasite and Fungi","floor":29,"turns":5},{"damage":4,"enemies":"Colosseum Slavers","floor":31,"turns":2},{"damage":7,"enemies":"Colosseum Nobs","floor":31,"turns":3},{"damage":24,"enemies":"Automaton","floor":33,"turns":11},{"damage":0,"enemies":"Orb Walker","floor":35,"turns":1},{"damage":0,"enemies":"2 Orb Walkers","floor":37,"turns":3},{"damage":0,"enemies":"3 Shapes","floor":38,"turns":2},{"damage":0,"enemies":"Spire Growth","floor":39,"turns":3},{"damage":0,"enemies":"Nemesis","floor":40,"turns":5},{"damage":0,"enemies":"Maw","floor":45,"turns":12},{"damage":33,"enemies":"Donu and Deca","floor":50,"turns":8}],"seed_played":"-7632981042220532664","potions_obtained":[{"floor":1,"key":"LiquidBronze"},{"floor":5,"key":"EssenceOfSteel"},{"floor":10,"key":"SteroidPotion"}],"is_trial":false,"path_per_floor":["M","M","M","$","M","R","M","$","T","M","?","R","?","M","R","B",null,"M","$","?","M","M","R","M","R","T","R","$","M","?","?","R","B",null,"M","$","?","M","M","E","?","R","T","R","M","?","R","?","R","B",null],"character_chosen":"DEFECT","items_purchased":["Toxic Egg 2","Discovery+1","Bag of Marbles","Leap+1","Conserve Battery+1","Sunder+1","Coolheaded+1","Rip and Tear+1","White Noise+1"],"campfire_rested":1,"item_purchase_floors":[4,4,19,19,19,19,28,36,36],"current_hp_per_floor":[75,70,70,70,58,58,46,46,46,46,35,35,35,31,31,23,75,75,75,75,70,70,70,70,70,70,70,70,70,56,45,69,45,80,80,80,80,80,80,80,70,70,70,70,76,76,76,76,76,47],"gold":200,"neow_bonus":"TWO_FIFTY_GOLD","is_prod":false,"is_daily":false,"chose_seed":false,"campfire_upgraded":6,"win_rate":0,"timestamp":1552292757,"path_taken":["M","?","M","$","M","R","M","$","T","M","?","R","?","M","R","BOSS","M","$","?","M","M","R","?","R","T","R","$","M","?","?","R","BOSS","M","$","?","M","M","E","?","R","T","R","M","?","R","?","R","BOSS"],"build_version":"2019-01-23","purchased_purges":3,"victory":true,"max_hp_per_floor":[75,75,75,75,75,75,75,75,75,75,75,75,75,75,75,75,75,75,75,75,75,75,75,75,75,75,75,75,75,80,80,80,80,80,80,80,80,80,80,80,80,80,80,80,80,80,80,80,80,80],"card_choices":[{"not_picked":["Conserve Battery","Turbo"],"picked":"Ball Lightning","floor":1},{"not_picked":["Stack","Recycle"],"picked":"Skim","floor":2},{"not_picked":["Gash","Heatsinks"],"picked":"FTL","floor":3},{"not_picked":["Go for the Eyes","Redo+1"],"picked":"Cold Snap","floor":5},{"not_picked":["Gash","Static Discharge"],"picked":"Conserve Battery+1","floor":7},{"not_picked":["Rip and Tear+1","BootSequence+1"],"picked":"Hologram+1","floor":10},{"not_picked":["Barrage+1","Conserve Battery+1"],"picked":"FTL+1","floor":14},{"not_picked":["Meteor Strike+1","Amplify+1"],"picked":"Biased Cognition","floor":16},{"not_picked":["Turbo+1","Cold Snap+1"],"picked":"Coolheaded+1","floor":18},{"not_picked":["Loop","Compile Driver+1"],"picked":"Capacitor+1","floor":21},{"not_picked":["Leap+1","Lockon+1"],"picked":"Conserve Battery+1","floor":22},{"not_picked":["Rebound+1","Steam+1"],"picked":"Go for the Eyes+1","floor":24},{"not_picked":["White Noise+1","Doom and Gloom+1"],"picked":"Seek+1","floor":29},{"not_picked":["Skim+1","Barrage+1"],"picked":"Leap+1","floor":31},{"not_picked":["Echo Form","Seek+1"],"picked":"All For One+1","floor":33},{"not_picked":[],"picked":"Sweeping Beam+1","floor":35},{"not_picked":[],"picked":"Chill+1","floor":37},{"not_picked":["Steam+1"],"picked":"SKIP","floor":38},{"not_picked":[],"picked":"Sweeping Beam+1","floor":39},{"not_picked":[],"picked":"Auto Shields+1","floor":40},{"not_picked":[],"picked":"Bandage Up+1","floor":41},{"not_picked":[],"picked":"Mind Blast+1","floor":41},{"not_picked":[],"picked":"Transmutation+1","floor":41},{"not_picked":[],"picked":"FTL+1","floor":45}],"player_experience":1032703,"relics_obtained":[{"floor":9,"key":"Molten Egg 2"},{"floor":26,"key":"Lantern"},{"floor":31,"key":"Ice Cream"},{"floor":31,"key":"Mercury Hourglass"},{"floor":37,"key":"Dead Branch"},{"floor":40,"key":"Peace Pipe"},{"floor":43,"key":"Happy Flower"}],"event_choices":[{"damage_healed":0,"gold_gain":75,"player_choice":"Gather Gold","damage_taken":11,"max_hp_gain":0,"max_hp_loss":0,"event_name":"World of Goop","floor":11,"gold_loss":0},{"damage_healed":0,"gold_gain":175,"player_choice":"AGREE","damage_taken":0,"max_hp_gain":0,"max_hp_loss":0,"event_name":"Liars Game","floor":13,"gold_loss":0,"cards_obtained":["Doubt"]},{"cards_removed":["Doubt"],"damage_healed":0,"gold_gain":0,"player_choice":"Purged","damage_taken":0,"max_hp_gain":0,"max_hp_loss":0,"event_name":"Purifier","floor":20,"gold_loss":0},{"damage_healed":0,"gold_gain":0,"player_choice":"Shed Blood","damage_taken":19,"max_hp_gain":5,"max_hp_loss":0,"event_name":"Forgotten Altar","floor":30,"gold_loss":0},{"damage_healed":0,"gold_gain":0,"player_choice":"Fight","damage_taken":0,"max_hp_gain":0,"max_hp_loss":0,"event_name":"Colosseum","floor":31,"gold_loss":0},{"damage_healed":0,"gold_gain":0,"player_choice":"Fought Nobs","damage_taken":0,"max_hp_gain":0,"max_hp_loss":0,"event_name":"Colosseum","floor":31,"gold_loss":0},{"damage_healed":0,"gold_gain":0,"player_choice":"Fight","damage_taken":0,"max_hp_gain":0,"max_hp_loss":0,"event_name":"Mysterious Sphere","floor":37,"gold_loss":0},{"damage_healed":0,"gold_gain":0,"player_choice":"Memory 3","damage_taken":10,"max_hp_gain":0,"max_hp_loss":0,"event_name":"SensoryStone","floor":41,"gold_loss":0},{"damage_healed":0,"gold_gain":0,"player_choice":"Ignored","damage_taken":0,"max_hp_gain":0,"max_hp_loss":0,"event_name":"Tomb of Lord Red Mask","floor":46,"gold_loss":0},{"cards_removed":["Sunder"],"damage_healed":0,"gold_gain":0,"player_choice":"Removed Attack","damage_taken":0,"max_hp_gain":0,"max_hp_loss":0,"event_name":"Falling","floor":48,"gold_loss":0}],"is_beta":false,"boss_relics":[{"not_picked":["Coffee Dripper","Inserter"],"picked":"Sozu"},{"not_picked":["White Beast Statue","Eternal Feather"],"picked":"Busted Crown"}],"items_purged_floors":[19,28,36],"is_endless":false,"potions_floor_spawned":[1,5,10,22,29,31,37,39],"ascension_level":0}