{"gold_per_floor":[119,23,23,35,35,35,51,61,87,102,102,113,113,125,125,222,272,290,290,290,290,273,273,273],"floor_reached":24,"playtime":1672,"items_purged":[],"score":197,"play_id":"19c4fdc3-1fcc-4002-8480-a4466621e5a9","local_time":"20190121235713","is_ascension_mode":true,"campfire_choices":[{"data":"Leap","floor":6,"key":"SMITH"},{"data":"Darkness","floor":11,"key":"SMITH"},{"data":"Glacier","floor":13,"key":"SMITH"},{"floor":15,"key":"REST"},{"data":"Machine Learning","floor":23,"key":"SMITH"}],"neow_cost":"NONE","seed_source_timestamp":273394184362928,"circlet_count":0,"master_deck":["Strike_B+1","Strike_B+1","Strike_B+1","Strike_B+1","Defend_B+1","Defend_B+1","Defend_B+1","Defend_B+1","Zap","Dualcast","Heatsinks+1","Cold Snap+1","Coolheaded+1","Leap+1","Darkness+1","Leap","Glacier+1","Ball Lightning","Machine Learning+1","Coolheaded+1"],"relics":["Cracked Core","NeowsBlessing","Regal Pillow","Tiny House"],"potions_floor_usage":[19,24,24,24],"damage_taken":[{"damage":0,"enemies":"Cultist","floor":1,"turns":1},{"damage":0,"enemies":"Small Slimes","floor":4,"turns":1},{"damage":0,"enemies":"2 Louse","floor":7,"turns":1},{"damage":5,"enemies":"Blue Slaver","floor":8,"turns":3},{"damage":6,"enemies":"3 Louse","floor":10,"turns":4},{"damage":11,"enemies":"Large Slime","floor":12,"turns":3},{"damage":0,"enemies":"Looter","floor":14,"turns":4},{"damage":45,"enemies":"Hexaghost","floor":16,"turns":13},{"damage":10,"enemies":"Spheric Guardian","floor":18,"turns":4},{"damage":18,"enemies":"Colosseum Slavers","floor":19,"turns":7},{"damage":13,"enemies":"2 Thieves","floor":22,"turns":4},{"damage":52,"enemies":"Gremlin Leader","floor":24,"turns":9}],"seed_played":"-6216898499629602088","potions_obtained":[{"floor":4,"key":"Block Potion"},{"floor":8,"key":"FocusPotion"},{"floor":17,"key":"Weak Potion"},{"floor":22,"key":"FocusPotion"}],"is_trial":false,"path_per_floor":["M","$","?","M","?","R","M","M","T","M","R","M","R","M","R","B",null,"M","?","?","?","M","R","E"],"character_chosen":"DEFECT","items_purchased":["Cold Snap","Coolheaded"],"campfire_rested":1,"item_purchase_floors":[2,2],"current_hp_per_floor":[75,75,75,75,60,60,60,55,55,49,49,38,38,38,75,30,80,70,52,52,52,39,39,0],"gold":273,"neow_bonus":"THREE_ENEMY_KILL","is_prod":false,"is_daily":false,"chose_seed":false,"campfire_upgraded":4,"win_rate":0,"timestamp":1548136633,"path_taken":["M","?","?","?","?","R","M","M","T","M","R","M","R","M","R","BOSS","M","?","?","?","M","R","E"],"build_version":"2019-01-17v2","purchased_purges":0,"victory":false,"max_hp_per_floor":[75,75,75,75,75,75,75,75,75,75,75,75,75,75,75,75,80,80,80,80,80,80,80,80],"card_choices":[{"not_picked":["Rebound","Compile Driver"],"picked":"Heatsinks","floor":1},{"not_picked":["Double Energy","Gash"],"picked":"Leap","floor":4},{"not_picked":["Steam","Stack"],"picked":"Darkness","floor":7},{"not_picked":["Turbo","Amplify","Steam"],"picked":"SKIP","floor":8},{"not_picked":["Aggregate","Reprogram"],"picked":"Leap","floor":10},{"not_picked":["Reprogram","Rebound"],"picked":"Glacier","floor":12},{"not_picked":["Hello World","Beam Cell"],"picked":"Ball Lightning","floor":14},{"not_picked":["Fission","All For One"],"picked":"Machine Learning","floor":16},{"not_picked":["Rebound","Beam Cell"],"picked":"Coolheaded+1","floor":18},{"not_picked":["Stack+1","Electrodynamics","Steam"],"picked":"SKIP","floor":22}],"player_experience":267033,"relics_obtained":[{"floor":9,"key":"Regal Pillow"}],"event_choices":[{"damage_healed":0,"gold_gain":0,"player_choice":"Upgraded","damage_taken":0,"max_hp_gain":0,"max_hp_loss":0,"event_name":"Upgrade Shrine","floor":3,"gold_loss":0,"cards_upgraded":["Cold Snap"]},{"damage_healed":0,"gold_gain":0,"player_choice":"Entered Light","damage_taken":15,"max_hp_gain":0,"max_hp_loss":0,"event_name":"Shining Light","floor":5,"gold_loss":0,"cards_upgraded":["Strike_B","Coolheaded"]},{"damage_healed":0,"gold_gain":0,"player_choice":"Fight","damage_taken":0,"max_hp_gain":0,"max_hp_loss":0,"event_name":"Colosseum","floor":19,"gold_loss":0},{"damage_healed":0,"gold_gain":0,"player_choice":"Fled From Nobs","damage_taken":0,"max_hp_gain":0,"max_hp_loss":0,"event_name":"Colosseum","floor":19,"gold_loss":0},{"damage_healed":0,"gold_gain":0,"player_choice":"Ignored","damage_taken":0,"max_hp_gain":0,"max_hp_loss":0,"event_name":"Ghosts","floor":20,"gold_loss":0},{"damage_healed":0,"gold_gain":0,"player_choice":"Simplicity","damage_taken":0,"max_hp_gain":0,"max_hp_loss":0,"event_name":"Back to Basics","floor":21,"gold_loss":0,"cards_upgraded":["Strike_B","Strike_B","Strike_B","Defend_B","Defend_B","Defend_B","Defend_B"]}],"is_beta":false,"boss_relics":[{"not_picked":["Snecko Eye","Runic Pyramid"],"picked":"Tiny House"}],"items_purged_floors":[],"is_endless":false,"potions_floor_spawned":[4,8,22],"killed_by":"Gremlin Leader","ascension_level":1}