{"gold_per_floor":[365,290,290,290,304,345,345,381,381,381,381,381,405,459,459,579,579,599,612,612,628,553,553,164,164,164,164,208,232,232,57,57,183,246,262,215,215,233,156,170,170],"floor_reached":41,"playtime":2858,"items_purged":["Strike_B","Strike_B","Strike_B"],"score":477,"play_id":"15abb025-0135-4721-99a0-da98677e2be7","local_time":"20190420234253","is_ascension_mode":true,"campfire_choices":[{"floor":7,"key":"REST"},{"data":"Creative AI","floor":10,"key":"SMITH"},{"floor":12,"key":"REST"},{"floor":15,"key":"REST"},{"floor":23,"key":"REST"},{"data":"Loop","floor":25,"key":"SMITH"},{"floor":30,"key":"REST"},{"floor":32,"key":"REST"}],"neow_cost":"TEN_PERCENT_HP_LOSS","seed_source_timestamp":1844797781145,"circlet_count":0,"master_deck":["Defend_B","Defend_B","Defend_B","Defend_B","Zap+1","Dualcast","Cold Snap","Gash","Core Surge","Creative AI+1","Meteor Strike","Cold Snap","Static Discharge+1","Gash","Capacitor","Bandage Up","Redo","Loop+1","Skim+1","Ball Lightning","Hologram+1","Gash","Core Surge","Reinforced Body+1","Redo+1","Coolheaded","Compile Driver+1","White Noise","Force Field+1"],"relics":["Cracked Core","Golden Idol","Shuriken","Incense Burner","Mummified Hand","Cursed Key","PreservedInsect","Tiny House"],"potions_floor_usage":[16,21,33,40],"damage_taken":[{"damage":7,"enemies":"Jaw Worm","floor":1,"turns":3},{"damage":2,"enemies":"Small Slimes","floor":5,"turns":3},{"damage":26,"enemies":"Lagavulin","floor":6,"turns":7},{"damage":28,"enemies":"Gremlin Nob","floor":8,"turns":4},{"damage":1,"enemies":"Cultist","floor":13,"turns":3},{"damage":33,"enemies":"Hexaghost","floor":16,"turns":11},{"damage":27,"enemies":"2 Thieves","floor":18,"turns":3},{"damage":6,"enemies":"Chosen","floor":19,"turns":5},{"damage":1,"enemies":"Shelled Parasite and Fungi","floor":21,"turns":6},{"damage":30,"enemies":"Book of Stabbing","floor":28,"turns":4},{"damage":14,"enemies":"3 Cultists","floor":29,"turns":5},{"damage":49,"enemies":"Champ","floor":33,"turns":9},{"damage":15,"enemies":"3 Shapes","floor":35,"turns":3},{"damage":9,"enemies":"Orb Walker","floor":38,"turns":4},{"damage":30,"enemies":"Maw","floor":40,"turns":6},{"damage":31,"enemies":"Reptomancer","floor":41,"turns":2}],"seed_played":"-899030185694467252","potions_obtained":[{"floor":6,"key":"FocusPotion"},{"floor":13,"key":"EssenceOfSteel"},{"floor":16,"key":"LiquidBronze"},{"floor":28,"key":"AttackPotion"},{"floor":29,"key":"Dexterity Potion"},{"floor":34,"key":"Poison Potion"},{"floor":38,"key":"Weak Potion"}],"is_trial":false,"path_per_floor":["M","$","?","?","M","E","R","E","T","R","?","R","M","?","R","B",null,"M","M","?","M","?","R","$","R","T","?","E","M","R","$","R","B",null,"M","$","?","M","$","M","E"],"character_chosen":"DEFECT","items_purchased":["Bandage Up","Redo","Loop","Skim","Gash","Coolheaded","White Noise"],"campfire_rested":6,"item_purchase_floors":[24,24,24,24,31,36,39],"current_hp_per_floor":[61,61,61,66,64,38,58,30,30,30,30,50,49,49,68,35,68,41,35,35,34,34,54,54,54,54,54,28,18,38,38,58,13,73,62,62,62,57,57,31,0],"gold":170,"neow_bonus":"TWO_FIFTY_GOLD","is_prod":false,"is_daily":false,"chose_seed":false,"campfire_upgraded":2,"win_rate":0,"timestamp":1555821773,"path_taken":["M","$","?","?","M","E","R","E","T","R","?","R","?","?","R","BOSS","M","M","?","?","?","R","$","R","T","?","E","M","R","$","R","BOSS","M","$","?","M","$","M","E"],"build_version":"2019-01-23","purchased_purges":3,"victory":false,"max_hp_per_floor":[68,68,63,68,68,68,68,68,68,68,68,68,68,68,68,68,68,68,68,68,68,68,68,68,68,68,68,68,68,68,68,68,68,73,73,73,73,73,73,73,73],"card_choices":[{"not_picked":["Barrage","Stack"],"picked":"Cold Snap","floor":1},{"not_picked":["Stack","Turbo"],"picked":"Gash","floor":5},{"not_picked":["White Noise","Stack"],"picked":"Core Surge","floor":6},{"not_picked":["Gash","Defragment"],"picked":"Creative AI","floor":8},{"not_picked":["Stack","Steam Power","Turbo"],"picked":"SKIP","floor":13},{"not_picked":["Fission","Electrodynamics"],"picked":"Meteor Strike","floor":16},{"not_picked":["Doom and Gloom","Aggregate"],"picked":"Cold Snap","floor":18},{"not_picked":["Turbo","Steam Power"],"picked":"Static Discharge+1","floor":19},{"not_picked":["Leap","Cold Snap"],"picked":"Capacitor","floor":21},{"not_picked":["Blizzard","Streamline"],"picked":"Ball Lightning","floor":28},{"not_picked":["Compile Driver","Steam"],"picked":"Hologram+1","floor":29},{"not_picked":["Reboot","Electrodynamics"],"picked":"Core Surge","floor":33},{"not_picked":["Redo","Auto Shields"],"picked":"Reinforced Body+1","floor":34},{"not_picked":["Consume","Undo+1"],"picked":"Redo+1","floor":35},{"not_picked":["Capacitor+1","Ball Lightning+1"],"picked":"Compile Driver+1","floor":38},{"not_picked":["Capacitor","Double Energy"],"picked":"Force Field+1","floor":40}],"player_experience":452431,"relics_obtained":[{"floor":6,"key":"Shuriken"},{"floor":8,"key":"Incense Burner"},{"floor":9,"key":"Mummified Hand"},{"floor":28,"key":"PreservedInsect"}],"event_choices":[{"damage_healed":0,"gold_gain":0,"player_choice":"Lose Max HP","damage_taken":0,"relics_obtained":["Golden Idol"],"max_hp_gain":0,"max_hp_loss":5,"event_name":"Golden Idol","floor":3,"gold_loss":0},{"damage_healed":0,"gold_gain":0,"player_choice":"Donut","damage_taken":0,"max_hp_gain":5,"max_hp_loss":0,"event_name":"Big Fish","floor":4,"gold_loss":0},{"damage_healed":0,"gold_gain":0,"player_choice":"Upgraded","damage_taken":0,"max_hp_gain":0,"max_hp_loss":0,"event_name":"Upgrade Shrine","floor":11,"gold_loss":0,"cards_upgraded":["Zap"]},{"damage_healed":0,"gold_gain":54,"player_choice":"Gained Gold","damage_taken":0,"max_hp_gain":0,"max_hp_loss":0,"event_name":"Golden Wing","floor":14,"gold_loss":0},{"damage_healed":0,"gold_gain":0,"player_choice":"Copied","damage_taken":0,"max_hp_gain":0,"max_hp_loss":0,"event_name":"Duplicator","floor":20,"gold_loss":0,"cards_obtained":["Gash"]},{"cards_removed":["Strike_B"],"damage_healed":0,"gold_gain":0,"player_choice":"Gave Gold","damage_taken":0,"max_hp_gain":0,"max_hp_loss":0,"event_name":"Beggar","floor":22,"gold_loss":75},{"damage_healed":0,"gold_gain":0,"player_choice":"Ignored","damage_taken":0,"max_hp_gain":0,"max_hp_loss":0,"event_name":"Ghosts","floor":27,"gold_loss":0},{"damage_healed":0,"gold_gain":0,"player_choice":"Ignored","damage_taken":0,"max_hp_gain":0,"max_hp_loss":0,"event_name":"Tomb of Lord Red Mask","floor":37,"gold_loss":0}],"is_beta":false,"boss_relics":[{"not_picked":["Velvet Choker","Coffee Dripper"],"picked":"Cursed Key"},{"not_picked":["Lizard Tail","Fusion Hammer"],"picked":"Tiny House"}],"items_purged_floors":[2,24,31],"is_endless":false,"potions_floor_spawned":[6,13,16,28,29,38],"killed_by":"Reptomancer","ascension_level":3}