{"gold_per_floor":[215,35,49,49,67,67,67,88,88,163,163,186,222,245,245,245],"floor_reached":16,"playtime":909,"items_purged":["Strike_G"],"score":117,"play_id":"e2c0c07b-110e-4722-8389-9396b4709d9f","local_time":"20190313011117","is_ascension_mode":true,"campfire_choices":[{"data":"Footwork","floor":6,"key":"SMITH"},{"floor":11,"key":"REST"},{"floor":15,"key":"REST"}],"neow_cost":"NONE","seed_source_timestamp":188983806452716,"circlet_count":0,"master_deck":["Defend_G","Defend_G","Defend_G","Defend_G","Defend_G","Strike_G","Strike_G","Strike_G","Strike_G","Survivor","Neutralize","Footwork+1","Quick Slash","Bouncing Flask","Flying Knee","Acrobatics","Terror","Sucker Punch","Reflex","Noxious Fumes"],"relics":["Ring of the Snake","Golden Idol","Gremlin Horn","Paper Crane"],"potions_floor_usage":[13,16],"damage_taken":[{"damage":3,"enemies":"Small Slimes","floor":1,"turns":5},{"damage":0,"enemies":"2 Louse","floor":3,"turns":3},{"damage":2,"enemies":"Jaw Worm","floor":5,"turns":3},{"damage":16,"enemies":"Exordium Wildlife","floor":8,"turns":6},{"damage":9,"enemies":"Blue Slaver","floor":12,"turns":4},{"damage":22,"enemies":"Lagavulin","floor":13,"turns":6},{"damage":4,"enemies":"2 Fungi Beasts","floor":14,"turns":4},{"damage":39,"enemies":"Slime Boss","floor":16,"turns":7}],"seed_played":"-6046404144570537172","potions_obtained":[{"floor":1,"key":"Weak Potion"},{"floor":8,"key":"GamblersBrew"}],"is_trial":false,"path_per_floor":["M","$","M","?","M","R","?","M","T","?","R","M","E","M","R","B"],"character_chosen":"THE_SILENT","items_purchased":["Quick Slash","Bouncing Flask"],"campfire_rested":2,"item_purchase_floors":[2,2],"current_hp_per_floor":[67,67,67,65,63,63,63,47,47,36,55,46,24,20,39,0],"gold":245,"neow_bonus":"HUNDRED_GOLD","is_prod":false,"is_daily":false,"chose_seed":false,"campfire_upgraded":1,"win_rate":0,"timestamp":1552457477,"path_taken":["M","$","M","?","M","R","?","M","T","?","R","M","E","M","R","BOSS"],"build_version":"2019-01-23","purchased_purges":1,"victory":false,"max_hp_per_floor":[70,70,70,65,65,65,65,65,65,65,65,65,65,65,65,65],"card_choices":[{"not_picked":["Expertise","Deflect"],"picked":"Footwork","floor":1},{"not_picked":["Dagger Throw","Outmaneuver"],"picked":"Flying Knee","floor":3},{"not_picked":["Quick Slash","All Out Attack"],"picked":"Acrobatics","floor":5},{"not_picked":["PiercingWail","All Out Attack"],"picked":"Terror","floor":8},{"not_picked":["Acrobatics","Underhanded Strike"],"picked":"Sucker Punch","floor":12},{"not_picked":["Predator","Malaise"],"picked":"Reflex","floor":13},{"not_picked":["Endless Agony","Dagger Throw"],"picked":"Noxious Fumes","floor":14}],"player_experience":408822,"relics_obtained":[{"floor":9,"key":"Gremlin Horn"},{"floor":13,"key":"Paper Crane"}],"event_choices":[{"damage_healed":0,"gold_gain":0,"player_choice":"Lose Max HP","damage_taken":0,"relics_obtained":["Golden Idol"],"max_hp_gain":0,"max_hp_loss":5,"event_name":"Golden Idol","floor":4,"gold_loss":0},{"damage_healed":0,"gold_gain":0,"player_choice":"Ignored","damage_taken":0,"max_hp_gain":0,"max_hp_loss":0,"event_name":"Liars Game","floor":7,"gold_loss":0},{"damage_healed":0,"gold_gain":75,"player_choice":"Gather Gold","damage_taken":11,"max_hp_gain":0,"max_hp_loss":0,"event_name":"World of Goop","floor":10,"gold_loss":0}],"is_beta":false,"boss_relics":[],"items_purged_floors":[2],"is_endless":false,"potions_floor_spawned":[1,8],"killed_by":"Slime Boss","ascension_level":3}