{"gold_per_floor":[113,132,132,145,157,157,176,209,209,209,222,247,20,32,32,130,130,142,48,61,75,87,119,135,135,158,174,189,202,202,229,229,334,334,352,20,20,74,85,85,119,138,165,192,192,206,206,226,226,226],"floor_reached":51,"playtime":2383,"items_purged":[],"score":840,"play_id":"1f601824-9467-4d37-8cab-dd0537e70555","local_time":"20190506121125","is_ascension_mode":false,"campfire_choices":[{"data":"Perfected Strike","floor":6,"key":"SMITH"},{"floor":10,"key":"REST"},{"data":"Whirlwind","floor":15,"key":"SMITH"},{"data":"Armaments","floor":25,"key":"SMITH"},{"data":"Clothesline","floor":30,"key":"SMITH"},{"data":"Inflame","floor":32,"key":"SMITH"},{"data":"Immolate","floor":40,"key":"SMITH"},{"data":"Perfected Strike","floor":45,"key":"SMITH"},{"data":"Spot Weakness","floor":47,"key":"SMITH"},{"data":"Perfected Strike","floor":49,"key":"SMITH"}],"neow_cost":"PERCENT_DAMAGE","seed_source_timestamp":198084758053000,"circlet_count":0,"master_deck":["Strike_R","Strike_R","Strike_R","Strike_R","Defend_R","Defend_R","Defend_R","Defend_R","Bash","Double Tap","Armaments+1","Inflame+1","Headbutt","Perfected Strike+1","Carnage","Iron Wave","Whirlwind+1","Iron Wave","Spot Weakness+1","Reaper","Shrug It Off","Immolate+1","Perfected Strike+1","Perfected Strike+1","Battle Trance","Shrug It Off","Warcry+1","Armaments+1","Shrug It Off+1","Reaper","Clothesline+1","Pommel Strike+1","Feed","Ghostly Armor+1","Corruption","PanicButton","Shrug It Off","Shrug It Off","Flame Barrier+1"],"relics":["Burning Blood","Ice Cream","Thread and Needle","Calipers","Sozu","Torii","Omamori","StoneCalendar","Snecko Eye","Mummified Hand","Charon\u0027s Ashes","Art of War","Blood Vial","Dead Branch"],"potions_floor_usage":[20,50],"damage_taken":[{"damage":4,"enemies":"Small Slimes","floor":1,"turns":4},{"damage":6,"enemies":"Jaw Worm","floor":2,"turns":4},{"damage":6,"enemies":"2 Louse","floor":4,"turns":3},{"damage":19,"enemies":"Gremlin Gang","floor":5,"turns":9},{"damage":5,"enemies":"2 Fungi Beasts","floor":7,"turns":3},{"damage":35,"enemies":"3 Sentries","floor":8,"turns":6},{"damage":7,"enemies":"Large Slime","floor":11,"turns":7},{"damage":16,"enemies":"Gremlin Nob","floor":12,"turns":4},{"damage":9,"enemies":"Exordium Thugs","floor":14,"turns":5},{"damage":26,"enemies":"Hexaghost","floor":16,"turns":9},{"damage":0,"enemies":"Chosen","floor":18,"turns":3},{"damage":6,"enemies":"2 Thieves","floor":20,"turns":2},{"damage":14,"enemies":"Snecko","floor":21,"turns":4},{"damage":11,"enemies":"Shelled Parasite and Fungi","floor":22,"turns":6},{"damage":40,"enemies":"Gremlin Leader","floor":23,"turns":7},{"damage":1,"enemies":"Sentry and Sphere","floor":24,"turns":3},{"damage":7,"enemies":"Snecko","floor":27,"turns":5},{"damage":21,"enemies":"Snake Plant","floor":28,"turns":4},{"damage":0,"enemies":"Sentry and Sphere","floor":29,"turns":3},{"damage":23,"enemies":"Book of Stabbing","floor":31,"turns":6},{"damage":50,"enemies":"Champ","floor":33,"turns":11},{"damage":0,"enemies":"3 Darklings","floor":35,"turns":2},{"damage":1,"enemies":"2 Orb Walkers","floor":38,"turns":3},{"damage":0,"enemies":"3 Shapes","floor":39,"turns":3},{"damage":17,"enemies":"Reptomancer","floor":41,"turns":7},{"damage":1,"enemies":"Maw","floor":42,"turns":7},{"damage":0,"enemies":"Giant Head","floor":44,"turns":7},{"damage":0,"enemies":"4 Shapes","floor":46,"turns":4},{"damage":0,"enemies":"Writhing Mass","floor":48,"turns":4},{"damage":14,"enemies":"Time Eater","floor":50,"turns":8}],"seed_played":"463545634108168683","potions_obtained":[{"floor":11,"key":"BloodPotion"},{"floor":12,"key":"Strength Potion"},{"floor":14,"key":"AttackPotion"}],"is_trial":false,"path_per_floor":["M","M","?","M","M","R","M","E","T","R","M","E","$","M","R","B",null,"M","$","M","M","M","E","M","R","T","M","M","M","R","E","R","B",null,"M","$","?","?","M","R","E","M","T","E","R","M","R","M","R","B",null],"character_chosen":"IRONCLAD","items_purchased":["Spot Weakness","Reaper","Perfected Strike","Battle Trance","Corruption","Mummified Hand"],"campfire_rested":1,"item_purchase_floors":[13,13,19,19,36,36],"current_hp_per_floor":[58,58,51,51,38,38,39,10,10,34,33,23,23,34,34,44,80,80,80,80,80,75,68,73,73,73,80,65,71,71,65,65,21,80,80,80,75,80,80,80,78,83,83,83,83,87,87,87,87,79],"gold":226,"neow_bonus":"THREE_RARE_CARDS","is_prod":false,"is_daily":false,"chose_seed":false,"campfire_upgraded":9,"win_rate":1,"timestamp":1557169885,"path_taken":["M","M","?","M","M","R","M","E","T","R","M","E","$","M","R","BOSS","M","$","M","M","M","E","M","R","T","M","M","M","R","E","R","BOSS","M","$","?","?","M","R","E","M","T","E","R","M","R","M","R","BOSS"],"build_version":"2019-01-23","purchased_purges":0,"victory":true,"max_hp_per_floor":[80,80,80,80,80,80,80,80,80,80,80,80,80,80,80,80,80,80,80,80,80,80,80,80,80,80,80,80,80,80,80,80,80,80,80,80,80,80,80,80,80,83,83,83,83,87,87,87,87,87],"card_choices":[{"not_picked":["Offering","Fiend Fire"],"picked":"Double Tap","floor":0},{"not_picked":["Thunderclap","Wild Strike"],"picked":"Armaments","floor":1},{"not_picked":["Clothesline","Hemokinesis"],"picked":"Inflame","floor":2},{"not_picked":["Intimidate","Sword Boomerang"],"picked":"Headbutt","floor":4},{"not_picked":["Body Slam","Wild Strike"],"picked":"Perfected Strike","floor":5},{"not_picked":["Pommel Strike","Uppercut"],"picked":"Carnage","floor":7},{"not_picked":["Flex","Fiend Fire"],"picked":"Iron Wave","floor":8},{"not_picked":["Armaments","Iron Wave"],"picked":"Whirlwind","floor":11},{"not_picked":["Whirlwind","Corruption"],"picked":"Iron Wave","floor":12},{"not_picked":["Twin Strike","Blood for Blood"],"picked":"Shrug It Off","floor":14},{"not_picked":["Berserk","Juggernaut"],"picked":"Immolate","floor":16},{"not_picked":["Combust","Clash"],"picked":"Perfected Strike","floor":18},{"not_picked":["Bloodletting","Rampage"],"picked":"Shrug It Off","floor":20},{"not_picked":["Thunderclap","True Grit"],"picked":"Warcry+1","floor":21},{"not_picked":["Sentinel+1","Dropkick"],"picked":"Armaments+1","floor":22},{"not_picked":["Perfected Strike","Hemokinesis+1"],"picked":"Shrug It Off+1","floor":23},{"not_picked":["Twin Strike","Warcry","Wild Strike+1"],"picked":"SKIP","floor":24},{"not_picked":["Wild Strike+1","Perfected Strike"],"picked":"Reaper","floor":27},{"not_picked":["Whirlwind","Thunderclap","Power Through"],"picked":"SKIP","floor":28},{"not_picked":["Cleave+1","Anger"],"picked":"Clothesline","floor":29},{"not_picked":["Clothesline","Armaments"],"picked":"Pommel Strike+1","floor":31},{"not_picked":["Reaper","Impervious"],"picked":"Feed","floor":33},{"not_picked":["Heavy Blade+1","Metallicize"],"picked":"Ghostly Armor+1","floor":35},{"not_picked":["Discovery","Flash of Steel"],"picked":"PanicButton","floor":37},{"not_picked":["Whirlwind","Warcry+1"],"picked":"Shrug It Off","floor":39},{"not_picked":["Evolve+1","Sentinel"],"picked":"Shrug It Off","floor":41},{"not_picked":["Havoc","Sword Boomerang","Evolve"],"picked":"SKIP","floor":42},{"not_picked":["Juggernaut","Cleave"],"picked":"Flame Barrier+1","floor":44},{"not_picked":["Warcry+1","Armaments+1","Battle Trance"],"picked":"SKIP","floor":46},{"not_picked":["Iron Wave","Perfected Strike","Wild Strike"],"picked":"SKIP","floor":48}],"player_experience":725910,"relics_obtained":[{"floor":8,"key":"Ice Cream"},{"floor":9,"key":"Thread and Needle"},{"floor":12,"key":"Calipers"},{"floor":23,"key":"Torii"},{"floor":26,"key":"Omamori"},{"floor":31,"key":"StoneCalendar"},{"floor":38,"key":"Charon\u0027s Ashes"},{"floor":41,"key":"Art of War"},{"floor":43,"key":"Blood Vial"},{"floor":44,"key":"Dead Branch"}],"event_choices":[{"cards_removed":["Strike_R"],"damage_healed":0,"gold_gain":0,"player_choice":"Card Removal","damage_taken":7,"max_hp_gain":0,"max_hp_loss":0,"event_name":"Golden Wing","floor":3,"gold_loss":0},{"damage_healed":0,"gold_gain":0,"player_choice":"Memory 2","damage_taken":5,"max_hp_gain":0,"max_hp_loss":0,"event_name":"SensoryStone","floor":37,"gold_loss":0},{"damage_healed":0,"gold_gain":0,"player_choice":"Fight","damage_taken":0,"max_hp_gain":0,"max_hp_loss":0,"event_name":"Mysterious Sphere","floor":38,"gold_loss":0}],"is_beta":false,"boss_relics":[{"not_picked":["Runic Pyramid","Pandora\u0027s Box"],"picked":"Sozu"},{"not_picked":["Black Star","Eternal Feather"],"picked":"Snecko Eye"}],"items_purged_floors":[],"is_endless":false,"potions_floor_spawned":[11,12,14,16,20,22,23,24,27,31,35,42,44,46,48],"ascension_level":0}