{"gold_per_floor":[117,117,42,92,106,106,145,168,168,168,212,236,28,67,67,161,161,177,177,177,195,195],"floor_reached":22,"playtime":694,"items_purged":["Strike_G","Strike_G"],"score":431,"play_id":"9e9d83a4-254c-4114-b891-419cb1d97144","local_time":"20190507134726","is_ascension_mode":true,"campfire_choices":[{"data":"Neutralize","floor":6.0,"key":"SMITH"},{"data":"Deadly Poison","floor":10.0,"key":"SMITH"},{"data":"Backflip","floor":15.0,"key":"SMITH"}],"neow_cost":"NONE","seed_source_timestamp":13362761313151,"circlet_count":0,"master_deck":["AscendersBane","Defend_G","Defend_G","Defend_G","Defend_G","Strike_G","Strike_G","Strike_G","Survivor","Neutralize+1","Backflip+1","Deadly Poison+1","Corpse Explosion","Blade Dance","Bouncing Flask","Malaise","Acrobatics+1"],"special_seed":0,"relics":["Ring of the Snake","NeowsBlessing","Golden Idol","Singing Bowl","Shuriken","Strawberry","Bag of Preparation","Eternal Feather"],"potions_floor_usage":[],"damage_taken":[{"damage":0.0,"enemies":"Jaw Worm","floor":1.0,"turns":1.0},{"damage":0.0,"enemies":"2 Louse","floor":5.0,"turns":1.0},{"damage":0.0,"enemies":"Gremlin Nob","floor":7.0,"turns":1.0},{"damage":3.0,"enemies":"Cultist","floor":8.0,"turns":5.0},{"damage":21.0,"enemies":"3 Sentries","floor":11.0,"turns":14.0},{"damage":21.0,"enemies":"Exordium Thugs","floor":12.0,"turns":4.0},{"damage":7.0,"enemies":"Lagavulin","floor":14.0,"turns":5.0},{"damage":5.0,"enemies":"Hexaghost","floor":16.0,"turns":8.0},{"damage":30.0,"enemies":"2 Thieves","floor":18.0,"turns":3.0},{"damage":3.0,"enemies":"Spheric Guardian","floor":21.0,"turns":3.0},{"damage":31,"enemies":"Cultist and Chosen","floor":22,"turns":4}],"seed_played":"1155871068786229824","potions_obtained":[{"floor":5.0,"key":"SpeedPotion"},{"floor":8.0,"key":"FearPotion"},{"floor":16.0,"key":"FairyPotion"}],"is_trial":false,"path_per_floor":["M","?","$","?","M","R","E","M","T","R","E","M","$","E","R","B",null,"M","?","?","M","M"],"character_chosen":"THE_SILENT","items_purchased":["Fire Potion","Energy Potion"],"campfire_rested":0,"item_purchase_floors":[13,13],"current_hp_per_floor":[59,59,59,53,53,53,55,52,52,52,38,17,17,10,10,5,53,25,25,25,22,7],"gold":195,"neow_bonus":"THREE_ENEMY_KILL","is_prod":false,"is_daily":false,"chose_seed":false,"campfire_upgraded":3,"win_rate":0,"timestamp":1557204446,"path_taken":["M","?","$","?","M","R","E","M","T","R","E","?","$","E","R","BOSS","M","?","?","?","M"],"build_version":"2019-01-23","purchased_purges":2,"victory":false,"max_hp_per_floor":[66,60,60,60,60,60,62,62,62,62,69,69,69,69,69,69,69,71,71,71,71,71],"card_choices":[{"not_picked":["Slice","Deflect","Outmaneuver"],"picked":"SKIP","floor":1.0},{"not_picked":["Outmaneuver","Finisher"],"picked":"Backflip","floor":5.0},{"not_picked":["Sucker Punch","Distraction","Blade Dance"],"picked":"Singing Bowl","floor":7.0},{"not_picked":["Dodge and Roll","Caltrops"],"picked":"Deadly Poison","floor":8.0},{"not_picked":["Deflect","Accuracy"],"picked":"Corpse Explosion","floor":11.0},{"not_picked":["Dodge and Roll","Prepared"],"picked":"Blade Dance","floor":12.0},{"not_picked":["Backflip","Acrobatics"],"picked":"Bouncing Flask","floor":14.0},{"not_picked":["A Thousand Cuts","Corpse Explosion"],"picked":"Malaise","floor":16.0},{"not_picked":["Cloak And Dagger","Dodge and Roll","Flying Knee"],"picked":"Singing Bowl","floor":18.0},{"not_picked":["Blade Dance","Backflip"],"picked":"Acrobatics+1","floor":21.0}],"player_experience":755518,"relics_obtained":[{"floor":7.0,"key":"Singing Bowl"},{"floor":9.0,"key":"Shuriken"},{"floor":11.0,"key":"Strawberry"},{"floor":14.0,"key":"Bag of Preparation"}],"event_choices":[{"damage_healed":0.0,"max_hp_gain":0.0,"max_hp_loss":6.0,"gold_gain":0.0,"event_name":"Golden Idol","player_choice":"Lose Max HP","floor":2.0,"gold_loss":0.0,"damage_taken":0.0,"relics_obtained":["Golden Idol"]},{"damage_healed":0.0,"max_hp_gain":0.0,"max_hp_loss":0.0,"gold_gain":50.0,"event_name":"FaceTrader","player_choice":"Touch","floor":4.0,"gold_loss":0.0,"damage_taken":6.0},{"damage_healed":0.0,"max_hp_gain":0.0,"max_hp_loss":0.0,"gold_gain":0.0,"event_name":"Ghosts","player_choice":"Ignored","floor":19.0,"gold_loss":0.0,"damage_taken":0.0},{"cards_removed":["Defend_G"],"damage_healed":0.0,"max_hp_gain":0.0,"max_hp_loss":0.0,"gold_gain":0.0,"event_name":"Purifier","player_choice":"Purged","floor":20.0,"gold_loss":0.0,"damage_taken":0.0}],"is_beta":false,"boss_relics":[{"not_picked":["Runic Dome","Lizard Tail"],"picked":"Eternal Feather"}],"items_purged_floors":[3,13],"is_endless":false,"potions_floor_spawned":[5,8,16],"killed_by":"Cultist and Chosen","ascension_level":18}