{"gold_per_floor":[110,110,110,35,54,54,66,83,136,91,91,103,103,3,3,99,99,118,33,48,48,318,318,142,154,154,174,187,37,37,48,48,145,145,162,162,217,268,268,268,284,316,316,316,91,105,136,149,149,149],"floor_reached":51,"playtime":4005,"items_purged":["Strike_R","Strike_R","Strike_R","Strike_R","Power Through"],"score":820,"play_id":"627b2c47-1c27-479c-833e-59519354571f","local_time":"20181231012721","is_ascension_mode":false,"campfire_choices":[{"data":"Demon Form","floor":6,"key":"SMITH"},{"data":"Bash","floor":13,"key":"SMITH"},{"data":"Iron Wave","floor":15,"key":"SMITH"},{"data":"Limit Break","floor":23,"key":"SMITH"},{"data":"Pommel Strike","floor":30,"key":"SMITH"},{"data":"Battle Trance","floor":32,"key":"SMITH"},{"data":"Clothesline","floor":40,"key":"SMITH"},{"data":"Inflame","floor":49,"key":"SMITH"}],"neow_cost":"NONE","seed_source_timestamp":253286320315597,"circlet_count":0,"master_deck":["Defend_R","Defend_R","Defend_R","Bash+1","Demon Form+1","Iron Wave+1","Reaper","Clothesline+1","Limit Break+1","Battle Trance+1","Cleave","Pommel Strike+1","Thunderclap","Inflame+1","Shrug It Off"],"relics":["Burning Blood","Red Skull","Velvet Choker","Bag of Marbles","Gambling Chip","Coffee Dripper","Bird Faced Urn","Blood Vial","Centennial Puzzle","Dodecahedron","Bottled Tornado","Boot"],"potions_floor_usage":[21,50,50],"damage_taken":[{"damage":11,"enemies":"Jaw Worm","floor":1,"turns":3},{"damage":8,"enemies":"Small Slimes","floor":5,"turns":4},{"damage":0,"enemies":"Cultist","floor":7,"turns":4},{"damage":29,"enemies":"Large Slime","floor":8,"turns":8},{"damage":12,"enemies":"Looter","floor":10,"turns":5},{"damage":27,"enemies":"3 Louse","floor":12,"turns":4},{"damage":25,"enemies":"Hexaghost","floor":16,"turns":7},{"damage":5,"enemies":"Shell Parasite","floor":18,"turns":5},{"damage":19,"enemies":"Spheric Guardian","floor":20,"turns":5},{"damage":2,"enemies":"Centurion and Healer","floor":25,"turns":4},{"damage":1,"enemies":"Snecko","floor":27,"turns":4},{"damage":16,"enemies":"Snake Plant","floor":28,"turns":4},{"damage":14,"enemies":"Centurion and Healer","floor":31,"turns":4},{"damage":26,"enemies":"Collector","floor":33,"turns":6},{"damage":3,"enemies":"Orb Walker","floor":35,"turns":3},{"damage":62,"enemies":"2 Orb Walkers","floor":37,"turns":4},{"damage":24,"enemies":"3 Darklings","floor":41,"turns":4},{"damage":44,"enemies":"Nemesis","floor":42,"turns":5},{"damage":31,"enemies":"Writhing Mass","floor":46,"turns":4},{"damage":41,"enemies":"Reptomancer","floor":47,"turns":4},{"damage":30,"enemies":"Transient","floor":48,"turns":5},{"damage":58,"enemies":"Time Eater","floor":50,"turns":5}],"seed_played":"-4960269813101847023","potions_obtained":[{"floor":12,"key":"GamblersBrew"},{"floor":16,"key":"GamblersBrew"},{"floor":20,"key":"Fruit Juice"},{"floor":27,"key":"Dexterity Potion"},{"floor":31,"key":"Energy Potion"},{"floor":33,"key":"EssenceOfSteel"},{"floor":37,"key":"BloodPotion"},{"floor":41,"key":"PowerPotion"},{"floor":47,"key":"Swift Potion"}],"is_trial":false,"path_per_floor":["M","?","?","$","M","R","M","M","T","M","?","M","R","$","R","B",null,"M","?","M","?","?","R","$","M","T","M","M","$","R","M","R","B",null,"M","?","?","T","?","R","M","E","T","?","$","M","E","M","R","B",null],"character_chosen":"IRONCLAD","items_purchased":["Cleave","Shrug It Off"],"campfire_rested":0,"item_purchase_floors":[24,45],"current_hp_per_floor":[75,75,80,80,78,78,84,68,68,69,69,69,69,69,69,78,85,85,85,85,74,38,38,38,95,95,95,88,88,88,95,95,75,95,95,95,77,77,77,77,95,76,76,76,76,92,62,95,95,48],"gold":149,"neow_bonus":"ONE_RANDOM_RARE_CARD","is_prod":false,"is_daily":false,"chose_seed":false,"campfire_upgraded":8,"win_rate":0,"timestamp":1546241241,"path_taken":["M","?","?","?","M","R","M","M","T","?","?","M","R","$","R","BOSS","M","?","M","?","?","R","$","?","T","M","M","$","R","M","R","BOSS","M","?","?","?","?","R","?","E","T","?","$","M","E","?","R","BOSS"],"build_version":"2018-12-20","purchased_purges":5,"victory":true,"max_hp_per_floor":[80,80,85,85,85,85,85,85,85,85,85,85,85,85,85,85,85,85,85,85,95,95,95,95,95,95,95,95,95,95,95,95,95,95,95,95,95,95,95,95,95,95,95,95,95,95,95,95,95,95],"card_choices":[{"not_picked":["Warcry","Wild Strike"],"picked":"Iron Wave","floor":1},{"not_picked":["Twin Strike","Sever Soul","Warcry"],"picked":"SKIP","floor":5},{"not_picked":["Clash","Shrug It Off"],"picked":"Reaper","floor":7},{"not_picked":["Flame Barrier","Headbutt","Dual Wield"],"picked":"SKIP","floor":8},{"not_picked":["Combust","Feel No Pain","Armaments"],"picked":"SKIP","floor":10},{"not_picked":["Perfected Strike","Dual Wield","Wild Strike"],"picked":"SKIP","floor":12},{"not_picked":["Perfected Strike","Dual Wield","Wild Strike"],"picked":"SKIP","floor":12},{"not_picked":["Brutality","Dark Embrace"],"picked":"Limit Break","floor":16},{"not_picked":["Evolve","Thunderclap"],"picked":"Battle Trance","floor":18},{"not_picked":["Clash","Sword Boomerang","Carnage"],"picked":"SKIP","floor":20},{"not_picked":["Warcry+1","Flex","Seeing Red"],"picked":"SKIP","floor":25},{"not_picked":["Iron Wave","Rage"],"picked":"Pommel Strike","floor":27},{"not_picked":["Shockwave","Twin Strike+1","Intimidate+1"],"picked":"SKIP","floor":28},{"not_picked":["Rampage","Corruption","Perfected Strike"],"picked":"SKIP","floor":31},{"not_picked":["Clothesline","Flame Barrier+1"],"picked":"Thunderclap","floor":35},{"not_picked":["Perfected Strike","Power Through+1","Corruption+1"],"picked":"SKIP","floor":41},{"not_picked":["Cleave","Blood for Blood"],"picked":"Inflame","floor":42},{"not_picked":["Uppercut+1","True Grit","Iron Wave"],"picked":"SKIP","floor":46},{"not_picked":["Rupture+1","Reckless Charge","Sword Boomerang+1"],"picked":"SKIP","floor":47},{"not_picked":["Rage","Flex","Demon Form"],"picked":"SKIP","floor":48}],"player_experience":135782,"relics_obtained":[{"floor":9,"key":"Red Skull"},{"floor":26,"key":"Gambling Chip"},{"floor":37,"key":"Bird Faced Urn"},{"floor":38,"key":"Blood Vial"},{"floor":42,"key":"Dodecahedron"},{"floor":43,"key":"Bottled Tornado"},{"floor":47,"key":"Boot"}],"event_choices":[{"damage_healed":0,"gold_gain":0,"player_choice":"Ignored","damage_taken":0,"max_hp_gain":0,"max_hp_loss":0,"event_name":"Golden Idol","floor":2,"gold_loss":0},{"damage_healed":0,"gold_gain":0,"player_choice":"Donut","damage_taken":0,"max_hp_gain":5,"max_hp_loss":0,"event_name":"Big Fish","floor":3,"gold_loss":0},{"damage_healed":0,"gold_gain":0,"cards_transformed":["Strike_R"],"player_choice":"Change","damage_taken":0,"max_hp_gain":0,"max_hp_loss":0,"event_name":"Living Wall","floor":11,"gold_loss":0,"cards_obtained":["Clothesline"]},{"damage_healed":0,"gold_gain":0,"player_choice":"Obtained Relic","damage_taken":0,"relics_obtained":["Bag of Marbles"],"max_hp_gain":0,"max_hp_loss":0,"event_name":"Addict","floor":19,"gold_loss":85},{"damage_healed":0,"gold_gain":0,"player_choice":"Shed Blood","damage_taken":21,"max_hp_gain":5,"max_hp_loss":0,"event_name":"Forgotten Altar","floor":21,"gold_loss":0},{"damage_healed":0,"gold_gain":270,"player_choice":"GOLD GOLD GOLD ","damage_taken":36,"max_hp_gain":0,"max_hp_loss":0,"event_name":"Knowing Skull","floor":22,"potions_obtained":[],"gold_loss":0,"cards_obtained":[]},{"damage_healed":0,"gold_gain":0,"player_choice":"Memory 1","damage_taken":0,"max_hp_gain":0,"max_hp_loss":0,"event_name":"SensoryStone","floor":36,"gold_loss":0},{"damage_healed":0,"gold_gain":0,"player_choice":"Fight","damage_taken":0,"max_hp_gain":0,"max_hp_loss":0,"event_name":"Mysterious Sphere","floor":37,"gold_loss":0},{"damage_healed":0,"gold_gain":0,"player_choice":"Gave Potion","damage_taken":0,"relics_obtained":["Centennial Puzzle"],"max_hp_gain":0,"max_hp_loss":0,"event_name":"WeMeetAgain","floor":39,"gold_loss":0},{"damage_healed":0,"gold_gain":0,"cards_transformed":["Defend_R"],"player_choice":"Transformed","damage_taken":0,"max_hp_gain":0,"max_hp_loss":0,"event_name":"Transmorgrifier","floor":44,"gold_loss":0,"cards_obtained":["Power Through"]}],"is_beta":false,"boss_relics":[{"not_picked":["Philosopher\u0027s Stone","White Beast Statue"],"picked":"Velvet Choker"},{"not_picked":["Astrolabe","Runic Cube"],"picked":"Coffee Dripper"}],"items_purged_floors":[4,14,24,29,45],"is_endless":false,"potions_floor_spawned":[12,16,20,27,31,33,37,41,47,48],"ascension_level":0}