{"gold_per_floor":[217,64,83,83,33,60,60,87,87,87,106,106,31,46,46,142,142,155,168,168,187,187],"floor_reached":22,"playtime":1286,"items_purged":["Strike_B"],"score":213,"play_id":"620e5822-fe98-4bb7-9f7f-3f5c8c5c876f","local_time":"20190124011733","is_ascension_mode":true,"campfire_choices":[{"data":"Ball Lightning","floor":7,"key":"SMITH"},{"floor":10,"key":"REST"},{"data":"Loop","floor":15,"key":"SMITH"}],"neow_cost":"NONE","seed_source_timestamp":9830263444169,"circlet_count":0,"master_deck":["Defend_B","Defend_B","Defend_B","Zap","Dualcast","Ball Lightning+1","Coolheaded","Leap","Gash","Streamline","Redo","Loop+1","Amplify","Fusion+1","Beam Cell+1","Recycle+1","Loop+1","Ball Lightning+1","Gash"],"relics":["Cracked Core","Omamori","Kunai","Anchor","Gremlin Horn","Astrolabe"],"potions_floor_usage":[16,22],"damage_taken":[{"damage":1,"enemies":"Cultist","floor":1,"turns":3},{"damage":0,"enemies":"Jaw Worm","floor":3,"turns":3},{"damage":14,"enemies":"Gremlin Nob","floor":6,"turns":3},{"damage":27,"enemies":"Lagavulin","floor":8,"turns":6},{"damage":0,"enemies":"2 Louse","floor":11,"turns":1},{"damage":0,"enemies":"Gremlin Gang","floor":14,"turns":2},{"damage":37,"enemies":"Hexaghost","floor":16,"turns":9},{"damage":9,"enemies":"Chosen","floor":18,"turns":5},{"damage":25,"enemies":"3 Byrds","floor":19,"turns":5},{"damage":23,"enemies":"Snake Plant","floor":21,"turns":3},{"damage":22,"enemies":"3 Cultists","floor":22,"turns":3}],"seed_played":"1468660095023598904","potions_obtained":[{"floor":3,"key":"Block Potion"},{"floor":11,"key":"Ancient Potion"},{"floor":16,"key":"Strength Potion"},{"floor":19,"key":"Weak Potion"}],"is_trial":false,"path_per_floor":["M","$","M","?","?","E","R","E","T","R","M","?","$","M","R","B",null,"M","M","?","M","M"],"character_chosen":"DEFECT","items_purchased":["Storm","Coolheaded","Leap"],"campfire_rested":1,"item_purchase_floors":[2,2,2],"current_hp_per_floor":[74,74,74,67,67,53,53,26,26,48,48,75,75,75,75,38,75,66,41,41,18,0],"gold":187,"neow_bonus":"HUNDRED_GOLD","is_prod":false,"is_daily":false,"chose_seed":false,"campfire_upgraded":2,"win_rate":0,"timestamp":1548314253,"path_taken":["M","$","M","?","?","E","R","E","T","R","M","?","$","?","R","BOSS","M","M","?","?","M"],"build_version":"2019-01-23","purchased_purges":1,"victory":false,"max_hp_per_floor":[75,75,75,75,75,75,75,75,75,75,75,75,75,75,75,75,75,75,75,75,75,75],"card_choices":[{"not_picked":["Sweeping Beam","Loop"],"picked":"Ball Lightning","floor":1},{"not_picked":["Double Energy","Sweeping Beam"],"picked":"Gash","floor":3},{"not_picked":["Stack","Rebound","Melter"],"picked":"SKIP","floor":6},{"not_picked":["Stack","Skim"],"picked":"Streamline","floor":8},{"not_picked":["Coolheaded","Loop"],"picked":"Redo","floor":11},{"not_picked":["Go for the Eyes","Streamline"],"picked":"Loop","floor":14},{"not_picked":["Meteor Strike","Machine Learning"],"picked":"Amplify","floor":16},{"not_picked":["Recycle+1","Steam+1"],"picked":"Loop","floor":18},{"not_picked":["Consume","Beam Cell+1"],"picked":"Ball Lightning+1","floor":19},{"not_picked":["Hello World","Turbo"],"picked":"Gash","floor":21}],"player_experience":269650,"relics_obtained":[{"floor":6,"key":"Kunai"},{"floor":8,"key":"Anchor"},{"floor":9,"key":"Gremlin Horn"}],"event_choices":[{"damage_healed":0,"gold_gain":0,"player_choice":"Success","damage_taken":7,"relics_obtained":["Omamori"],"max_hp_gain":0,"max_hp_loss":0,"event_name":"Scrap Ooze","floor":4,"gold_loss":0},{"cards_removed":["Strike_B"],"damage_healed":0,"gold_gain":0,"player_choice":"Card Removal","damage_taken":0,"max_hp_gain":0,"max_hp_loss":0,"event_name":"The Cleric","floor":5,"gold_loss":50},{"cards_removed":["Storm"],"damage_healed":27,"gold_gain":0,"player_choice":"Offered Uncommon","damage_taken":0,"max_hp_gain":0,"max_hp_loss":0,"event_name":"Bonfire Elementals","floor":12,"gold_loss":0},{"damage_healed":0,"gold_gain":0,"player_choice":"Forge","damage_taken":0,"max_hp_gain":0,"max_hp_loss":0,"event_name":"Accursed Blacksmith","floor":20,"gold_loss":0,"cards_upgraded":["Loop"]}],"is_beta":false,"boss_relics":[{"not_picked":["Inserter","Busted Crown"],"picked":"Astrolabe"}],"items_purged_floors":[13],"is_endless":false,"potions_floor_spawned":[3,11,16,19],"killed_by":"3 Cultists","ascension_level":2}