{"gold_per_floor":[111,61,61,77,77,110,129,129,176,176,208,133,162,172,172,277,277],"floor_reached":17,"playtime":361,"items_purged":["Cold Snap"],"score":198,"play_id":"4fb21c5e-b784-4b94-b318-740f6e68658c","local_time":"20190429211047","daily_mods":["Draft","Heirloom","DeadlyEvents","Elite Swarm"],"is_ascension_mode":false,"campfire_choices":[{"data":"Defragment","floor":8,"key":"SMITH"},{"data":"Hologram","floor":10,"key":"SMITH"},{"data":"Hologram","floor":15,"key":"SMITH"}],"neow_cost":"","seed_source_timestamp":10634721331031,"circlet_count":0,"master_deck":["Hologram+1","Ball Lightning","Darkness+1","Hologram+1","Conserve Battery","Darkness+1","Hello World","Defragment+1","Self Repair","Ball Lightning","Ball Lightning+1","Ball Lightning","Beam Cell+1","Electrodynamics","Multi-Cast+1","Rebound+1","Rainbow+1"],"relics":["Cracked Core","Gambling Chip","DataDisk","Boot","Orichalcum","Whetstone","Astrolabe"],"potions_floor_usage":[11,14],"damage_taken":[{"damage":5,"enemies":"2 Louse","floor":1,"turns":2},{"damage":1,"enemies":"Small Slimes","floor":4,"turns":3},{"damage":14,"enemies":"Gremlin Nob","floor":6,"turns":3},{"damage":0,"enemies":"Cultist","floor":7,"turns":3},{"damage":2,"enemies":"3 Sentries","floor":11,"turns":4},{"damage":12,"enemies":"Lagavulin","floor":13,"turns":3},{"damage":2,"enemies":"2 Fungi Beasts","floor":14,"turns":2},{"damage":21,"enemies":"Hexaghost","floor":16,"turns":5}],"seed_played":"7883524119305759629","potions_obtained":[{"floor":1,"key":"Block Potion"},{"floor":6,"key":"Fire Potion"},{"floor":7,"key":"Dexterity Potion"},{"floor":14,"key":"FearPotion"},{"floor":16,"key":"FearPotion"}],"is_trial":true,"path_per_floor":["M","?","?","M","?","E","M","R","T","R","E","$","E","M","R","B",null],"character_chosen":"DEFECT","items_purchased":[],"campfire_rested":0,"item_purchase_floors":[],"current_hp_per_floor":[70,70,55,61,66,59,66,66,66,66,71,71,59,57,57,43,80],"gold":277,"neow_bonus":"","is_prod":false,"is_daily":false,"chose_seed":false,"campfire_upgraded":3,"win_rate":0,"timestamp":1556593847,"path_taken":["M","?","?","M","?","E","M","R","T","R","E","$","E","M","R","BOSS"],"build_version":"2019-01-23","purchased_purges":1,"victory":false,"max_hp_per_floor":[75,75,75,75,80,80,80,80,80,80,80,80,80,80,80,80,80],"card_choices":[{"not_picked":["Reprogram","Rebound"],"picked":"Hologram","floor":0},{"not_picked":["Go for the Eyes","Capacitor"],"picked":"Ball Lightning","floor":0},{"not_picked":["Genetic Algorithm","Double Energy"],"picked":"Darkness","floor":0},{"not_picked":["Go for the Eyes","Streamline"],"picked":"Hologram","floor":0},{"not_picked":["Compile Driver","Sweeping Beam"],"picked":"Conserve Battery","floor":0},{"not_picked":["Doom and Gloom","Auto Shields"],"picked":"Darkness","floor":0},{"not_picked":["Steam Power","Reprogram"],"picked":"Cold Snap","floor":0},{"not_picked":["Sweeping Beam","BootSequence"],"picked":"Hello World","floor":0},{"not_picked":["Cold Snap","Barrage"],"picked":"Defragment","floor":0},{"not_picked":["Coolheaded","Go for the Eyes"],"picked":"Self Repair","floor":0},{"not_picked":["Barrage","Leap"],"picked":"Ball Lightning","floor":0},{"not_picked":["Rebound","Cold Snap"],"picked":"Ball Lightning","floor":0},{"not_picked":["Blizzard","BootSequence"],"picked":"Ball Lightning","floor":0},{"not_picked":["Barrage","Redo"],"picked":"Beam Cell","floor":0},{"not_picked":["Hologram","Chill"],"picked":"Cold Snap","floor":0},{"not_picked":["Barrage","Turbo","Fusion"],"picked":"SKIP","floor":1},{"not_picked":["Blizzard","BootSequence"],"picked":"Conserve Battery","floor":4},{"not_picked":["Thunder Strike","Amplify","Fission"],"picked":"SKIP","floor":6},{"not_picked":["Reinforced Body","Streamline","Auto Shields"],"picked":"SKIP","floor":7},{"not_picked":["All For One","Amplify"],"picked":"Reboot","floor":11},{"not_picked":["Meteor Strike","Hyperbeam"],"picked":"Machine Learning","floor":13},{"not_picked":["Compile Driver","Blizzard","Hologram"],"picked":"SKIP","floor":14},{"not_picked":["Core Surge","Seek"],"picked":"Electrodynamics","floor":16}],"player_experience":1328274,"relics_obtained":[{"floor":6,"key":"DataDisk"},{"floor":9,"key":"Boot"},{"floor":11,"key":"Orichalcum"},{"floor":13,"key":"Whetstone"}],"event_choices":[{"cards_removed":["Cold Snap"],"damage_healed":0,"gold_gain":0,"player_choice":"Card Removal","damage_taken":0,"max_hp_gain":0,"max_hp_loss":0,"event_name":"The Cleric","floor":2,"gold_loss":50},{"damage_healed":0,"gold_gain":0,"player_choice":"Entered Light","damage_taken":15,"max_hp_gain":0,"max_hp_loss":0,"event_name":"Shining Light","floor":3,"gold_loss":0,"cards_upgraded":["Darkness","Darkness"]},{"damage_healed":0,"gold_gain":0,"player_choice":"Donut","damage_taken":0,"max_hp_gain":5,"max_hp_loss":0,"event_name":"Big Fish","floor":5,"gold_loss":0}],"is_beta":false,"boss_relics":[{"not_picked":["Snecko Eye","FrozenCore"],"picked":"Astrolabe"}],"items_purged_floors":[12],"is_endless":false,"potions_floor_spawned":[1,6,7,14,16],"ascension_level":0}