{"gold_per_floor":[209,225,400,2,2,35,35,35,60,95,95,6,17,27,27,124,124,140,153,76,76,94,94,109,140,140,140],"floor_reached":27,"playtime":792,"items_purged":["Doubt"],"score":241,"play_id":"d62dd234-2a91-4b2f-9874-a9da39b469f3","local_time":"20190506160407","is_ascension_mode":false,"campfire_choices":[{"data":"Zap","floor":7.0,"key":"SMITH"},{"floor":11.0,"key":"REST"},{"floor":15,"key":"REST"},{"data":"Darkness","floor":23,"key":"SMITH"}],"neow_cost":"NONE","seed_source_timestamp":2351106333311,"circlet_count":0,"master_deck":["Strike_B","Strike_B","Strike_B","Strike_B","Defend_B","Defend_B","Defend_B","Defend_B","Zap+1","Dualcast","Glacier","Storm+1","Rebound","Echo Form+1","Capacitor+1","Leap","Darkness+1","Steam","Buffer+1","Defragment+1","Cold Snap","Storm+1","Writhe","Consume","Tempest"],"special_seed":0,"relics":["Cracked Core","Frozen Egg 2","Happy Flower","PreservedInsect","Pen Nib","Nuclear Battery","Bronze Scales","Bottled Tornado","Darkstone Periapt"],"potions_floor_usage":[18,25,27,27,27],"damage_taken":[{"damage":6.0,"enemies":"Jaw Worm","floor":1.0,"turns":4.0},{"damage":3.0,"enemies":"2 Louse","floor":2.0,"turns":3.0},{"damage":42.0,"enemies":"Gremlin Nob","floor":6.0,"turns":5.0},{"damage":21.0,"enemies":"Lagavulin","floor":10.0,"turns":8.0},{"damage":0.0,"enemies":"Small Slimes","floor":13.0,"turns":4.0},{"damage":0,"enemies":"Blue Slaver","floor":14,"turns":3},{"damage":20,"enemies":"Slime Boss","floor":16,"turns":10},{"damage":10,"enemies":"2 Thieves","floor":18,"turns":4},{"damage":16,"enemies":"3 Byrds","floor":19,"turns":4},{"damage":21,"enemies":"Snake Plant","floor":22,"turns":3},{"damage":0,"enemies":"Snecko","floor":24,"turns":5},{"damage":16,"enemies":"Gremlin Leader","floor":25,"turns":4},{"damage":12,"enemies":"Colosseum Slavers","floor":27,"turns":1}],"seed_played":"6147597082881904386","potions_obtained":[{"floor":6.0,"key":"Strength Potion"},{"floor":14,"key":"Strength Potion"},{"floor":16,"key":"Fire Potion"},{"floor":19,"key":"SkillPotion"},{"floor":25,"key":"AttackPotion"}],"is_trial":false,"path_per_floor":["M","M","?","$","?","E","R","?","T","E","R","$","M","M","R","B",null,"M","M","$","?","M","R","M","E","T","?"],"character_chosen":"DEFECT","items_purchased":["Frozen Egg 2","Storm+1","Capacitor+1","Leap","Storm+1"],"campfire_rested":2,"item_purchase_floors":[4,4,12,12,20],"current_hp_per_floor":[69,66,66,66,66,24,24,24,24,3,25,25,25,25,47,27,75,65,49,49,49,28,28,28,12,12,0],"gold":140,"neow_bonus":"HUNDRED_GOLD","is_prod":false,"is_daily":false,"chose_seed":false,"campfire_upgraded":2,"win_rate":0,"timestamp":1557180247,"path_taken":["M","M","?","$","?","E","R","?","T","E","R","?","M","M","R","BOSS","M","M","$","?","M","R","M","E","T","?"],"build_version":"2019-01-23","purchased_purges":1,"victory":false,"max_hp_per_floor":[75,75,75,75,75,75,75,75,75,75,75,75,75,75,75,75,75,75,75,75,75,75,75,75,75,75,75],"card_choices":[{"not_picked":["Hologram","Blizzard"],"picked":"Glacier","floor":1.0},{"not_picked":["Stack","Auto Shields","Lockon"],"picked":"SKIP","floor":2.0},{"not_picked":["Turbo","Scrape"],"picked":"Rebound","floor":6.0},{"not_picked":["Redo","Beam Cell"],"picked":"Echo Form+1","floor":10.0},{"not_picked":["Conserve Battery","Aggregate"],"picked":"Darkness","floor":13.0},{"not_picked":["Sweeping Beam","Reprogram"],"picked":"Steam","floor":14},{"not_picked":["Core Surge","Seek"],"picked":"Buffer+1","floor":16},{"not_picked":["Reprogram","Conserve Battery+1"],"picked":"Defragment+1","floor":18},{"not_picked":["Gash+1","Aggregate"],"picked":"Cold Snap","floor":19},{"not_picked":["BootSequence+1","Fusion"],"picked":"Consume","floor":22},{"not_picked":["Sweeping Beam","Redo+1","Streamline"],"picked":"SKIP","floor":24},{"not_picked":["Coolheaded","Undo"],"picked":"Tempest","floor":25}],"player_experience":1370141,"relics_obtained":[{"floor":6.0,"key":"Happy Flower"},{"floor":9.0,"key":"PreservedInsect"},{"floor":10.0,"key":"Pen Nib"},{"floor":25,"key":"Bottled Tornado"},{"floor":26,"key":"Darkstone Periapt"}],"event_choices":[{"damage_healed":0.0,"max_hp_gain":0.0,"max_hp_loss":0.0,"gold_gain":175.0,"event_name":"Liars Game","player_choice":"AGREE","floor":3.0,"gold_loss":0.0,"damage_taken":0.0,"cards_obtained":["Doubt"]},{"damage_healed":0.0,"max_hp_gain":0.0,"max_hp_loss":0.0,"gold_gain":0.0,"event_name":"The Cleric","player_choice":"Leave","floor":5.0,"gold_loss":0.0,"damage_taken":0.0},{"damage_healed":0.0,"max_hp_gain":0.0,"max_hp_loss":0.0,"gold_gain":0.0,"event_name":"Dead Adventurer","player_choice":"Searched \u00270\u0027 times","floor":8.0,"gold_loss":0.0,"damage_taken":0.0},{"damage_healed":0,"gold_gain":0,"player_choice":"Opened","damage_taken":0,"relics_obtained":["Bronze Scales"],"max_hp_gain":0,"max_hp_loss":0,"event_name":"The Mausoleum","floor":21,"gold_loss":0,"cards_obtained":["Writhe"]},{"damage_healed":0,"gold_gain":0,"player_choice":"Fight","damage_taken":0,"max_hp_gain":0,"max_hp_loss":0,"event_name":"Colosseum","floor":27,"gold_loss":0}],"is_beta":false,"boss_relics":[{"not_picked":["Fusion Hammer","White Beast Statue"],"picked":"Nuclear Battery"}],"items_purged_floors":[4],"is_endless":false,"potions_floor_spawned":[6,14,16,19,22,25],"killed_by":"Colosseum Slavers","ascension_level":0}