{"gold_per_floor":[119,119,134,100,118,151,151,169,469,469,481,481,312,326,326,423,423,439,439,150,163,20,20,20,20],"floor_reached":25,"playtime":3294,"items_purged":[],"score":201,"play_id":"9cf6d0f4-1f3c-4169-ba26-09bd48b4dfae","local_time":"20190504004406","is_ascension_mode":false,"campfire_choices":[{"data":"Lockon","floor":7,"key":"SMITH"},{"data":"Fission","floor":10,"key":"SMITH"},{"floor":12,"key":"REST"},{"floor":15,"key":"REST"},{"data":"Sunder","floor":23,"key":"SMITH"}],"neow_cost":"NONE","seed_source_timestamp":282441391956459,"circlet_count":0,"master_deck":["Strike_B","Strike_B","Strike_B","Defend_B","Defend_B","Defend_B","Defend_B","Zap+1","Dualcast","Loop","Tempest","Go for the Eyes","Lockon+1","BootSequence","Fission+1","Beam Cell","Streamline","Hello World","Melter","Leap","Sunder+1","Rainbow","Genetic Algorithm","Reinforced Body","Capacitor+1","Capacitor+1"],"relics":["Cracked Core","Sundial","Old Coin","Sozu","Meat on the Bone","Orichalcum"],"potions_floor_usage":[16],"damage_taken":[{"damage":1,"enemies":"Jaw Worm","floor":1,"turns":4},{"damage":1,"enemies":"Cultist","floor":3,"turns":4},{"damage":5,"enemies":"Small Slimes","floor":5,"turns":2},{"damage":21,"enemies":"Lagavulin","floor":6,"turns":6},{"damage":0,"enemies":"Looter","floor":8,"turns":3},{"damage":9,"enemies":"Gremlin Gang","floor":11,"turns":4},{"damage":15,"enemies":"Lots of Slimes","floor":14,"turns":4},{"damage":35,"enemies":"Hexaghost","floor":16,"turns":8},{"damage":3,"enemies":"Spheric Guardian","floor":18,"turns":3},{"damage":47,"enemies":"3 Byrds","floor":21,"turns":4},{"damage":40,"enemies":"Gremlin Leader","floor":25,"turns":5}],"seed_played":"-8222223460349922017","potions_obtained":[{"floor":5,"key":"EssenceOfSteel"},{"floor":6,"key":"Strength Potion"},{"floor":11,"key":"Strength Potion"},{"floor":16,"key":"Regen Potion"}],"is_trial":false,"path_per_floor":["M","?","M","$","M","E","R","M","T","R","M","R","$","M","R","B",null,"M","?","$","M","$","R","?","E"],"character_chosen":"DEFECT","items_purchased":["Lockon","Hello World","Melter","Leap","Meat on the Bone","Reinforced Body","Orichalcum"],"campfire_rested":2,"item_purchase_floors":[4,13,13,13,20,20,22],"current_hp_per_floor":[74,74,73,73,68,47,47,47,47,47,38,60,60,45,67,32,75,72,72,72,37,37,37,37,0],"gold":20,"neow_bonus":"TRANSFORM_CARD","is_prod":false,"is_daily":false,"chose_seed":false,"campfire_upgraded":3,"win_rate":0.0,"timestamp":1556955846,"path_taken":["M","?","?","?","M","E","R","M","T","R","M","R","$","M","R","BOSS","M","?","$","M","$","R","?","E"],"build_version":"2019-01-23","purchased_purges":0,"victory":false,"max_hp_per_floor":[75,75,75,75,75,75,75,75,75,75,75,75,75,75,75,75,75,75,75,75,75,75,75,75,75],"card_choices":[{"not_picked":["Beam Cell","Cold Snap"],"picked":"Tempest","floor":1},{"not_picked":["Rebound","Barrage"],"picked":"Go for the Eyes","floor":3},{"not_picked":["Streamline","Rebound"],"picked":"BootSequence","floor":5},{"not_picked":["Amplify","Steam"],"picked":"Fission","floor":6},{"not_picked":["Undo","Sweeping Beam"],"picked":"Beam Cell","floor":8},{"not_picked":["Loop","Cold Snap"],"picked":"Streamline","floor":11},{"not_picked":["Reprogram","Leap"],"picked":"Sunder","floor":14},{"not_picked":["Core Surge","Seek"],"picked":"Rainbow","floor":16},{"not_picked":["Sunder","Beam Cell"],"picked":"Genetic Algorithm","floor":18},{"not_picked":["Steam","Redo"],"picked":"Capacitor+1","floor":21}],"player_experience":87886,"relics_obtained":[{"floor":6,"key":"Sundial"},{"floor":9,"key":"Old Coin"}],"event_choices":[{"damage_healed":0,"gold_gain":0,"player_choice":"Forge","damage_taken":0,"max_hp_gain":0,"max_hp_loss":0,"event_name":"Accursed Blacksmith","floor":2,"gold_loss":0,"cards_upgraded":["Zap"]},{"damage_healed":0,"gold_gain":0,"player_choice":"Ignored","damage_taken":0,"max_hp_gain":0,"max_hp_loss":0,"event_name":"Vampires","floor":19,"gold_loss":0},{"damage_healed":0,"gold_gain":0,"player_choice":"Copied","damage_taken":0,"max_hp_gain":0,"max_hp_loss":0,"event_name":"Duplicator","floor":24,"gold_loss":0,"cards_obtained":["Capacitor"]}],"is_beta":false,"boss_relics":[{"not_picked":["Fusion Hammer","Runic Dome"],"picked":"Sozu"}],"items_purged_floors":[],"is_endless":false,"potions_floor_spawned":[5,6,11,14,16],"killed_by":"Gremlin Leader","ascension_level":0}