{"gold_per_floor":[113,113,188,204,215,215,243,243,267,280,230,259,117,117,117,212,212,223,72,88,101,101,101,22,49,49,49,63,63,63,63,63,167,167,181,194,194,208,208],"floor_reached":39,"playtime":2836,"items_purged":["Strike_G","Strike_G"],"score":454,"play_id":"e17e78f4-d223-4da1-954a-d7bda8e66826","local_time":"20190116003023","is_ascension_mode":true,"campfire_choices":[{"data":"Deadly Poison","floor":6,"key":"SMITH"},{"data":"Leg Sweep","floor":8,"key":"SMITH"},{"data":"Bouncing Flask","floor":15,"key":"SMITH"},{"data":"Backflip","floor":23,"key":"SMITH"},{"data":"Noxious Fumes","floor":27,"key":"SMITH"},{"data":"Caltrops","floor":29,"key":"SMITH"},{"data":"Caltrops","floor":32,"key":"SMITH"}],"neow_cost":"NONE","seed_source_timestamp":496977782583098,"circlet_count":0,"master_deck":["Defend_G","Defend_G","Defend_G","Defend_G","Defend_G","Strike_G","Survivor","Die Die Die","Leg Sweep+1","Deadly Poison+1","Bouncing Flask+1","Caltrops+1","Caltrops+1","Backflip+1","Noxious Fumes+1","Leg Sweep+1","Bouncing Flask+1","Night Terror"],"relics":["Ring of the Snake","Snake Skull","Bag of Marbles","Blood Vial","Shuriken","Snecko Eye","Tough Bandages","Bottled Lightning","White Beast Statue"],"potions_floor_usage":[39,39],"damage_taken":[{"damage":1,"enemies":"Small Slimes","floor":1,"turns":3},{"damage":0,"enemies":"Jaw Worm","floor":4,"turns":4},{"damage":0,"enemies":"2 Louse","floor":5,"turns":3},{"damage":10,"enemies":"Lagavulin","floor":7,"turns":8},{"damage":0,"enemies":"Looter","floor":10,"turns":3},{"damage":5,"enemies":"Gremlin Nob","floor":12,"turns":3},{"damage":10,"enemies":"The Guardian","floor":16,"turns":7},{"damage":0,"enemies":"Shell Parasite","floor":18,"turns":3},{"damage":0,"enemies":"3 Byrds","floor":20,"turns":3},{"damage":0,"enemies":"Snecko","floor":21,"turns":3},{"damage":0,"enemies":"Book of Stabbing","floor":25,"turns":5},{"damage":6,"enemies":"Cultist and Chosen","floor":28,"turns":4},{"damage":27,"enemies":"Automaton","floor":33,"turns":7},{"damage":0,"enemies":"3 Shapes","floor":35,"turns":5},{"damage":0,"enemies":"3 Darklings","floor":36,"turns":4},{"damage":20,"enemies":"Spire Growth","floor":38,"turns":6},{"damage":79,"enemies":"2 Orb Walkers","floor":39,"turns":5}],"seed_played":"7656600495101188405","potions_obtained":[{"floor":1,"key":"Weak Potion"},{"floor":5,"key":"Explosive Potion"},{"floor":20,"key":"FairyPotion"}],"is_trial":false,"path_per_floor":["M","?","?","M","M","R","E","R","T","M","?","E","$","?","R","B",null,"M","$","M","M","?","R","$","E","T","R","M","R","$","?","R","B",null,"M","M","?","M","?"],"character_chosen":"THE_SILENT","items_purchased":["Caltrops","Backflip","Noxious Fumes"],"campfire_rested":0,"item_purchase_floors":[13,19,24],"current_hp_per_floor":[69,69,58,58,58,58,48,48,48,48,48,43,43,43,43,35,70,70,70,70,70,70,70,70,70,70,70,64,64,64,64,64,39,70,70,70,70,50,0],"gold":208,"neow_bonus":"TRANSFORM_CARD","is_prod":false,"is_daily":false,"chose_seed":false,"campfire_upgraded":7,"win_rate":0,"timestamp":1547620223,"path_taken":["M","?","?","M","M","R","E","R","T","M","?","E","$","?","R","BOSS","M","$","?","M","?","R","?","E","T","R","M","R","$","?","R","BOSS","M","?","?","M","?"],"build_version":"2019-01-10","purchased_purges":2,"victory":false,"max_hp_per_floor":[70,70,70,70,70,70,70,70,70,70,70,70,70,70,70,70,70,70,70,70,70,70,70,70,70,70,70,70,70,70,70,70,70,70,70,70,70,70,70],"card_choices":[{"not_picked":["Backstab","Dash"],"picked":"Leg Sweep","floor":1},{"not_picked":["Deflect","Backstab"],"picked":"Quick Slash","floor":4},{"not_picked":["Sucker Punch","Slice"],"picked":"Deadly Poison","floor":5},{"not_picked":["Reflex","Quick Slash","Flying Knee"],"picked":"SKIP","floor":7},{"not_picked":["Leg Sweep","Tactician"],"picked":"Bouncing Flask","floor":10},{"not_picked":["Slice","Underhanded Strike"],"picked":"Caltrops","floor":12},{"not_picked":["Deflect","Dagger Spray","Finisher"],"picked":"SKIP","floor":18},{"not_picked":["Deflect","Quick Slash+1","Dash"],"picked":"SKIP","floor":20},{"not_picked":["Poisoned Stab","Heel Hook","Prepared"],"picked":"SKIP","floor":21},{"not_picked":["Adrenaline","Slice","Skewer"],"picked":"SKIP","floor":25},{"not_picked":["Backflip+1","Dagger Spray"],"picked":"Leg Sweep+1","floor":28},{"not_picked":["Storm of Steel","Burst"],"picked":"Night Terror","floor":33},{"not_picked":["Poisoned Stab","Expertise","Accuracy"],"picked":"SKIP","floor":35},{"not_picked":["Underhanded Strike","Prepared","Endless Agony+1"],"picked":"SKIP","floor":36},{"not_picked":["Sucker Punch","Quick Slash","Dodge and Roll"],"picked":"SKIP","floor":38}],"player_experience":214647,"relics_obtained":[{"floor":7,"key":"Snake Skull"},{"floor":9,"key":"Bag of Marbles"},{"floor":12,"key":"Blood Vial"},{"floor":25,"key":"Tough Bandages"},{"floor":26,"key":"Bottled Lightning"}],"event_choices":[{"damage_healed":0,"gold_gain":0,"player_choice":"Ignored","damage_taken":0,"max_hp_gain":0,"max_hp_loss":0,"event_name":"Liars Game","floor":2,"gold_loss":0},{"damage_healed":0,"gold_gain":75,"player_choice":"Gather Gold","damage_taken":11,"max_hp_gain":0,"max_hp_loss":0,"event_name":"World of Goop","floor":3,"gold_loss":0},{"cards_removed":["Strike_G"],"damage_healed":0,"gold_gain":0,"player_choice":"Card Removal","damage_taken":0,"max_hp_gain":0,"max_hp_loss":0,"event_name":"The Cleric","floor":11,"gold_loss":50},{"cards_removed":["Quick Slash"],"damage_healed":0,"gold_gain":0,"player_choice":"Gave Card","damage_taken":0,"relics_obtained":["Shuriken"],"max_hp_gain":0,"max_hp_loss":0,"event_name":"WeMeetAgain","floor":14,"gold_loss":0},{"damage_healed":0,"gold_gain":0,"player_choice":"0 cards matched","damage_taken":0,"max_hp_gain":0,"max_hp_loss":0,"event_name":"Match and Keep!","floor":22,"gold_loss":0,"cards_obtained":[]},{"damage_healed":0,"gold_gain":0,"player_choice":"Copied","damage_taken":0,"max_hp_gain":0,"max_hp_loss":0,"event_name":"Duplicator","floor":31,"gold_loss":0,"cards_obtained":["Bouncing Flask"]},{"cards_removed":["Neutralize"],"damage_healed":0,"gold_gain":0,"player_choice":"Removed Attack","damage_taken":0,"max_hp_gain":0,"max_hp_loss":0,"event_name":"Falling","floor":37,"gold_loss":0},{"damage_healed":0,"gold_gain":0,"player_choice":"Fight","damage_taken":0,"max_hp_gain":0,"max_hp_loss":0,"event_name":"Mysterious Sphere","floor":39,"gold_loss":0}],"is_beta":false,"boss_relics":[{"not_picked":["Orrery","Astrolabe"],"picked":"Snecko Eye"},{"not_picked":["Cursed Key","Runic Pyramid"],"picked":"White Beast Statue"}],"items_purged_floors":[13,19],"is_endless":false,"potions_floor_spawned":[1,5,20,28,33,35,36,38],"killed_by":"2 Orb Walkers","ascension_level":1}