{"gold_per_floor":[111,111,125,125,135,135,168,168,168,199,18,18,18,37,37,133,133,153,163,163,163,39,39],"floor_reached":23,"playtime":1603,"items_purged":[],"score":227,"play_id":"db1ffc6c-cecb-4123-8f14-9e257500eb78","local_time":"20190504011650","is_ascension_mode":true,"campfire_choices":[{"floor":6,"key":"REST"},{"floor":8,"key":"REST"},{"data":"Apotheosis","floor":13,"key":"SMITH"},{"floor":15,"key":"REST"}],"neow_cost":"NONE","seed_source_timestamp":619824702550829,"circlet_count":0,"master_deck":["Strike_B","Defend_B","Defend_B+1","Defend_B","Defend_B","Zap+1","Dualcast","Rip and Tear+1","Genetic Algorithm","Reinforced Body","Streamline","Apotheosis+1","Beam Cell","Core Surge","Chaos","Streamline","Loop","White Noise","Double Energy+1","Cold Snap","Genetic Algorithm","Hello World","Glacier","Barrage"],"relics":["Inserter","Pantograph","Pear","Nunchaku","Orrery"],"potions_floor_usage":[7],"damage_taken":[{"damage":6,"enemies":"Cultist","floor":1,"turns":3},{"damage":8,"enemies":"Small Slimes","floor":3,"turns":4},{"damage":1,"enemies":"2 Louse","floor":5,"turns":2},{"damage":28,"enemies":"3 Sentries","floor":7,"turns":9},{"damage":30,"enemies":"Gremlin Nob","floor":10,"turns":4},{"damage":12,"enemies":"2 Fungi Beasts","floor":14,"turns":3},{"damage":65,"enemies":"Hexaghost","floor":16,"turns":8},{"damage":34,"enemies":"2 Thieves","floor":18,"turns":5},{"damage":26,"enemies":"3 Byrds","floor":19,"turns":6},{"damage":26,"enemies":"Gremlin Leader","floor":23,"turns":1}],"seed_played":"6603097127894806530","potions_obtained":[{"floor":1,"key":"Block Potion"},{"floor":16,"key":"Poison Potion"}],"is_trial":false,"path_per_floor":["M","?","M","?","M","R","E","R","T","E","$","$","R","M","R","B",null,"M","M","?","?","$","E"],"character_chosen":"DEFECT","items_purchased":["Apotheosis","Glacier","Barrage"],"campfire_rested":3,"item_purchase_floors":[11,22,22],"current_hp_per_floor":[69,54,46,46,45,67,39,61,71,41,41,41,41,29,54,14,85,51,25,25,25,25,0],"gold":39,"neow_bonus":"BOSS_RELIC","is_prod":false,"is_daily":false,"chose_seed":false,"campfire_upgraded":1,"win_rate":0,"timestamp":1556950610,"path_taken":["M","?","M","?","?","R","E","R","T","E","?","$","R","M","R","BOSS","M","M","?","?","$","E"],"build_version":"2019-01-23","purchased_purges":0,"victory":false,"max_hp_per_floor":[75,75,75,75,75,75,75,75,85,85,85,85,85,85,85,85,85,85,85,85,85,85,85],"card_choices":[{"not_picked":["Steam","Static Discharge","Barrage"],"picked":"SKIP","floor":1},{"not_picked":["Turbo","Hologram"],"picked":"Rip and Tear","floor":3},{"not_picked":["Lockon","Auto Shields"],"picked":"Genetic Algorithm","floor":5},{"not_picked":["Steam","Tempest"],"picked":"Reinforced Body","floor":7},{"not_picked":["Go for the Eyes","FTL"],"picked":"Streamline","floor":10},{"not_picked":["Cold Snap","Force Field"],"picked":"Beam Cell","floor":14},{"not_picked":["Buffer","Electrodynamics"],"picked":"Core Surge","floor":16},{"not_picked":["Chill","Cold Snap"],"picked":"Chaos","floor":17},{"not_picked":["Darkness","Force Field"],"picked":"Streamline","floor":17},{"not_picked":["Leap","Chill"],"picked":"Loop","floor":17},{"not_picked":["Rip and Tear","Blizzard"],"picked":"White Noise","floor":17},{"not_picked":["Lockon","Conserve Battery"],"picked":"Double Energy+1","floor":18},{"not_picked":["Skim+1","Compile Driver"],"picked":"Cold Snap","floor":19}],"player_experience":569878,"relics_obtained":[{"floor":7,"key":"Pantograph"},{"floor":9,"key":"Pear"},{"floor":10,"key":"Nunchaku"}],"event_choices":[{"damage_healed":0,"gold_gain":0,"player_choice":"Entered Light","damage_taken":15,"max_hp_gain":0,"max_hp_loss":0,"event_name":"Shining Light","floor":2,"gold_loss":0,"cards_upgraded":["Zap","Defend_B"]},{"damage_healed":0,"gold_gain":0,"player_choice":"Upgraded","damage_taken":0,"max_hp_gain":0,"max_hp_loss":0,"event_name":"Upgrade Shrine","floor":4,"gold_loss":0,"cards_upgraded":["Rip and Tear"]},{"damage_healed":0,"gold_gain":0,"cards_transformed":["Strike_B","Strike_B"],"player_choice":"Became Test Subject","damage_taken":0,"max_hp_gain":0,"max_hp_loss":0,"event_name":"Drug Dealer","floor":20,"gold_loss":0,"cards_obtained":["Genetic Algorithm","Hello World"]},{"cards_removed":["Strike_B"],"damage_healed":0,"gold_gain":0,"player_choice":"Elegance","damage_taken":0,"max_hp_gain":0,"max_hp_loss":0,"event_name":"Back to Basics","floor":21,"gold_loss":0}],"is_beta":false,"boss_relics":[{"not_picked":["White Beast Statue","Calling Bell"],"picked":"Orrery"}],"items_purged_floors":[],"is_endless":false,"potions_floor_spawned":[1,16],"killed_by":"Gremlin Leader","ascension_level":3}