{"gold_per_floor":[109,34,47,63,73,73,91,13,13,13,26,26,40,87,87,191,191,175,100,125,75,85,85],"floor_reached":23,"playtime":1825,"items_purged":["Strike_B","Strike_B"],"score":192,"play_id":"e3d2f840-6dd8-45ff-8dd7-6b8f34711f9a","local_time":"20190507112057","is_ascension_mode":true,"campfire_choices":[{"data":"Glacier","floor":6.0,"key":"SMITH"},{"data":"ReplayTheSpireMod:Calculation Training","floor":12.0,"key":"SMITH"},{"data":"Panic Button","floor":15.0,"key":"SMITH"}],"neow_cost":"NONE","seed_source_timestamp":0,"circlet_count":0,"master_deck":["Strike_B","Defend_B","Defend_B","Defend_B","Defend_B","Zap","Dualcast","Cold Snap","Glacier+1","Time Bomb","Self Repair","FTL","ReplayTheSpireMod:Calculation Training+1","Panic Button+1","Machine Learning"],"special_seed":0,"relics":["Cracked Core","Pantograph","Smiling Mask","Philosopher\u0027s Stone","Anchor"],"potions_floor_usage":[],"damage_taken":[{"damage":0.0,"enemies":"2 Louse","floor":1.0,"turns":2.0},{"damage":0.0,"enemies":"Cultist","floor":3.0,"turns":4.0},{"damage":1.0,"enemies":"Jaw Worm","floor":4.0,"turns":4.0},{"damage":6.0,"enemies":"3 Louse","floor":5.0,"turns":4.0},{"damage":1.0,"enemies":"Looter","floor":7.0,"turns":5.0},{"damage":0.0,"enemies":"Large Slime","floor":11.0,"turns":5.0},{"damage":0.0,"enemies":"Exordium Wildlife","floor":13.0,"turns":4.0},{"damage":40.0,"enemies":"Slime Boss","floor":16.0,"turns":11.0},{"damage":17.0,"enemies":"2 Thieves","floor":18.0,"turns":4.0},{"damage":32,"enemies":"3 Byrds","floor":22,"turns":7},{"damage":40,"enemies":"Slavers","floor":23,"turns":4}],"seed_played":"6456674551147021529","potions_obtained":[{"floor":3.0,"key":"construct:ShiftPotion"},{"floor":4.0,"key":"Dexterity Potion"},{"floor":5.0,"key":"Adrenaline Potion"},{"floor":13.0,"key":"PowerPotion"}],"is_trial":false,"path_per_floor":["M","$","M","M","M","R","M","$","T","?","M","R","M","T","R","B",null,"M","?","T","$","M","E"],"character_chosen":"DEFECT","items_purchased":["ReplayTheSpireMod:Calculation Training"],"campfire_rested":0,"item_purchase_floors":[8],"current_hp_per_floor":[75,75,75,74,68,68,74,74,74,74,75,75,75,75,75,42,75,65,65,65,65,40,0],"gold":85,"neow_bonus":"THREE_CARDS","is_prod":false,"is_daily":false,"chose_seed":false,"campfire_upgraded":3,"win_rate":0,"timestamp":1557184857,"path_taken":["M","$","M","M","M","R","M","$","T","?","?","R","M","?","R","BOSS","M","?","?","$","M","E"],"build_version":"2019-01-23","purchased_purges":2,"victory":false,"max_hp_per_floor":[75,75,75,75,75,75,75,75,75,75,75,75,75,75,75,75,75,75,75,75,75,75,75],"card_choices":[{"not_picked":["Redo","Barrage"],"picked":"Cold Snap","floor":0.0},{"not_picked":["Rebound","ReplayTheSpireMod:Repulse","Crystallizer"],"picked":"SKIP","floor":1.0},{"not_picked":["ReplaySolidLightProjector","Sweeping Beam"],"picked":"Glacier","floor":3.0},{"not_picked":["Hologram","Rip and Tear"],"picked":"Time Bomb","floor":4.0},{"not_picked":["ReplayTheSpireMod:Repulse","Turbo"],"picked":"Self Repair","floor":5.0},{"not_picked":["Double Energy","Scrape"],"picked":"FTL","floor":7.0},{"not_picked":["ReplayTheSpireMod:System Scan","Skim","Go for the Eyes"],"picked":"SKIP","floor":11.0},{"not_picked":["Sweeping Beam","Turbo"],"picked":"Panic Button","floor":13.0},{"not_picked":["ReplayRNGCard","Buffer"],"picked":"Machine Learning","floor":16.0},{"not_picked":["Streamline+1","Coolheaded","Gash"],"picked":"SKIP","floor":18},{"not_picked":["Hologram","Streamline","Stack"],"picked":"SKIP","floor":22}],"player_experience":145298,"relics_obtained":[{"floor":9.0,"key":"Pantograph"},{"floor":14.0,"key":"Smiling Mask"},{"floor":20,"key":"Anchor"}],"event_choices":[{"damage_healed":0.0,"max_hp_gain":0.0,"max_hp_loss":0.0,"gold_gain":0.0,"event_name":"Lab","player_choice":"Got Potions","floor":10.0,"gold_loss":0.0,"damage_taken":0.0},{"cards_removed":["Strike_B"],"damage_healed":0,"gold_gain":0,"player_choice":"Gave Gold","damage_taken":0,"max_hp_gain":0,"max_hp_loss":0,"event_name":"Beggar","floor":19,"gold_loss":75}],"is_beta":false,"boss_relics":[{"not_picked":["Inserter","Cursed Key"],"picked":"Philosopher\u0027s Stone"}],"items_purged_floors":[2,21],"is_endless":false,"potions_floor_spawned":[3,4,5,7,13],"killed_by":"Slavers","ascension_level":1}