{"gold_per_floor":[214,231,331,345,345,345,345,345,371,29,55,68,0,30,30,126,126,138,88,104,19,6,35,35,65,65,65,19,0,0,10,10,10],"floor_reached":33,"playtime":1660,"items_purged":["Strike_R","Strike_R"],"score":405,"play_id":"e52a033a-2907-403c-a7dd-3d4ce86cfa0d","local_time":"20190505225706","is_ascension_mode":true,"campfire_choices":[{"data":"Rampage","floor":6,"key":"SMITH"},{"data":"Bash","floor":8,"key":"SMITH"},{"data":"Apotheosis","floor":15,"key":"SMITH"},{"floor":27,"key":"REST"},{"floor":32,"key":"REST"}],"neow_cost":"NONE","seed_source_timestamp":784041057265065,"circlet_count":0,"master_deck":["Strike_R+1","Strike_R","Strike_R+1","Defend_R","Defend_R","Defend_R","Defend_R","Bash+1","Clothesline","Rampage+1","Apotheosis+1","Iron Wave","Cleave","Feed","Impervious+1","Flex+1","J.A.X.+1","Pommel Strike+1","True Grit+1","Spot Weakness+1"],"relics":["Burning Blood","PreservedInsect","Membership Card","Toxic Egg 2","Bronze Scales","Busted Crown","Turnip","Whetstone","Juzu Bracelet","The Courier"],"potions_floor_usage":[16,16,16,25],"damage_taken":[{"damage":10,"enemies":"Small Slimes","floor":1,"turns":4},{"damage":20,"enemies":"Cultist","floor":2,"turns":5},{"damage":5,"enemies":"2 Louse","floor":4,"turns":4},{"damage":16,"enemies":"Gremlin Nob","floor":11,"turns":3},{"damage":0,"enemies":"Exordium Wildlife","floor":12,"turns":5},{"damage":17,"enemies":"Lagavulin","floor":14,"turns":6},{"damage":30,"enemies":"Hexaghost","floor":16,"turns":9},{"damage":4,"enemies":"Chosen","floor":18,"turns":4},{"damage":24,"enemies":"2 Thieves","floor":20,"turns":4},{"damage":22,"enemies":"Book of Stabbing","floor":23,"turns":4},{"damage":33,"enemies":"Slavers","floor":25,"turns":5},{"damage":25,"enemies":"Centurion and Healer","floor":31,"turns":4},{"damage":61,"enemies":"Collector","floor":33,"turns":9}],"seed_played":"-7402880157497521859","potions_obtained":[{"floor":2,"key":"Swift Potion"},{"floor":4,"key":"LiquidBronze"},{"floor":12,"key":"FearPotion"},{"floor":16,"key":"SpeedPotion"},{"floor":23,"key":"Weak Potion"}],"is_trial":false,"path_per_floor":["M","M","?","M","?","R","?","R","T","$","E","M","$","E","R","B",null,"M","$","M","?","$","E","?","E","T","R","$","?","?","M","R","B"],"character_chosen":"IRONCLAD","items_purchased":["Membership Card","Apotheosis","Feed","Flex+1","True Grit+1","Spot Weakness+1"],"campfire_rested":2,"item_purchase_floors":[10,10,13,22,28,28],"current_hp_per_floor":[68,54,54,55,55,55,55,55,55,55,45,51,51,40,40,16,64,66,66,52,52,52,40,40,16,16,43,43,43,43,27,55,0],"gold":10,"neow_bonus":"HUNDRED_GOLD","is_prod":false,"is_daily":false,"chose_seed":false,"campfire_upgraded":3,"win_rate":0,"timestamp":1557115026,"path_taken":["M","M","?","?","?","R","?","R","T","$","E","?","$","E","R","BOSS","M","$","M","?","$","E","?","E","T","R","?","?","?","M","R","BOSS"],"build_version":"2019-01-23","purchased_purges":2,"victory":false,"max_hp_per_floor":[80,80,80,80,80,80,80,80,80,80,80,80,80,80,80,80,80,80,80,84,84,84,88,88,91,91,91,91,91,91,94,94,94],"card_choices":[{"not_picked":["Thunderclap","Corruption","Flame Barrier"],"picked":"SKIP","floor":1},{"not_picked":["Sentinel","Infernal Blade"],"picked":"Clothesline","floor":2},{"not_picked":["Iron Wave","Armaments"],"picked":"Rampage","floor":4},{"not_picked":["Dropkick","Blood for Blood"],"picked":"Iron Wave","floor":11},{"not_picked":["Anger","Pummel"],"picked":"Cleave","floor":12},{"not_picked":["Blood for Blood","Dark Embrace","Perfected Strike"],"picked":"SKIP","floor":14},{"not_picked":["Feed","Reaper"],"picked":"Impervious+1","floor":16},{"not_picked":["Havoc+1"],"picked":"SKIP","floor":18},{"not_picked":["Armaments+1"],"picked":"SKIP","floor":20},{"not_picked":["Body Slam"],"picked":"SKIP","floor":23},{"not_picked":[],"picked":"Pommel Strike+1","floor":25},{"not_picked":["Sentinel+1"],"picked":"SKIP","floor":31}],"player_experience":600475,"relics_obtained":[{"floor":9,"key":"PreservedInsect"},{"floor":11,"key":"Toxic Egg 2"},{"floor":14,"key":"Bronze Scales"},{"floor":23,"key":"Whetstone"},{"floor":25,"key":"Juzu Bracelet"},{"floor":26,"key":"The Courier"}],"event_choices":[{"damage_healed":0,"gold_gain":100,"player_choice":"Pray","damage_taken":0,"max_hp_gain":0,"max_hp_loss":0,"event_name":"Golden Shrine","floor":3,"gold_loss":0},{"damage_healed":0,"gold_gain":0,"player_choice":"Ignored","damage_taken":0,"max_hp_gain":0,"max_hp_loss":0,"event_name":"Liars Game","floor":5,"gold_loss":0},{"damage_healed":0,"gold_gain":0,"player_choice":"Bought 0 Potions","damage_taken":0,"max_hp_gain":0,"max_hp_loss":0,"event_name":"The Woman in Blue","floor":7,"gold_loss":0},{"damage_healed":0,"gold_gain":0,"player_choice":"Obtained Relic","damage_taken":0,"relics_obtained":["Turnip"],"max_hp_gain":0,"max_hp_loss":0,"event_name":"Addict","floor":21,"gold_loss":85},{"damage_healed":0,"gold_gain":0,"player_choice":"Obtain J.A.X.","damage_taken":0,"max_hp_gain":0,"max_hp_loss":0,"event_name":"Drug Dealer","floor":24,"gold_loss":0,"cards_obtained":["J.A.X."]},{"damage_healed":0,"gold_gain":0,"player_choice":"Paid Fearfully","damage_taken":0,"max_hp_gain":0,"max_hp_loss":0,"event_name":"Masked Bandits","floor":29,"gold_loss":19},{"damage_healed":0,"gold_gain":0,"player_choice":"Ignored","damage_taken":0,"max_hp_gain":0,"max_hp_loss":0,"event_name":"Beggar","floor":30,"gold_loss":0}],"is_beta":false,"boss_relics":[{"not_picked":["Eternal Feather","Runic Pyramid"],"picked":"Busted Crown"}],"items_purged_floors":[10,19],"is_endless":false,"potions_floor_spawned":[2,4,12,16,23],"killed_by":"Collector","ascension_level":8}