{"gold_per_floor":[119,132,132,132,150,150,170,187,187,137,137,148,148,163,163,258,258,270,270,240,260,260],"floor_reached":22,"playtime":1842,"items_purged":[],"score":205,"play_id":"1b29040f-762d-4754-b48a-7e2c9c96b5e0","local_time":"20190121005612","is_ascension_mode":true,"campfire_choices":[{"data":"Bash","floor":6.0,"key":"SMITH"},{"data":"Uppercut","floor":11.0,"key":"SMITH"},{"data":"Rage","floor":13.0,"key":"SMITH"},{"data":"True Grit","floor":15.0,"key":"SMITH"}],"neow_cost":"NONE","seed_source_timestamp":0,"circlet_count":0,"master_deck":["Strike_R+1","Defend_R+1","Defend_R+1","Defend_R+1","Defend_R+1","Bash+1","Rage+1","Cleave","Heavy Blade","Uppercut+1","True Grit+1","Impervious"],"special_seed":0,"relics":["Burning Blood","Oddly Smooth Stone","Philosopher\u0027s Stone"],"potions_floor_usage":[],"damage_taken":[{"damage":1.0,"enemies":"Cultist","floor":1.0,"turns":4.0},{"damage":2.0,"enemies":"2 Louse","floor":2.0,"turns":3.0},{"damage":0.0,"enemies":"Small Slimes","floor":5.0,"turns":3.0},{"damage":28.0,"enemies":"Exordium Wildlife","floor":7.0,"turns":5.0},{"damage":4.0,"enemies":"3 Louse","floor":8.0,"turns":4.0},{"damage":21.0,"enemies":"Large Slime","floor":12.0,"turns":6.0},{"damage":8.0,"enemies":"Exordium Thugs","floor":14.0,"turns":5.0},{"damage":40.0,"enemies":"Hexaghost","floor":16.0,"turns":14.0},{"damage":52,"enemies":"3 Byrds","floor":18,"turns":9},{"damage":14,"enemies":"Spheric Guardian","floor":21,"turns":8},{"damage":14,"enemies":"3 Cultists","floor":22,"turns":5}],"seed_played":"-2810150965086318254","potions_obtained":[{"floor":2.0,"key":"SteroidPotion"},{"floor":5.0,"key":"Weak Potion"},{"floor":7.0,"key":"Swift Potion"},{"floor":20,"key":"PowerPotion"},{"floor":20,"key":"PowerPotion"}],"is_trial":false,"path_per_floor":["M","M","?","?","M","R","M","M","T","?","R","M","R","M","R","B",null,"M","?","?","M","M"],"character_chosen":"IRONCLAD","items_purchased":[],"campfire_rested":0,"item_purchase_floors":[],"current_hp_per_floor":[80,80,80,73,79,79,57,59,59,59,59,44,44,42,42,8,80,34,34,34,26,12],"gold":260,"neow_bonus":"TRANSFORM_CARD","is_prod":false,"is_daily":false,"chose_seed":false,"campfire_upgraded":4,"win_rate":0,"timestamp":1548053772,"path_taken":["M","M","?","?","M","R","M","M","T","?","R","?","R","M","R","BOSS","M","?","?","?","?"],"build_version":"2019-01-17v2","purchased_purges":0,"victory":false,"max_hp_per_floor":[80,80,80,80,80,80,80,80,80,80,80,80,80,80,80,80,80,80,80,80,80,80],"card_choices":[{"not_picked":["Armaments","Disarm"],"picked":"Cleave","floor":1.0},{"not_picked":["Second Wind","Dropkick","Combust"],"picked":"SKIP","floor":2.0},{"not_picked":["Corruption","Second Wind"],"picked":"Heavy Blade","floor":5.0},{"not_picked":["Warcry","Bludgeon"],"picked":"Uppercut","floor":7.0},{"not_picked":["Perfected Strike","Iron Wave","Wild Strike"],"picked":"SKIP","floor":8.0},{"not_picked":["Entrench","Twin Strike","Headbutt"],"picked":"SKIP","floor":12.0},{"not_picked":["Dropkick","Carnage"],"picked":"True Grit","floor":14.0},{"not_picked":["Berserk","Brutality"],"picked":"Impervious","floor":16.0},{"not_picked":["Iron Wave","Warcry","Sever Soul+1"],"picked":"SKIP","floor":18},{"not_picked":["Searing Blow","Sword Boomerang+1","Anger"],"picked":"SKIP","floor":21}],"player_experience":263317,"relics_obtained":[{"floor":9.0,"key":"Oddly Smooth Stone"}],"event_choices":[{"cards_removed":["Strike_R"],"damage_healed":0.0,"max_hp_gain":0.0,"max_hp_loss":0.0,"gold_gain":0.0,"event_name":"Living Wall","player_choice":"Forget","floor":3.0,"gold_loss":0.0,"damage_taken":0.0},{"cards_removed":["Strike_R"],"damage_healed":0.0,"max_hp_gain":0.0,"max_hp_loss":0.0,"gold_gain":0.0,"event_name":"Golden Wing","player_choice":"Card Removal","floor":4.0,"gold_loss":0.0,"damage_taken":7.0},{"cards_removed":["Strike_R"],"damage_healed":0.0,"max_hp_gain":0.0,"max_hp_loss":0.0,"gold_gain":0.0,"event_name":"The Cleric","player_choice":"Card Removal","floor":10.0,"gold_loss":50.0,"damage_taken":0.0},{"damage_healed":0,"gold_gain":0,"player_choice":"Simplicity","damage_taken":0,"max_hp_gain":0,"max_hp_loss":0,"event_name":"Back to Basics","floor":19,"gold_loss":0,"cards_upgraded":["Strike_R","Defend_R","Defend_R","Defend_R","Defend_R"]},{"damage_healed":0,"gold_gain":0,"player_choice":"Bought 2 Potions","damage_taken":0,"max_hp_gain":0,"max_hp_loss":0,"event_name":"The Woman in Blue","floor":20,"gold_loss":0}],"is_beta":false,"boss_relics":[{"not_picked":["Eternal Feather","Runic Dome"],"picked":"Philosopher\u0027s Stone"}],"items_purged_floors":[],"is_endless":false,"potions_floor_spawned":[2,5,7,14],"killed_by":"3 Cultists","ascension_level":3}