{"gold_per_floor":[116,40,58,73,86,86,96,96,96,109,109,109,109,49,49,175,175,175,175],"floor_reached":19,"playtime":701,"items_purged":["Strike_R"],"score":215,"play_id":"96904600-18e3-4c9c-96d5-594493923921","local_time":"20190307235549","is_ascension_mode":true,"campfire_choices":[{"data":"Cleave","floor":6,"key":"SMITH"},{"data":"Twin Strike","floor":8,"key":"SMITH"},{"data":"Bash","floor":13,"key":"SMITH"},{"data":"Evolve","floor":15,"key":"SMITH"}],"neow_cost":"NONE","seed_source_timestamp":1484713345459725,"circlet_count":0,"master_deck":["Strike_R","Strike_R","Strike_R","Strike_R","Defend_R","Defend_R","Defend_R","Defend_R","Bash+1","Twin Strike+1","Evolve+1","Cleave+1","Heavy Blade","Reaper","Twin Strike+1"],"relics":["Burning Blood","NeowsBlessing","The Courier","Golden Idol","Bottled Flame","Ectoplasm"],"potions_floor_usage":[],"damage_taken":[{"damage":0,"enemies":"Cultist","floor":1,"turns":1},{"damage":0,"enemies":"Small Slimes","floor":3,"turns":1},{"damage":0,"enemies":"Jaw Worm","floor":4,"turns":1},{"damage":19,"enemies":"Blue Slaver","floor":5,"turns":4},{"damage":17,"enemies":"Looter","floor":7,"turns":3},{"damage":13,"enemies":"Red Slaver","floor":10,"turns":3},{"damage":33,"enemies":"Slime Boss","floor":16,"turns":8},{"damage":30,"enemies":"Spheric Guardian","floor":18,"turns":5},{"damage":53,"enemies":"Masked Bandits","floor":19,"turns":4}],"seed_played":"2101457223523725221","potions_obtained":[{"floor":3,"key":"Weak Potion"},{"floor":5,"key":"Dexterity Potion"},{"floor":10,"key":"GamblersBrew"},{"floor":18,"key":"Swift Potion"}],"is_trial":false,"path_per_floor":["M","$","M","M","M","R","M","R","T","M","?","T","R","$","R","B",null,"M","?"],"character_chosen":"IRONCLAD","items_purchased":["Evolve"],"campfire_rested":0,"item_purchase_floors":[2],"current_hp_per_floor":[78,78,80,80,67,67,56,56,56,49,49,49,49,49,49,22,61,37,0],"gold":175,"neow_bonus":"THREE_ENEMY_KILL","is_prod":false,"is_daily":false,"chose_seed":false,"campfire_upgraded":4,"win_rate":0,"timestamp":1552024549,"path_taken":["M","$","M","?","M","R","M","R","T","M","?","?","R","$","R","BOSS","M","?"],"build_version":"2019-01-23","purchased_purges":1,"victory":false,"max_hp_per_floor":[80,80,80,80,80,80,80,80,80,80,74,74,74,74,74,74,74,74,74],"card_choices":[{"not_picked":["Armaments","Corruption"],"picked":"Twin Strike","floor":1},{"not_picked":["Sword Boomerang","Pummel"],"picked":"Cleave","floor":3},{"not_picked":["Corruption","Wild Strike"],"picked":"Heavy Blade","floor":4},{"not_picked":["Sword Boomerang","Hemokinesis","Armaments"],"picked":"SKIP","floor":5},{"not_picked":["Searing Blow","Thunderclap","Clash"],"picked":"SKIP","floor":7},{"not_picked":["Body Slam","Uppercut","Headbutt"],"picked":"SKIP","floor":10},{"not_picked":["Exhume","Brutality"],"picked":"Reaper","floor":16},{"not_picked":["Havoc+1","Ghostly Armor"],"picked":"Twin Strike+1","floor":18}],"player_experience":405348,"relics_obtained":[{"floor":9,"key":"The Courier"},{"floor":12,"key":"Bottled Flame"}],"event_choices":[{"damage_healed":0,"gold_gain":0,"player_choice":"Lose Max HP","damage_taken":0,"relics_obtained":["Golden Idol"],"max_hp_gain":0,"max_hp_loss":6,"event_name":"Golden Idol","floor":11,"gold_loss":0},{"damage_healed":0,"gold_gain":0,"player_choice":"Fought Bandits","damage_taken":0,"max_hp_gain":0,"max_hp_loss":0,"event_name":"Masked Bandits","floor":19,"gold_loss":0}],"is_beta":false,"boss_relics":[{"not_picked":["Black Star","Runic Dome"],"picked":"Ectoplasm"}],"items_purged_floors":[14],"is_endless":false,"potions_floor_spawned":[3,5,10,16,18],"killed_by":"Masked Bandits","ascension_level":7}