{"gold_per_floor":[115,131,6,20,20,33,62,72,117,117,141,164,164,183,183,312,312,325,349,200,225,225,225,266,284,329,26,50,84,97,116,116,235,235,253,20,145,158,183,183,226,226,226,249,22,22,47,63,63,63],"floor_reached":51,"playtime":90445,"items_purged":["Strike_G","Strike_G","Endless Agony"],"score":1080,"play_id":"7e04b9ce-bbff-432a-9688-ca30b06ae64d","local_time":"20190503235941","is_ascension_mode":true,"campfire_choices":[{"floor":13,"key":"REST"},{"floor":15,"key":"RECALL"},{"data":"Leg Sweep","floor":23,"key":"SMITH"},{"floor":32,"key":"REST"},{"floor":40,"key":"REST"},{"floor":42,"key":"REST"},{"floor":49,"key":"REST"}],"neow_cost":"NONE","seed_source_timestamp":523003177580577,"circlet_count":0,"master_deck":["Survivor","Neutralize","Cloak And Dagger","Dash","Flying Knee","Backflip","Noxious Fumes+1","Bane","PiercingWail","Backflip","Bouncing Flask","Envenom","Cloak And Dagger+1","Leg Sweep+1","Backflip","Outmaneuver+1","Dash","Noxious Fumes","Malaise","Leg Sweep+1","Bouncing Flask","Phantasmal Killer","Backflip","Flying Knee","Calculated Gamble","Masterful Stab","Calculated Gamble","Flechettes+1","Eviscerate","Cloak And Dagger+1","Bane+1","Accuracy+1","Deadly Poison+1","Poisoned Stab+1","Calculated Gamble+1"],"relics":["Ring of the Snake","Bottled Tornado","Centennial Puzzle","Golden Idol","Snecko Eye","Dodecahedron","Art of War","Membership Card","Vajra","Pandora\u0027s Box","TwistedFunnel","Boot","Nunchaku","Lantern","Question Card","Blue Candle","Mango","Bag of Marbles"],"potions_floor_usage":[28,29,33,33,44,48,50],"damage_taken":[{"damage":0,"enemies":"2 Louse","floor":1,"turns":3},{"damage":0,"enemies":"Small Slimes","floor":2,"turns":4},{"damage":0,"enemies":"Cultist","floor":4,"turns":3},{"damage":2,"enemies":"Lots of Slimes","floor":6,"turns":4},{"damage":22,"enemies":"Lagavulin","floor":7,"turns":8},{"damage":0,"enemies":"Looter","floor":8,"turns":3},{"damage":0,"enemies":"Exordium Wildlife","floor":11,"turns":3},{"damage":14,"enemies":"Gremlin Gang","floor":12,"turns":5},{"damage":0,"enemies":"Looter","floor":14,"turns":3},{"damage":15,"enemies":"Hexaghost","floor":16,"turns":9},{"damage":15,"enemies":"Shell Parasite","floor":18,"turns":5},{"damage":0,"enemies":"Chosen","floor":19,"turns":3},{"damage":3,"enemies":"Snake Plant","floor":21,"turns":4},{"damage":0,"enemies":"Book of Stabbing","floor":24,"turns":5},{"damage":1,"enemies":"Cultist and Chosen","floor":25,"turns":7},{"damage":9,"enemies":"Shelled Parasite and Fungi","floor":28,"turns":8},{"damage":2,"enemies":"Slavers","floor":29,"turns":6},{"damage":0,"enemies":"Snake Plant","floor":30,"turns":5},{"damage":0,"enemies":"Chosen and Byrds","floor":31,"turns":5},{"damage":46,"enemies":"Champ","floor":33,"turns":10},{"damage":0,"enemies":"3 Shapes","floor":35,"turns":3},{"damage":9,"enemies":"Mind Bloom Boss Battle","floor":37,"turns":8},{"damage":7,"enemies":"3 Darklings","floor":38,"turns":3},{"damage":26,"enemies":"Reptomancer","floor":41,"turns":6},{"damage":10,"enemies":"Sphere and 2 Shapes","floor":44,"turns":3},{"damage":0,"enemies":"Transient","floor":47,"turns":5},{"damage":0,"enemies":"4 Shapes","floor":48,"turns":4},{"damage":35,"enemies":"Donu and Deca","floor":50,"turns":9}],"seed_played":"-574496133321521926","potions_obtained":[{"floor":2,"key":"SpeedPotion"},{"floor":4,"key":"Strength Potion"},{"floor":7,"key":"Fire Potion"},{"floor":28,"key":"Poison Potion"},{"floor":29,"key":"Explosive Potion"},{"floor":31,"key":"Block Potion"},{"floor":33,"key":"FearPotion"},{"floor":38,"key":"GamblersBrew"},{"floor":47,"key":"Poison Potion"},{"floor":48,"key":"Energy Potion"}],"is_trial":false,"path_per_floor":["M","M","$","M","?","M","E","M","T","?","M","M","R","M","R","B",null,"M","M","$","M","?","R","E","M","T","$","M","E","M","M","R","B",null,"M","$","?","M","T","R","E","R","T","M","$","?","M","M","R","B",null],"character_chosen":"THE_SILENT","items_purchased":["Flying Knee","Backflip","Membership Card","Noxious Fumes","Malaise","TwistedFunnel","Boot","Mango","Bag of Marbles"],"campfire_rested":5,"item_purchase_floors":[3,20,27,27,27,36,36,45,45],"current_hp_per_floor":[70,70,70,70,55,53,31,31,31,31,31,17,38,38,38,23,59,44,44,44,41,41,41,41,40,40,40,31,29,29,29,50,4,54,54,54,45,38,38,59,33,54,54,44,58,58,58,58,83,48],"gold":63,"neow_bonus":"TEN_PERCENT_HP_BONUS","is_prod":false,"is_daily":false,"chose_seed":false,"campfire_upgraded":1,"win_rate":0,"timestamp":1556945981,"path_taken":["M","M","$","M","?","M","E","M","T","?","M","M","R","M","R","BOSS","M","M","$","M","?","R","E","M","T","$","M","E","M","?","R","BOSS","M","?","?","M","?","R","E","R","T","M","$","?","?","M","R","BOSS"],"build_version":"2019-01-23","purchased_purges":3,"victory":true,"max_hp_per_floor":[77,77,77,77,77,77,77,77,77,71,71,71,71,71,71,71,71,71,71,71,71,71,71,71,71,71,71,71,71,71,71,71,71,71,71,71,71,71,71,71,71,71,71,71,85,85,85,85,85,85],"card_choices":[{"not_picked":["Concentrate","Skewer"],"picked":"Cloak And Dagger","floor":1},{"not_picked":["Acrobatics","Cloak And Dagger"],"picked":"Dash","floor":2},{"not_picked":["Deflect","Prepared"],"picked":"Backflip","floor":4},{"not_picked":["Accuracy","Sucker Punch"],"picked":"Noxious Fumes","floor":6},{"not_picked":["Escape Plan","Adrenaline"],"picked":"Bane","floor":7},{"not_picked":["Dagger Spray","Bane"],"picked":"PiercingWail","floor":8},{"not_picked":["Acrobatics","Flying Knee"],"picked":"Backflip","floor":11},{"not_picked":["Eviscerate","Flying Knee","Caltrops"],"picked":"SKIP","floor":12},{"not_picked":["Blur","Bane"],"picked":"Bouncing Flask","floor":14},{"not_picked":["A Thousand Cuts","Phantasmal Killer"],"picked":"Envenom","floor":16},{"not_picked":["Riddle With Holes","Dagger Spray"],"picked":"Cloak And Dagger+1","floor":18},{"not_picked":["Dodge and Roll","Acrobatics"],"picked":"Leg Sweep","floor":19},{"not_picked":["Finisher+1","Cloak And Dagger"],"picked":"Outmaneuver+1","floor":21},{"not_picked":["Slice","Outmaneuver","Tactician"],"picked":"SKIP","floor":24},{"not_picked":["Bane","Blade Dance"],"picked":"Dash","floor":25},{"not_picked":["Flechettes","Prepared"],"picked":"Leg Sweep+1","floor":28},{"not_picked":["Underhanded Strike","Burst"],"picked":"Bouncing Flask","floor":29},{"not_picked":["Backstab","Eviscerate","All Out Attack+1"],"picked":"SKIP","floor":30},{"not_picked":["Prepared","Blur","Sucker Punch+1"],"picked":"SKIP","floor":31},{"not_picked":["Grand Finale","Wraith Form v2"],"picked":"Phantasmal Killer","floor":33},{"not_picked":["PiercingWail","Quick Slash"],"picked":"Cloak And Dagger+1","floor":35},{"not_picked":["Sucker Punch+1","Concentrate"],"picked":"Bane+1","floor":37},{"not_picked":["Infinite Blades+1","Quick Slash+1"],"picked":"Accuracy+1","floor":38},{"not_picked":["Blade Dance","Skewer+1"],"picked":"Deadly Poison+1","floor":41},{"not_picked":["Deflect+1","Distraction","Dagger Spray+1"],"picked":"Poisoned Stab+1","floor":44},{"not_picked":["Sucker Punch","Grand Finale","Prepared","Slice+1"],"picked":"SKIP","floor":47},{"not_picked":["PiercingWail+1","Dagger Throw","Prepared+1"],"picked":"Calculated Gamble+1","floor":48}],"player_experience":476478,"relics_obtained":[{"floor":7,"key":"Bottled Tornado"},{"floor":9,"key":"Centennial Puzzle"},{"floor":24,"key":"Dodecahedron"},{"floor":26,"key":"Art of War"},{"floor":29,"key":"Vajra"},{"floor":37,"key":"Nunchaku"},{"floor":39,"key":"Lantern"},{"floor":41,"key":"Question Card"},{"floor":43,"key":"Blue Candle"}],"event_choices":[{"damage_healed":0,"gold_gain":0,"player_choice":"Entered Light","damage_taken":15,"max_hp_gain":0,"max_hp_loss":0,"event_name":"Shining Light","floor":5,"gold_loss":0,"cards_upgraded":["Defend_G","Strike_G"]},{"damage_healed":0,"gold_gain":0,"player_choice":"Lose Max HP","damage_taken":0,"relics_obtained":["Golden Idol"],"max_hp_gain":0,"max_hp_loss":6,"event_name":"Golden Idol","floor":10,"gold_loss":0},{"damage_healed":0,"gold_gain":0,"player_choice":"Upgraded","damage_taken":0,"max_hp_gain":0,"max_hp_loss":0,"event_name":"Upgrade Shrine","floor":22,"gold_loss":0,"cards_upgraded":["Noxious Fumes"]},{"damage_healed":0,"gold_gain":0,"player_choice":"Fight","damage_taken":0,"max_hp_gain":0,"max_hp_loss":0,"event_name":"MindBloom","floor":37,"gold_loss":0},{"damage_healed":0,"gold_gain":0,"player_choice":"Upgraded","damage_taken":0,"max_hp_gain":0,"max_hp_loss":0,"event_name":"Upgrade Shrine","floor":46,"gold_loss":0,"cards_upgraded":["Flechettes"]}],"is_beta":false,"boss_relics":[{"not_picked":["Velvet Choker","HoveringKite"],"picked":"Snecko Eye"},{"not_picked":["Astrolabe","Tiny House"],"picked":"Pandora\u0027s Box"}],"items_purged_floors":[3,20,36],"is_endless":false,"potions_floor_spawned":[2,4,7,12,14,24,28,29,31,33,38,47,48],"ascension_level":8}