{"gold_per_floor":[115,115,128,53,13,13,13,27,27,27,58,58,91,141,141,240,240,255,268,200,211,211,211,311,311,361,361,361,361,389,406,406,501,551,570,619,619,632,256,256,289,129,129,0,0,13,13,28,28,28],"floor_reached":51,"playtime":3631,"items_purged":["Turbo","Stack+1"],"score":704,"play_id":"3a2442d1-1e35-4aba-b4b2-093f0323d099","local_time":"20190425213507","daily_mods":["Draft"],"is_ascension_mode":true,"campfire_choices":[{"floor":6,"key":"REST"},{"data":"Storm","floor":10,"key":"SMITH"},{"data":"Darkness","floor":12,"key":"SMITH"},{"data":"Chaos","floor":15,"key":"SMITH"},{"data":"Storm","floor":23,"key":"SMITH"},{"floor":25,"key":"REST"},{"data":"Chill","floor":28,"key":"SMITH"},{"floor":32,"key":"REST"},{"data":"Heatsinks","floor":40,"key":"SMITH"},{"floor":47,"key":"REST"},{"data":"Barrage","floor":49,"key":"SMITH"}],"neow_cost":"","seed_source_timestamp":34541446631000,"circlet_count":0,"master_deck":["FTL","Redo","Darkness+1","Chaos+1","Redo","Capacitor","FTL","BootSequence","Barrage+1","Heatsinks+1","Capacitor+1","Chill+1","Storm+1","Doom and Gloom","Biased Cognition","Storm+1","Blizzard","Consume+1","Defragment+1","Fission+1","Madness+1","Madness+1","Chaos+1","Loop+1","Thunder Strike","Defragment+1"],"relics":["Cracked Core","Ancient Tea Set","Shuriken","Meat on the Bone","Potion Belt","Empty Cage","Unceasing Top","Frozen Egg 2","Bronze Scales","Darkstone Periapt","Toxic Egg 2","Tiny House","Bird Faced Urn","Membership Card","Vajra","Pear","Dodecahedron","Red Mask"],"potions_floor_usage":[11,11,11,16,24,30,31,35,35,41,48],"damage_taken":[{"damage":1,"enemies":"Jaw Worm","floor":1,"turns":2},{"damage":0,"enemies":"2 Louse","floor":3,"turns":2},{"damage":0,"enemies":"Cultist","floor":8,"turns":2},{"damage":12,"enemies":"3 Sentries","floor":11,"turns":7},{"damage":12,"enemies":"Gremlin Nob","floor":13,"turns":3},{"damage":26,"enemies":"The Guardian","floor":16,"turns":5},{"damage":0,"enemies":"Chosen","floor":18,"turns":3},{"damage":10,"enemies":"2 Thieves","floor":19,"turns":3},{"damage":3,"enemies":"Chosen and Byrds","floor":21,"turns":3},{"damage":11,"enemies":"Colosseum Slavers","floor":24,"turns":3},{"damage":1,"enemies":"Colosseum Nobs","floor":24,"turns":3},{"damage":32,"enemies":"Book of Stabbing","floor":30,"turns":4},{"damage":10,"enemies":"Centurion and Healer","floor":31,"turns":4},{"damage":26,"enemies":"Champ","floor":33,"turns":5},{"damage":7,"enemies":"3 Darklings","floor":35,"turns":3},{"damage":27,"enemies":"2 Orb Walkers","floor":36,"turns":3},{"damage":13,"enemies":"3 Shapes","floor":38,"turns":3},{"damage":19,"enemies":"Nemesis","floor":41,"turns":3},{"damage":0,"enemies":"Jaw Worm Horde","floor":46,"turns":3},{"damage":0,"enemies":"Writhing Mass","floor":48,"turns":2},{"damage":29,"enemies":"Time Eater","floor":50,"turns":6}],"seed_played":"7161257118779562819","potions_obtained":[{"floor":5,"key":"SpeedPotion"},{"floor":5,"key":"SneckoOil"},{"floor":5,"key":"Weak Potion"},{"floor":13,"key":"FearPotion"},{"floor":16,"key":"Energy Potion"},{"floor":24,"key":"Block Potion"},{"floor":30,"key":"Explosive Potion"},{"floor":33,"key":"Strength Potion"},{"floor":34,"key":"Dexterity Potion"},{"floor":38,"key":"Strength Potion"},{"floor":46,"key":"Explosive Potion"}],"is_trial":true,"path_per_floor":["M","?","M","$","?","R","$","M","T","R","E","R","E","T","R","B",null,"M","M","$","M","?","R","?","R","T","?","R","T","E","M","R","B",null,"M","?","?","M","$","R","E","$","T","?","?","M","R","M","R","B",null],"character_chosen":"DEFECT","items_purchased":["Storm","Loop+1","Membership Card","Thunder Strike","Pear"],"campfire_rested":4,"item_purchase_floors":[20,39,39,42,42],"current_hp_per_floor":[74,74,75,75,75,75,75,75,75,75,70,70,65,65,65,39,75,75,65,65,62,48,48,48,72,72,72,72,72,52,42,66,52,85,78,51,40,49,49,49,46,56,56,56,56,68,95,95,95,70],"gold":28,"neow_bonus":"","is_prod":false,"is_daily":false,"chose_seed":false,"campfire_upgraded":7,"win_rate":0,"timestamp":1556184907,"path_taken":["M","?","M","$","?","R","$","?","T","R","E","R","E","?","R","BOSS","M","M","$","M","?","R","?","R","T","?","R","?","E","?","R","BOSS","M","?","?","M","$","R","E","$","T","?","?","M","R","M","R","BOSS"],"build_version":"2019-01-23","purchased_purges":2,"victory":true,"max_hp_per_floor":[75,75,75,75,75,75,75,75,75,75,75,75,75,75,75,75,75,75,75,75,75,80,80,80,80,80,80,80,80,80,80,80,80,85,85,85,85,85,85,85,85,95,95,95,95,95,95,95,95,95],"card_choices":[{"not_picked":["Recycle","Coolheaded"],"picked":"FTL","floor":0},{"not_picked":["Hello World","Turbo"],"picked":"Redo","floor":0},{"not_picked":["Rebound","Beam Cell"],"picked":"Darkness","floor":0},{"not_picked":["Skim","Leap"],"picked":"Chaos","floor":0},{"not_picked":["Blizzard","White Noise"],"picked":"Cold Snap","floor":0},{"not_picked":["Blizzard","White Noise"],"picked":"Redo","floor":0},{"not_picked":["Cold Snap","BootSequence"],"picked":"Capacitor","floor":0},{"not_picked":["Gash","Rebound"],"picked":"Turbo","floor":0},{"not_picked":["Steam","Rebound"],"picked":"Compile Driver","floor":0},{"not_picked":["Undo","Turbo"],"picked":"FTL","floor":0},{"not_picked":["Hello World","Turbo"],"picked":"Self Repair","floor":0},{"not_picked":["Leap","Sweeping Beam"],"picked":"BootSequence","floor":0},{"not_picked":["Turbo","Steam"],"picked":"Barrage","floor":0},{"not_picked":["Scrape","Streamline"],"picked":"Heatsinks","floor":0},{"not_picked":["FTL","Skim"],"picked":"Capacitor","floor":0},{"not_picked":["Skim","Sunder"],"picked":"Chill","floor":1},{"not_picked":["Force Field","Redo"],"picked":"Storm","floor":3},{"not_picked":["Auto Shields","Rebound","Turbo"],"picked":"SKIP","floor":8},{"not_picked":["Compile Driver","Leap"],"picked":"Doom and Gloom","floor":11},{"not_picked":["Beam Cell","Darkness","Gash"],"picked":"SKIP","floor":13},{"not_picked":["Thunder Strike","Reboot"],"picked":"Biased Cognition","floor":16},{"not_picked":["Doom and Gloom","Go for the Eyes","Hologram+1"],"picked":"SKIP","floor":18},{"not_picked":["Go for the Eyes","Conserve Battery","Rebound"],"picked":"SKIP","floor":19},{"not_picked":["Beam Cell+1","Turbo+1","Barrage+1"],"picked":"SKIP","floor":21},{"not_picked":["Stack","Beam Cell"],"picked":"Blizzard","floor":24},{"not_picked":["Sunder","Go for the Eyes+1"],"picked":"Consume","floor":30},{"not_picked":["Beam Cell","Ball Lightning"],"picked":"Defragment+1","floor":31},{"not_picked":["All For One","Reboot+1"],"picked":"Fission+1","floor":33},{"not_picked":["Streamline","Conserve Battery+1"],"picked":"Stack+1","floor":34},{"not_picked":["Sweeping Beam","Glacier+1","Beam Cell+1"],"picked":"SKIP","floor":35},{"not_picked":["Coolheaded+1","Darkness+1"],"picked":"Chaos+1","floor":38},{"not_picked":["Amplify+1","Redo+1","Scrape+1"],"picked":"SKIP","floor":41},{"not_picked":["Consume+1","Blizzard","Reinforced Body+1"],"picked":"SKIP","floor":46},{"not_picked":["Barrage","Redo+1","Leap+1"],"picked":"SKIP","floor":48}],"player_experience":45754,"relics_obtained":[{"floor":9,"key":"Ancient Tea Set"},{"floor":11,"key":"Shuriken"},{"floor":13,"key":"Meat on the Bone"},{"floor":14,"key":"Potion Belt"},{"floor":24,"key":"Unceasing Top"},{"floor":24,"key":"Frozen Egg 2"},{"floor":26,"key":"Bronze Scales"},{"floor":29,"key":"Darkstone Periapt"},{"floor":30,"key":"Toxic Egg 2"},{"floor":36,"key":"Bird Faced Urn"},{"floor":41,"key":"Vajra"},{"floor":43,"key":"Dodecahedron"}],"event_choices":[{"damage_healed":0,"gold_gain":0,"player_choice":"Ignored","damage_taken":0,"max_hp_gain":0,"max_hp_loss":0,"event_name":"Liars Game","floor":2,"gold_loss":0},{"damage_healed":0,"gold_gain":0,"player_choice":"Bought 3 Potions","damage_taken":0,"max_hp_gain":0,"max_hp_loss":0,"event_name":"The Woman in Blue","floor":5,"gold_loss":0},{"damage_healed":0,"gold_gain":0,"player_choice":"Shed Blood","damage_taken":19,"max_hp_gain":5,"max_hp_loss":0,"event_name":"Forgotten Altar","floor":22,"gold_loss":0},{"damage_healed":0,"gold_gain":0,"player_choice":"Fight","damage_taken":0,"max_hp_gain":0,"max_hp_loss":0,"event_name":"Colosseum","floor":24,"gold_loss":0},{"damage_healed":0,"gold_gain":0,"player_choice":"Fought Nobs","damage_taken":0,"max_hp_gain":0,"max_hp_loss":0,"event_name":"Colosseum","floor":24,"gold_loss":0},{"cards_removed":["Compile Driver"],"damage_healed":0,"gold_gain":0,"player_choice":"Elegance","damage_taken":0,"max_hp_gain":0,"max_hp_loss":0,"event_name":"Back to Basics","floor":27,"gold_loss":0},{"damage_healed":0,"gold_gain":0,"player_choice":"Fight","damage_taken":0,"max_hp_gain":0,"max_hp_loss":0,"event_name":"Mysterious Sphere","floor":36,"gold_loss":0},{"damage_healed":0,"gold_gain":0,"player_choice":"Embrace Madness","damage_taken":11,"max_hp_gain":0,"max_hp_loss":0,"event_name":"Winding Halls","floor":37,"gold_loss":0,"cards_obtained":["Madness","Madness"]},{"damage_healed":0,"gold_gain":0,"player_choice":"Paid","damage_taken":0,"relics_obtained":["Red Mask"],"max_hp_gain":0,"max_hp_loss":0,"event_name":"Tomb of Lord Red Mask","floor":44,"gold_loss":129},{"damage_healed":0,"gold_gain":0,"player_choice":"1 cards matched","damage_taken":0,"max_hp_gain":0,"max_hp_loss":0,"event_name":"Match and Keep!","floor":45,"gold_loss":0,"cards_obtained":["Defragment"]}],"is_beta":false,"boss_relics":[{"not_picked":["Ectoplasm","FrozenCore"],"picked":"Empty Cage"},{"not_picked":["Snecko Eye","Runesmith:UraniumAnvil"],"picked":"Tiny House"}],"items_purged_floors":[4,39],"is_endless":false,"potions_floor_spawned":[1,13,16,24,24,30,33,38,46],"ascension_level":1}