{"gold_per_floor":[110,110,110,110,125,157,169,198,198,198,198,216,61,80,80,180,180,190,190,201,221,221,221,233,249,249,44,44,44,44,54,54,155,155,166,60,80,92,92,92,14,14,14,34,59,59,90,190,190,190],"floor_reached":50,"playtime":2695,"items_purged":["Strike_R"],"score":783,"play_id":"b6922683-83ce-42f2-aefb-bc7850ddea95","local_time":"20190425003833","is_ascension_mode":true,"campfire_choices":[{"data":"Bash","floor":10,"key":"SMITH"},{"data":"Limit Break","floor":15,"key":"SMITH"},{"floor":23,"key":"REST"},{"floor":28,"key":"REST"},{"floor":30,"key":"REST"},{"data":"True Grit","floor":32,"key":"SMITH"},{"data":"Double Tap","floor":40,"key":"SMITH"},{"data":"Inflame","floor":42,"key":"SMITH"},{"floor":49,"key":"REST"}],"neow_cost":"NONE","seed_source_timestamp":350941436266873,"circlet_count":0,"master_deck":["Strike_R+1","Strike_R","Strike_R","Defend_R","Defend_R","Defend_R","Defend_R","Bash+1","Anger+1","Pommel Strike","Clothesline","Cleave","Burning Pact","Regret","Shrug It Off","Limit Break+1","Heavy Blade+1","Double Tap+1","Pommel Strike+1","Battle Trance+1","Heavy Blade+1","True Grit+1","Heavy Blade+1","Clothesline+1","Bludgeon+1","Pommel Strike+1","Immolate+1","Inflame+1","Shrug It Off+1","Battle Trance","Thunderclap+1"],"relics":["Burning Blood","NeowsBlessing","Question Card","Shuriken","Du-Vu Doll","Bottled Lightning","Molten Egg 2","Snecko Eye","Oddly Smooth Stone","Vajra","Philosopher\u0027s Stone","Bronze Scales","Gremlin Horn","Bag of Preparation","Orichalcum","Calipers"],"potions_floor_usage":[21,29,29,33,47,47,50],"damage_taken":[{"damage":0,"enemies":"Jaw Worm","floor":1,"turns":1},{"damage":0,"enemies":"2 Louse","floor":5,"turns":1},{"damage":0,"enemies":"Lagavulin","floor":6,"turns":1},{"damage":0,"enemies":"Small Slimes","floor":7,"turns":2},{"damage":25,"enemies":"3 Sentries","floor":8,"turns":5},{"damage":1,"enemies":"Exordium Wildlife","floor":12,"turns":2},{"damage":23,"enemies":"Exordium Thugs","floor":14,"turns":4},{"damage":22,"enemies":"Slime Boss","floor":16,"turns":9},{"damage":32,"enemies":"Spheric Guardian","floor":18,"turns":4},{"damage":2,"enemies":"Chosen","floor":20,"turns":3},{"damage":18,"enemies":"Snake Plant","floor":21,"turns":2},{"damage":57,"enemies":"Cultist and Chosen","floor":24,"turns":7},{"damage":7,"enemies":"Snecko","floor":25,"turns":3},{"damage":15,"enemies":"Book of Stabbing","floor":29,"turns":3},{"damage":16,"enemies":"Centurion and Healer","floor":31,"turns":3},{"damage":16,"enemies":"Champ","floor":33,"turns":7},{"damage":0,"enemies":"Orb Walker","floor":35,"turns":2},{"damage":4,"enemies":"3 Shapes","floor":37,"turns":3},{"damage":50,"enemies":"Writhing Mass","floor":38,"turns":3},{"damage":2,"enemies":"Jaw Worm Horde","floor":44,"turns":2},{"damage":5,"enemies":"Giant Head","floor":45,"turns":4},{"damage":40,"enemies":"Nemesis","floor":47,"turns":5},{"damage":8,"enemies":"Mind Bloom Boss Battle","floor":48,"turns":2},{"damage":56,"enemies":"Donu and Deca","floor":50,"turns":3}],"seed_played":"-6960898708867459910","potions_obtained":[{"floor":6,"key":"SmokeBomb"},{"floor":12,"key":"BloodPotion"},{"floor":14,"key":"LiquidBronze"},{"floor":24,"key":"Poison Potion"},{"floor":37,"key":"Weak Potion"},{"floor":38,"key":"Explosive Potion"},{"floor":45,"key":"SkillPotion"}],"is_trial":false,"path_per_floor":["M","?","?","?","M","E","M","E","T","R","?","M","$","M","R","B",null,"M","?","M","M","?","R","M","M","T","$","R","E","R","M","R","B",null,"M","?","M","M","?","R","$","R","T","M","E","$","E","?","R","B"],"character_chosen":"IRONCLAD","items_purchased":["Limit Break","Vajra","Heavy Blade+1","Inflame"],"campfire_rested":4,"item_purchase_floors":[13,27,27,41],"current_hp_per_floor":[78,78,66,50,56,62,68,49,49,49,49,54,54,37,37,21,65,39,39,43,39,39,63,12,11,11,11,35,26,50,40,40,30,68,74,74,76,32,70,70,70,70,70,70,70,70,36,34,55,0],"gold":190,"neow_bonus":"THREE_ENEMY_KILL","is_prod":false,"is_daily":false,"chose_seed":false,"campfire_upgraded":5,"win_rate":0,"timestamp":1556170713,"path_taken":["M","?","?","?","M","E","M","E","T","R","?","M","$","M","R","BOSS","M","?","M","M","?","R","M","M","T","$","R","E","R","?","R","BOSS","M","?","M","?","?","R","$","R","T","M","E","?","E","?","R","BOSS"],"build_version":"2019-01-23","purchased_purges":1,"victory":false,"max_hp_per_floor":[80,80,80,80,80,80,80,80,80,80,80,80,80,80,80,80,80,80,80,80,80,80,80,80,80,80,80,80,80,80,80,80,80,80,80,80,80,80,70,70,70,70,70,70,70,70,70,70,70,70],"card_choices":[{"not_picked":["Flex","Seeing Red","Anger"],"picked":"SKIP","floor":1},{"not_picked":["Warcry","Whirlwind","Armaments"],"picked":"Pommel Strike","floor":5},{"not_picked":["Twin Strike","Iron Wave","Bludgeon"],"picked":"Clothesline","floor":6},{"not_picked":["Iron Wave","Ghostly Armor","Perfected Strike"],"picked":"Cleave","floor":7},{"not_picked":["Pummel","Second Wind","Sever Soul"],"picked":"Burning Pact","floor":8},{"not_picked":["Anger+1","Pummel+1","Armaments"],"picked":"Shrug It Off","floor":12},{"not_picked":["Sword Boomerang+1","Sentinel","Rupture"],"picked":"Heavy Blade+1","floor":14},{"not_picked":["Exhume","Impervious","Berserk"],"picked":"Double Tap","floor":16},{"not_picked":["Sentinel","Body Slam+1","Shrug It Off"],"picked":"Pommel Strike+1","floor":18},{"not_picked":["Warcry","Iron Wave+1","Twin Strike+1"],"picked":"Battle Trance+1","floor":20},{"not_picked":["Iron Wave+1","Pommel Strike+1","Havoc"],"picked":"Heavy Blade+1","floor":21},{"not_picked":["Power Through","Flex","Fiend Fire+1","Pummel+1"],"picked":"SKIP","floor":24},{"not_picked":["Sentinel","Anger+1","Flex"],"picked":"True Grit","floor":25},{"not_picked":["Headbutt+1","Reckless Charge+1","Twin Strike+1"],"picked":"Clothesline+1","floor":31},{"not_picked":["Limit Break","Barricade","Brutality"],"picked":"Bludgeon+1","floor":33},{"not_picked":["Thunderclap+1","Clothesline+1","Havoc+1","Flex+1"],"picked":"SKIP","floor":35},{"not_picked":["Armaments","Rupture","Metallicize+1"],"picked":"Pommel Strike+1","floor":37},{"not_picked":["Corruption","Twin Strike+1","Pommel Strike+1"],"picked":"Immolate+1","floor":38},{"not_picked":["Dropkick+1","Anger+1","Shockwave"],"picked":"Shrug It Off+1","floor":44},{"not_picked":["Clothesline+1","Blood for Blood+1","Infernal Blade+1"],"picked":"Battle Trance","floor":45},{"not_picked":["Sentinel","Body Slam+1","Cleave+1","Clash+1"],"picked":"SKIP","floor":47},{"not_picked":["Clothesline+1","Dark Embrace","Armaments"],"picked":"Thunderclap+1","floor":48}],"player_experience":461726,"relics_obtained":[{"floor":6,"key":"Shuriken"},{"floor":8,"key":"Du-Vu Doll"},{"floor":9,"key":"Bottled Lightning"},{"floor":26,"key":"Oddly Smooth Stone"},{"floor":43,"key":"Gremlin Horn"},{"floor":45,"key":"Bag of Preparation"},{"floor":47,"key":"Orichalcum"},{"floor":48,"key":"Calipers"}],"event_choices":[{"damage_healed":0,"gold_gain":0,"cards_transformed":["Strike_R"],"player_choice":"Change","damage_taken":0,"max_hp_gain":0,"max_hp_loss":0,"event_name":"Living Wall","floor":2,"gold_loss":0,"cards_obtained":["Anger"]},{"damage_healed":0,"gold_gain":0,"player_choice":"Success","damage_taken":12,"relics_obtained":["Question Card"],"max_hp_gain":0,"max_hp_loss":0,"event_name":"Scrap Ooze","floor":3,"gold_loss":0},{"damage_healed":0,"gold_gain":0,"player_choice":"Entered Light","damage_taken":16,"max_hp_gain":0,"max_hp_loss":0,"event_name":"Shining Light","floor":4,"gold_loss":0,"cards_upgraded":["Anger","Strike_R"]},{"damage_healed":0,"gold_gain":0,"player_choice":"Box","damage_taken":0,"relics_obtained":["Molten Egg 2"],"max_hp_gain":0,"max_hp_loss":0,"event_name":"Big Fish","floor":11,"gold_loss":0,"cards_obtained":["Regret"]},{"damage_healed":0,"gold_gain":0,"player_choice":"Ignored","damage_taken":0,"max_hp_gain":0,"max_hp_loss":0,"event_name":"Ghosts","floor":19,"gold_loss":0},{"damage_healed":0,"gold_gain":0,"player_choice":"Ignored","damage_taken":0,"max_hp_gain":0,"max_hp_loss":0,"event_name":"Vampires","floor":22,"gold_loss":0},{"damage_healed":0,"gold_gain":0,"player_choice":"Paid Gold","damage_taken":0,"relics_obtained":["Bronze Scales"],"max_hp_gain":0,"max_hp_loss":0,"event_name":"WeMeetAgain","floor":36,"gold_loss":106},{"damage_healed":70,"gold_gain":0,"player_choice":"Heal","damage_taken":0,"max_hp_gain":0,"max_hp_loss":10,"event_name":"The Moai Head","floor":39,"gold_loss":0},{"damage_healed":0,"gold_gain":0,"player_choice":"Fight","damage_taken":0,"max_hp_gain":0,"max_hp_loss":0,"event_name":"MindBloom","floor":48,"gold_loss":0}],"is_beta":false,"boss_relics":[{"not_picked":["Black Blood","Busted Crown"],"picked":"Snecko Eye"},{"not_picked":["Pandora\u0027s Box","Lizard Tail"],"picked":"Philosopher\u0027s Stone"}],"items_purged_floors":[13],"is_endless":false,"potions_floor_spawned":[6,12,14,16,18,20,24,29,37,38,45],"killed_by":"Donu and Deca","ascension_level":7}