{"gold_per_floor":[115,126,126,126,140,198,213,229,229,229,243,20,60,92,92,207,207,238,274,274,274,95,128,128,156,229,229,112,112,112,124,124,124],"floor_reached":33,"playtime":4150,"items_purged":[],"score":395,"play_id":"23b0f602-128f-4dba-abf5-f438a6f27ed9","local_time":"20190503004015","is_ascension_mode":false,"campfire_choices":[{"data":"Rainbow","floor":10,"key":"SMITH"},{"floor":15,"key":"REST"},{"floor":24,"key":"REST"},{"floor":27,"key":"REST"},{"floor":29,"key":"REST"},{"floor":32,"key":"REST"}],"neow_cost":"NONE","seed_source_timestamp":249119133089966,"circlet_count":0,"master_deck":["Defend_B","Defend_B+1","Defend_B","Defend_B","Zap","Dualcast","Amplify+1","Melter","Rebound","Jack Of All Trades","Ball Lightning","Go for the Eyes","Rainbow+1","Cold Snap","Loop","Barrage","HandOfGreed","Steam","Chill","Gash","Biased Cognition","Conserve Battery","Compile Driver","Bite","Bite","Bite","Bite","Bite","Rebound","Fusion+1","Doom and Gloom","Streamline+1","Defragment","Reinforced Body","Chill","Stack","Steam+1"],"relics":["Cracked Core","Tiny Chest","Gambling Chip","Bird Faced Urn","White Beast Statue","MutagenicStrength","Happy Flower","Unceasing Top","Dream Catcher","Sundial","Gremlin Horn"],"potions_floor_usage":[14,16,16,16,19,23,23,25,33,33],"damage_taken":[{"damage":1,"enemies":"Cultist","floor":1,"turns":4},{"damage":0,"enemies":"2 Louse","floor":2,"turns":4},{"damage":1,"enemies":"Jaw Worm","floor":5,"turns":2},{"damage":7,"enemies":"Gremlin Nob","floor":6,"turns":4},{"damage":5,"enemies":"Looter","floor":7,"turns":3},{"damage":1,"enemies":"Blue Slaver","floor":8,"turns":3},{"damage":19,"enemies":"3 Louse","floor":11,"turns":3},{"damage":3,"enemies":"Looter","floor":13,"turns":3},{"damage":9,"enemies":"Lagavulin","floor":14,"turns":5},{"damage":0,"enemies":"Slime Boss","floor":16,"turns":6},{"damage":10,"enemies":"Spheric Guardian","floor":18,"turns":3},{"damage":11,"enemies":"Shell Parasite","floor":19,"turns":5},{"damage":51,"enemies":"Slavers","floor":23,"turns":8},{"damage":36,"enemies":"Book of Stabbing","floor":25,"turns":7},{"damage":9,"enemies":"Snecko","floor":31,"turns":6},{"damage":81,"enemies":"Collector","floor":33,"turns":7}],"seed_played":"-1226455152607202075","potions_obtained":[{"floor":2,"key":"PowerPotion"},{"floor":5,"key":"AttackPotion"},{"floor":8,"key":"SkillPotion"},{"floor":14,"key":"FocusPotion"},{"floor":16,"key":"Explosive Potion"},{"floor":18,"key":"Energy Potion"},{"floor":19,"key":"Dexterity Potion"},{"floor":23,"key":"Weak Potion"},{"floor":25,"key":"Ancient Potion"},{"floor":31,"key":"SteroidPotion"}],"is_trial":false,"path_per_floor":["M","M","?","?","M","E","M","M","T","R","M","$","M","E","R","B",null,"M","M","?","?","$","E","R","E","T","R","$","R","T","M","R","B"],"character_chosen":"DEFECT","items_purchased":["HandOfGreed","Steam","Happy Flower","Rebound","Defragment","Reinforced Body"],"campfire_rested":5,"item_purchase_floors":[12,12,22,22,28,28],"current_hp_per_floor":[74,74,59,59,58,51,46,45,45,45,26,26,23,14,36,38,75,65,58,58,52,52,13,28,8,8,23,23,38,38,37,52,0],"gold":124,"neow_bonus":"ONE_RANDOM_RARE_CARD","is_prod":false,"is_daily":false,"chose_seed":false,"campfire_upgraded":1,"win_rate":0.0,"timestamp":1556869215,"path_taken":["M","M","?","?","?","E","M","M","T","R","M","$","M","E","R","BOSS","M","M","?","?","$","E","R","E","T","R","$","R","?","M","R","BOSS"],"build_version":"2019-01-23","purchased_purges":0,"victory":false,"max_hp_per_floor":[75,75,75,75,75,75,75,75,75,75,75,75,75,75,75,75,75,75,75,75,52,52,52,52,52,52,52,52,52,52,52,52,52],"card_choices":[{"not_picked":["Go for the Eyes","Reinforced Body"],"picked":"Melter","floor":1},{"not_picked":["Go for the Eyes","Hello World"],"picked":"Rebound","floor":2},{"not_picked":["Sweeping Beam","Ball Lightning"],"picked":"Go for the Eyes","floor":5},{"not_picked":["BootSequence","Rebound"],"picked":"Rainbow","floor":6},{"not_picked":["Barrage","Storm"],"picked":"Cold Snap","floor":7},{"not_picked":["Consume","Force Field"],"picked":"Loop","floor":8},{"not_picked":["Skim","Ball Lightning"],"picked":"Barrage","floor":11},{"not_picked":["Leap","Go for the Eyes"],"picked":"Chill","floor":13},{"not_picked":["Leap","Loop"],"picked":"Gash","floor":14},{"not_picked":["Amplify","Meteor Strike"],"picked":"Biased Cognition","floor":16},{"not_picked":["Coolheaded","Ball Lightning"],"picked":"Conserve Battery","floor":18},{"not_picked":["Defragment","Rebound"],"picked":"Compile Driver","floor":19},{"not_picked":["Sweeping Beam","Storm"],"picked":"Fusion+1","floor":23},{"not_picked":["Rainbow","Redo"],"picked":"Doom and Gloom","floor":25},{"not_picked":["Steam","Capacitor+1"],"picked":"Streamline+1","floor":27},{"not_picked":["Blizzard","Rebound"],"picked":"Chill","floor":29},{"not_picked":["Storm+1","Barrage"],"picked":"Stack","floor":31},{"not_picked":["FTL","Auto Shields"],"picked":"Steam+1","floor":32}],"player_experience":83736,"relics_obtained":[{"floor":6,"key":"Tiny Chest"},{"floor":9,"key":"Gambling Chip"},{"floor":14,"key":"Bird Faced Urn"},{"floor":23,"key":"Unceasing Top"},{"floor":25,"key":"Dream Catcher"},{"floor":26,"key":"Sundial"},{"floor":30,"key":"Gremlin Horn"}],"event_choices":[{"damage_healed":0,"gold_gain":0,"player_choice":"Entered Light","damage_taken":15,"max_hp_gain":0,"max_hp_loss":0,"event_name":"Shining Light","floor":3,"gold_loss":0,"cards_upgraded":["Defend_B","Amplify"]},{"damage_healed":0,"gold_gain":0,"player_choice":"2 cards matched","damage_taken":0,"max_hp_gain":0,"max_hp_loss":0,"event_name":"Match and Keep!","floor":4,"gold_loss":0,"cards_obtained":["Jack Of All Trades","Ball Lightning"]},{"damage_healed":0,"gold_gain":0,"player_choice":"Inject Mutagens","damage_taken":0,"relics_obtained":["MutagenicStrength"],"max_hp_gain":0,"max_hp_loss":0,"event_name":"Drug Dealer","floor":20,"gold_loss":0},{"damage_healed":0,"gold_gain":0,"player_choice":"Became a vampire","damage_taken":0,"max_hp_gain":0,"max_hp_loss":23,"event_name":"Vampires","floor":21,"gold_loss":0,"cards_obtained":["Bite","Bite","Bite","Bite","Bite"]}],"is_beta":false,"boss_relics":[{"not_picked":["Cursed Key","Snecko Eye"],"picked":"White Beast Statue"}],"items_purged_floors":[],"is_endless":false,"potions_floor_spawned":[2,5,8,14,16,18,19,23,25,31],"killed_by":"Collector","ascension_level":0}