{"gold_per_floor":[112,112,112,59,75,75,88,107,187,112,112,138,138,153,153,258,258,272,285,285,140,157,157,157],"floor_reached":24,"playtime":1382,"items_purged":["Strike_R","Strike_R"],"score":265,"play_id":"2863a767-f084-4c4c-874a-434778bf9bdc","local_time":"20190416005526","is_ascension_mode":true,"campfire_choices":[{"data":"True Grit","floor":6,"key":"SMITH"},{"data":"Clothesline","floor":13,"key":"SMITH"},{"data":"Pommel Strike","floor":15,"key":"SMITH"},{"floor":23,"key":"REST"}],"neow_cost":"NONE","seed_source_timestamp":6705328051281,"circlet_count":0,"master_deck":["Strike_R","Strike_R","Defend_R","Defend_R","Defend_R","Defend_R","Bash","Twin Strike","Pommel Strike+1","True Grit+1","Clothesline+1","Spot Weakness","Immolate","Cleave+1","Heavy Blade"],"relics":["Burning Blood","Art of War","Self Forming Clay","PreservedInsect","Velvet Choker","Nilry\u0027s Codex"],"potions_floor_usage":[16,16,24],"damage_taken":[{"damage":4,"enemies":"2 Louse","floor":1,"turns":4},{"damage":1,"enemies":"Small Slimes","floor":5,"turns":4},{"damage":0,"enemies":"Cultist","floor":7,"turns":2},{"damage":1,"enemies":"2 Fungi Beasts","floor":8,"turns":4},{"damage":38,"enemies":"3 Sentries","floor":12,"turns":8},{"damage":6,"enemies":"Large Slime","floor":14,"turns":6},{"damage":41,"enemies":"Slime Boss","floor":16,"turns":11},{"damage":24,"enemies":"2 Thieves","floor":18,"turns":4},{"damage":20,"enemies":"Spheric Guardian","floor":19,"turns":4},{"damage":20,"enemies":"3 Cultists","floor":22,"turns":4},{"damage":36,"enemies":"Slavers","floor":24,"turns":2}],"seed_played":"698592767403832779","potions_obtained":[{"floor":7,"key":"AttackPotion"},{"floor":12,"key":"Regen Potion"},{"floor":14,"key":"Dexterity Potion"},{"floor":22,"key":"LiquidBronze"}],"is_trial":false,"path_per_floor":["M","?","?","$","M","R","M","M","T","$","?","E","R","M","R","B",null,"M","M","?","$","M","R","E"],"character_chosen":"IRONCLAD","items_purchased":["Pommel Strike","Heavy Blade"],"campfire_rested":1,"item_purchase_floors":[4,21],"current_hp_per_floor":[74,79,79,79,84,84,85,85,85,85,85,53,53,53,53,33,72,54,40,24,24,10,35,0],"gold":157,"neow_bonus":"RANDOM_COMMON_RELIC","is_prod":false,"is_daily":false,"chose_seed":false,"campfire_upgraded":3,"win_rate":0,"timestamp":1555394126,"path_taken":["M","?","?","$","M","R","M","?","T","$","?","E","R","M","R","BOSS","M","M","?","$","M","R","E"],"build_version":"2019-01-23","purchased_purges":2,"victory":false,"max_hp_per_floor":[80,85,85,85,85,85,85,85,85,85,85,85,85,85,85,85,85,85,85,85,85,85,85,85],"card_choices":[{"not_picked":["Flex","Fire Breathing"],"picked":"Twin Strike","floor":1},{"not_picked":["Sever Soul","Clash"],"picked":"True Grit","floor":5},{"not_picked":["Wild Strike","Perfected Strike"],"picked":"Clothesline","floor":7},{"not_picked":["Entrench","Sever Soul","Wild Strike"],"picked":"SKIP","floor":8},{"not_picked":["Hemokinesis","Feed"],"picked":"Spot Weakness","floor":12},{"not_picked":["Power Through","True Grit","Rage"],"picked":"SKIP","floor":14},{"not_picked":["Reaper","Impervious"],"picked":"Immolate","floor":16},{"not_picked":["Havoc+1","Battle Trance","True Grit"],"picked":"SKIP","floor":18},{"not_picked":["Rampage+1","Headbutt+1"],"picked":"Cleave+1","floor":19},{"not_picked":["Sword Boomerang","Perfected Strike","Clash+1"],"picked":"SKIP","floor":22}],"player_experience":448202,"relics_obtained":[{"floor":9,"key":"Self Forming Clay"},{"floor":12,"key":"PreservedInsect"},{"floor":20,"key":"Nilry\u0027s Codex"}],"event_choices":[{"damage_healed":0,"gold_gain":0,"player_choice":"Donut","damage_taken":0,"max_hp_gain":5,"max_hp_loss":0,"event_name":"Big Fish","floor":2,"gold_loss":0},{"cards_removed":["Strike_R"],"damage_healed":0,"gold_gain":0,"player_choice":"Purged","damage_taken":0,"max_hp_gain":0,"max_hp_loss":0,"event_name":"Purifier","floor":3,"gold_loss":0},{"damage_healed":0,"gold_gain":0,"player_choice":"Ignored","damage_taken":0,"max_hp_gain":0,"max_hp_loss":0,"event_name":"Liars Game","floor":11,"gold_loss":0},{"damage_healed":0,"gold_gain":0,"player_choice":"Obtained Book","damage_taken":16,"max_hp_gain":0,"max_hp_loss":0,"event_name":"Cursed Tome","floor":20,"gold_loss":0}],"is_beta":false,"boss_relics":[{"not_picked":["Orrery","Philosopher\u0027s Stone"],"picked":"Velvet Choker"}],"items_purged_floors":[10,21],"is_endless":false,"potions_floor_spawned":[7,12,14,22],"killed_by":"Slavers","ascension_level":7}