{"gold_per_floor":[110,35,35,53,53,53,70,70,97,117,117,117,117,130,142,161,161,256,256,275,374,394,594,609,609,619,619,701,701,701,407,430,444,444,444],"floor_reached":35,"playtime":2185,"items_purged":["Strike_G","Poison Darts"],"score":249,"play_id":"6cd15601-774d-4d7c-8a41-4e3ac28a8ae5","local_time":"20190430002539","is_ascension_mode":false,"campfire_choices":[{"data":"Deadly Poison","floor":6,"key":"SMITH"},{"floor":17,"key":"REST"},{"floor":25,"key":"REST"},{"floor":27,"key":"REST"},{"floor":34,"key":"REST"}],"neow_cost":"TEN_PERCENT_HP_LOSS","seed_source_timestamp":11292073546900,"circlet_count":0,"master_deck":["Defend_G","Defend_G","Defend_G","Defend_G","Strike_G","Strike_G","Strike_G","Strike_G","Survivor","Neutralize","Catalyst+1","Deadly Poison+1","Poison Darts","Decay","Deadly Poison","Deadly Poison"],"relics":["Ring of the Snake","Ginger","Gremlin Horn","ReplayTheSpireMod:TigerMarble","Velvet Choker","Onion Ring","MutagenicStrength","Snake Skull","Pet Ghost"],"potions_floor_usage":[16,20,35,35,35],"damage_taken":[{"damage":2,"enemies":"Small Slimes","floor":1,"turns":7},{"damage":4,"enemies":"2 Louse","floor":4,"turns":5},{"damage":0,"enemies":"Cultist","floor":7,"turns":2},{"damage":13,"enemies":"Red Slaver","floor":10,"turns":2},{"damage":6,"enemies":"2 Fungi Beasts","floor":14,"turns":3},{"damage":0,"enemies":"Blue Slaver","floor":15,"turns":1},{"damage":0,"enemies":"Red Slaver","floor":16,"turns":2},{"damage":10,"enemies":"Hexaghost","floor":18,"turns":6},{"damage":27,"enemies":"2 Thieves","floor":20,"turns":3},{"damage":0,"enemies":"Shell Parasite","floor":22,"turns":2},{"damage":8,"enemies":"Cultist and Chosen","floor":24,"turns":4},{"damage":36,"enemies":"Centurion and Healer","floor":26,"turns":4},{"damage":16,"enemies":"Shelled Parasite and Fungi","floor":33,"turns":3},{"damage":36,"enemies":"Pondfish","floor":35,"turns":5}],"seed_played":"2562353985257182474","potions_obtained":[{"floor":1,"key":"Swift Potion"},{"floor":14,"key":"EssenceOfSteel"},{"floor":16,"key":"Swift Potion"},{"floor":18,"key":"Weak Potion"},{"floor":20,"key":"Poison Potion"}],"is_trial":false,"path_per_floor":["M","$","?","M","?","R","M","$","T","M","?","PTL","PTL","M","M","M","R","B",null,"M","?","M","?","M","R","M","R","T","?","?","$","T","M","R","B"],"character_chosen":"THE_SILENT","items_purchased":["Deadly Poison","Snake Skull"],"campfire_rested":4,"item_purchase_floors":[31,31],"current_hp_per_floor":[61,61,54,50,50,50,50,50,50,37,37,37,37,31,31,31,49,39,63,36,36,36,36,28,46,10,28,28,28,28,28,28,12,30,0],"gold":444,"neow_bonus":"ONE_RARE_RELIC","is_prod":false,"is_daily":false,"chose_seed":false,"campfire_upgraded":1,"win_rate":0.0,"timestamp":1556540739,"path_taken":["M","$","?","M","?","R","?","?","T","M","?","PTL","PTL","M","M","M","R","BOSS","M","?","M","?","?","R","M","R","T","?","?","$","?","M","R","BOSS"],"build_version":"2019-01-23","purchased_purges":2,"victory":false,"max_hp_per_floor":[63,63,63,63,63,63,63,63,63,63,63,63,63,63,63,63,63,63,63,63,63,63,63,63,63,63,63,63,63,63,63,63,63,63,63],"card_choices":[{"not_picked":["ReplayTheSpireMod:Speed Training","Sneak Up"],"picked":"Catalyst","floor":1},{"not_picked":["All Out Attack","Slice"],"picked":"Deadly Poison","floor":4},{"not_picked":["Infinite Blades","Hidden Blade","Acrobatics"],"picked":"SKIP","floor":7},{"not_picked":["Quick Slash","PiercingWail","Predator"],"picked":"SKIP","floor":10},{"not_picked":["ReplayTheSpireMod:The Works","Acrobatics","Blur"],"picked":"SKIP","floor":14},{"not_picked":["Escape Plan","Backflip","Accuracy"],"picked":"SKIP","floor":15},{"not_picked":["Sucker Punch","Deflect"],"picked":"Poison Darts","floor":16},{"not_picked":["Doppelganger","Tools of the Trade"],"picked":"Poison Darts","floor":18},{"not_picked":["Sneak Up","Distraction+1","Slice"],"picked":"SKIP","floor":20},{"not_picked":["Blade Dance","Hidden Blade","Sucker Punch"],"picked":"SKIP","floor":22},{"not_picked":["Blade Dance+1","Sneak Up","Skewer"],"picked":"SKIP","floor":24},{"not_picked":["Dash+1","Calculated Gamble+1","Deflect+1"],"picked":"SKIP","floor":26},{"not_picked":["ReplayTheSpireMod:The Works+1","Expertise+1","Sneak Up"],"picked":"SKIP","floor":33}],"player_experience":114087,"relics_obtained":[{"floor":9,"key":"ReplayTheSpireMod:TigerMarble"},{"floor":28,"key":"Onion Ring"},{"floor":32,"key":"Pet Ghost"}],"event_choices":[{"damage_healed":0,"gold_gain":0,"player_choice":"Success","damage_taken":7,"relics_obtained":["Gremlin Horn"],"max_hp_gain":0,"max_hp_loss":0,"event_name":"Scrap Ooze","floor":3,"gold_loss":0},{"damage_healed":0,"gold_gain":99,"player_choice":"Stole From Cult","damage_taken":0,"max_hp_gain":0,"max_hp_loss":0,"event_name":"Nest","floor":21,"gold_loss":0},{"damage_healed":0,"gold_gain":200,"player_choice":"Gold","damage_taken":0,"max_hp_gain":0,"max_hp_loss":0,"event_name":"Wheel of Change","floor":23,"gold_loss":0},{"damage_healed":0,"gold_gain":0,"player_choice":"Inject Mutagens","damage_taken":0,"relics_obtained":["MutagenicStrength"],"max_hp_gain":0,"max_hp_loss":0,"event_name":"Drug Dealer","floor":29,"gold_loss":0},{"damage_healed":0,"gold_gain":0,"player_choice":"Smashed Altar","damage_taken":0,"max_hp_gain":0,"max_hp_loss":0,"event_name":"Forgotten Altar","floor":30,"gold_loss":0,"cards_obtained":["Decay"]}],"is_beta":false,"boss_relics":[{"not_picked":["Kintsugi","Orrery"],"picked":"Velvet Choker"}],"items_purged_floors":[2,31],"is_endless":false,"potions_floor_spawned":[1,14,16,18,20,24],"killed_by":"Pondfish","ascension_level":0}