{"gold_per_floor":[117,129,140,215,235,235,235,235,235,245,261,76,76,88,88,88],"floor_reached":16,"playtime":618,"items_purged":["Strike_G"],"score":141,"play_id":"5f22daa7-d76b-49a8-bc21-f68bb9a9657f","local_time":"20190507190156","is_ascension_mode":true,"campfire_choices":[{"floor":6,"key":"REST"},{"data":"Dagger Spray","floor":8,"key":"SMITH"},{"floor":15,"key":"REST"}],"neow_cost":"NONE","seed_source_timestamp":166889176426070,"circlet_count":0,"master_deck":["AscendersBane","Defend_G","Defend_G","Defend_G","Defend_G","Defend_G","Strike_G","Strike_G","Strike_G","Strike_G","Survivor","Neutralize","Blind","Dagger Throw","Dagger Spray+1","Dash","Dagger Throw","Footwork","Blur"],"relics":["Ring of the Snake","Tingsha","Mummified Hand","Ancient Tea Set"],"potions_floor_usage":[16,16],"damage_taken":[{"damage":0,"enemies":"Cultist","floor":1,"turns":5},{"damage":4,"enemies":"2 Louse","floor":2,"turns":4},{"damage":4,"enemies":"Small Slimes","floor":3,"turns":4},{"damage":22,"enemies":"Exordium Thugs","floor":5,"turns":8},{"damage":1,"enemies":"Exordium Wildlife","floor":10,"turns":3},{"damage":0,"enemies":"2 Fungi Beasts","floor":11,"turns":2},{"damage":19,"enemies":"Exordium Thugs","floor":14,"turns":5},{"damage":50,"enemies":"Hexaghost","floor":16,"turns":16}],"seed_played":"-2264341827531666831","potions_obtained":[{"floor":2,"key":"SpeedPotion"},{"floor":10,"key":"SkillPotion"},{"floor":14,"key":"Block Potion"}],"is_trial":false,"path_per_floor":["M","M","M","?","M","R","?","R","T","M","M","$","?","M","R","B"],"character_chosen":"THE_SILENT","items_purchased":["Footwork","Blur"],"campfire_rested":2,"item_purchase_floors":[12,12],"current_hp_per_floor":[63,59,55,44,22,43,43,43,43,42,42,42,42,23,44,0],"gold":88,"neow_bonus":"RANDOM_COLORLESS","is_prod":false,"is_daily":false,"chose_seed":false,"campfire_upgraded":1,"win_rate":0,"timestamp":1557270116,"path_taken":["M","M","M","?","M","R","?","R","T","?","M","$","?","M","R","BOSS"],"build_version":"2019-01-23","purchased_purges":1,"victory":false,"max_hp_per_floor":[70,70,70,70,70,70,70,70,70,70,70,70,70,70,70,70],"card_choices":[{"not_picked":["Poisoned Stab","Flying Knee"],"picked":"Dagger Throw","floor":1},{"not_picked":["PiercingWail","Well Laid Plans"],"picked":"Dagger Spray","floor":2},{"not_picked":["Sucker Punch","Bouncing Flask","Flying Knee"],"picked":"SKIP","floor":3},{"not_picked":["Bouncing Flask","Backstab"],"picked":"Dash","floor":5},{"not_picked":["Deadly Poison","Poisoned Stab"],"picked":"Dagger Throw","floor":10},{"not_picked":["Underhanded Strike","Quick Slash","Predator"],"picked":"SKIP","floor":11},{"not_picked":["Deflect","Endless Agony","Distraction"],"picked":"SKIP","floor":14}],"player_experience":252371,"relics_obtained":[{"floor":7,"key":"Tingsha"},{"floor":9,"key":"Mummified Hand"}],"event_choices":[{"damage_healed":0,"gold_gain":75,"player_choice":"Gather Gold","damage_taken":11,"max_hp_gain":0,"max_hp_loss":0,"event_name":"World of Goop","floor":4,"gold_loss":0},{"damage_healed":0,"gold_gain":0,"player_choice":"Relic","damage_taken":0,"max_hp_gain":0,"max_hp_loss":0,"event_name":"Wheel of Change","floor":7,"gold_loss":0},{"damage_healed":0,"gold_gain":0,"player_choice":"Gave Potion","damage_taken":0,"relics_obtained":["Ancient Tea Set"],"max_hp_gain":0,"max_hp_loss":0,"event_name":"WeMeetAgain","floor":13,"gold_loss":0}],"is_beta":false,"boss_relics":[],"items_purged_floors":[12],"is_endless":false,"potions_floor_spawned":[2,10,14],"killed_by":"Hexaghost","ascension_level":10}