{"gold_per_floor":[113,113,129,149,149,149,163,187,187,44,80,80,80,99,99,223,223,241,262,124,149,172,172,193,193,193,207,10,10,10,30,30,30],"floor_reached":33,"playtime":2006,"items_purged":["Strike_R","Strike_R","Strike_R"],"score":339,"play_id":"e241b86c-4652-4a09-ab8c-5ea9045ba7d5","local_time":"20190320231005","is_ascension_mode":true,"campfire_choices":[{"data":"True Grit","floor":6,"key":"SMITH"},{"floor":12,"key":"REST"},{"floor":15,"key":"REST"},{"floor":23,"key":"REST"},{"floor":25,"key":"REST"},{"floor":29,"key":"REST"},{"data":"Bash","floor":32,"key":"SMITH"}],"neow_cost":"PERCENT_DAMAGE","seed_source_timestamp":602458711366145,"circlet_count":0,"master_deck":["Strike_R","Defend_R","Defend_R","Defend_R","Defend_R","Bash+1","Pommel Strike","Heavy Blade","Pommel Strike","True Grit+1","Heavy Blade","Pommel Strike","Ghostly Armor","Inflame+1","Pummel+1","Inflame","Sentinel+1","Cleave","Shrug It Off+1","Heavy Blade+1","Shrug It Off+1","Inflame","Dual Wield+1"],"relics":["Burning Blood","Prayer Wheel","Golden Idol","Sundial","Paper Frog","Velvet Choker","Mercury Hourglass"],"potions_floor_usage":[8,14,19,22,33,33,33],"damage_taken":[{"damage":7,"enemies":"2 Louse","floor":1,"turns":3},{"damage":5,"enemies":"Small Slimes","floor":3,"turns":3},{"damage":6,"enemies":"Cultist","floor":4,"turns":3},{"damage":10,"enemies":"2 Fungi Beasts","floor":7,"turns":4},{"damage":12,"enemies":"Gremlin Gang","floor":8,"turns":6},{"damage":36,"enemies":"Lagavulin","floor":11,"turns":8},{"damage":29,"enemies":"Exordium Thugs","floor":14,"turns":6},{"damage":1,"enemies":"Slime Boss","floor":16,"turns":8},{"damage":18,"enemies":"Shell Parasite","floor":18,"turns":4},{"damage":2,"enemies":"Chosen","floor":19,"turns":5},{"damage":33,"enemies":"Centurion and Healer","floor":21,"turns":5},{"damage":32,"enemies":"Shelled Parasite and Fungi","floor":22,"turns":4},{"damage":20,"enemies":"3 Cultists","floor":24,"turns":4},{"damage":24,"enemies":"Snake Plant","floor":27,"turns":3},{"damage":18,"enemies":"Shelled Parasite and Fungi","floor":31,"turns":4},{"damage":82,"enemies":"Automaton","floor":33,"turns":6}],"seed_played":"626073184818868002","potions_obtained":[{"floor":4,"key":"Weak Potion"},{"floor":8,"key":"Swift Potion"},{"floor":14,"key":"Block Potion"},{"floor":21,"key":"BloodPotion"},{"floor":24,"key":"Weak Potion"},{"floor":27,"key":"PowerPotion"},{"floor":31,"key":"Explosive Potion"}],"is_trial":false,"path_per_floor":["M","?","M","M","?","R","M","M","T","$","E","R","?","M","R","B",null,"M","M","$","M","M","R","M","R","T","M","$","R","?","M","R","B"],"character_chosen":"IRONCLAD","items_purchased":["Inflame","Inflame","Inflame"],"campfire_rested":5,"item_purchase_floors":[10,20,28],"current_hp_per_floor":[50,50,51,51,51,51,47,41,41,41,11,33,33,10,32,37,65,53,57,57,30,11,33,19,41,41,23,23,45,69,57,57,0],"gold":30,"neow_bonus":"ONE_RARE_RELIC","is_prod":false,"is_daily":false,"chose_seed":false,"campfire_upgraded":2,"win_rate":0,"timestamp":1553141405,"path_taken":["M","?","M","M","?","R","?","M","T","$","E","R","?","M","R","BOSS","M","M","$","M","?","R","M","R","T","M","$","R","?","M","R","BOSS"],"build_version":"2019-01-23","purchased_purges":3,"victory":false,"max_hp_per_floor":[80,74,74,74,74,74,74,74,74,74,74,74,74,74,74,74,74,74,74,74,74,74,74,74,74,74,74,74,74,74,74,74,74],"card_choices":[{"not_picked":["Body Slam","Thunderclap"],"picked":"Pommel Strike","floor":1},{"not_picked":["Flame Barrier","Warcry","Clash"],"picked":"SKIP","floor":1},{"not_picked":["Twin Strike","Perfected Strike"],"picked":"Heavy Blade","floor":3},{"not_picked":["Sword Boomerang","Headbutt"],"picked":"Pommel Strike","floor":3},{"not_picked":["Anger","Dropkick"],"picked":"True Grit","floor":4},{"not_picked":["Bludgeon","Clothesline","Sword Boomerang"],"picked":"SKIP","floor":4},{"not_picked":["Iron Wave","Twin Strike"],"picked":"Pommel Strike","floor":7},{"not_picked":["Sword Boomerang","Wild Strike","Heavy Blade"],"picked":"SKIP","floor":7},{"not_picked":["Heavy Blade","Clothesline"],"picked":"Ghostly Armor","floor":8},{"not_picked":["Iron Wave","Sever Soul","Sentinel"],"picked":"SKIP","floor":8},{"not_picked":["Carnage","Fiend Fire","Heavy Blade"],"picked":"SKIP","floor":11},{"not_picked":["Sentinel","Pummel","Perfected Strike"],"picked":"SKIP","floor":14},{"not_picked":["Clothesline","Clash","Sever Soul"],"picked":"SKIP","floor":14},{"not_picked":["Sword Boomerang+1","Bloodletting+1"],"picked":"Pummel+1","floor":18},{"not_picked":["Twin Strike","Perfected Strike","Body Slam"],"picked":"SKIP","floor":18},{"not_picked":["Burning Pact","Body Slam","Thunderclap"],"picked":"SKIP","floor":19},{"not_picked":["Headbutt+1","Flex","Iron Wave"],"picked":"SKIP","floor":19},{"not_picked":["Feel No Pain","Flame Barrier+1"],"picked":"Sentinel+1","floor":21},{"not_picked":["Clash","Sword Boomerang","Twin Strike"],"picked":"SKIP","floor":21},{"not_picked":["Wild Strike","Flex"],"picked":"Cleave","floor":22},{"not_picked":["Twin Strike","Searing Blow","Sword Boomerang"],"picked":"SKIP","floor":22},{"not_picked":["Rampage+1","Wild Strike"],"picked":"Shrug It Off+1","floor":24},{"not_picked":["Thunderclap","Immolate","Dual Wield"],"picked":"SKIP","floor":24},{"not_picked":["Iron Wave","Headbutt"],"picked":"Heavy Blade+1","floor":27},{"not_picked":["Anger","Clash"],"picked":"Shrug It Off+1","floor":27},{"not_picked":["Cleave","Disarm"],"picked":"Dual Wield+1","floor":31},{"not_picked":["Ghostly Armor","Bloodletting+1","Havoc"],"picked":"SKIP","floor":31}],"player_experience":412746,"relics_obtained":[{"floor":9,"key":"Sundial"},{"floor":11,"key":"Paper Frog"},{"floor":26,"key":"Mercury Hourglass"}],"event_choices":[{"damage_healed":0,"gold_gain":0,"player_choice":"Lose Max HP","damage_taken":0,"relics_obtained":["Golden Idol"],"max_hp_gain":0,"max_hp_loss":6,"event_name":"Golden Idol","floor":2,"gold_loss":0},{"damage_healed":0,"gold_gain":0,"cards_transformed":["Strike_R"],"player_choice":"Transformed","damage_taken":0,"max_hp_gain":0,"max_hp_loss":0,"event_name":"Transmorgrifier","floor":5,"gold_loss":0,"cards_obtained":["Heavy Blade"]},{"damage_healed":0,"gold_gain":0,"player_choice":"Upgraded","damage_taken":0,"max_hp_gain":0,"max_hp_loss":0,"event_name":"Upgrade Shrine","floor":13,"gold_loss":0,"cards_upgraded":["Inflame"]},{"damage_healed":24,"gold_gain":0,"player_choice":"Heal","damage_taken":0,"max_hp_gain":0,"max_hp_loss":0,"event_name":"The Library","floor":30,"gold_loss":0}],"is_beta":false,"boss_relics":[{"not_picked":["Runic Pyramid","Pandora\u0027s Box"],"picked":"Velvet Choker"}],"items_purged_floors":[10,20,28],"is_endless":false,"potions_floor_spawned":[4,8,14,21,24,27,31],"killed_by":"Automaton","ascension_level":7}