{"gold_per_floor":[109,109,109,125,125,125,156,156,156,190,206,226,226,251,251,381,381,394,394,410,116,130,153,193,193,216,216,241,259,298,312,312,431,431,449,467,800,817,829,829,829,15,15,15,41,41,56,56,56,56],"floor_reached":51,"playtime":1723,"items_purged":["Strike_B","Doubt"],"score":775,"play_id":"feb12dde-6f65-4e73-b648-80c2ba9ec9f2","local_time":"20190503105122","is_ascension_mode":false,"campfire_choices":[{"data":"Zap","floor":6.0,"key":"SMITH"},{"data":"Fission","floor":13.0,"key":"SMITH"},{"data":"Dualcast","floor":15.0,"key":"SMITH"},{"data":"Tempest","floor":25.0,"key":"SMITH"},{"data":"Tempest","floor":27.0,"key":"SMITH"},{"data":"Reinforced Body","floor":32.0,"key":"SMITH"},{"data":"Self Repair","floor":40.0,"key":"SMITH"},{"data":"Creative AI","floor":44,"key":"SMITH"},{"data":"Thunder Strike","floor":46,"key":"SMITH"},{"data":"Hello World","floor":49,"key":"SMITH"}],"neow_cost":"NONE","seed_source_timestamp":60045103337268,"circlet_count":0,"master_deck":["Strike_B+1","Strike_B+1","Strike_B","Defend_B","Defend_B","Defend_B+1","Zap+1","Dualcast+1","Glacier+1","Ball Lightning","Tempest+1","Fission+1","Chaos","Coolheaded","Creative AI+1","Tempest+1","Fission+1","Hello World+1","Reinforced Body+1","Conserve Battery","Core Surge","Self Repair+1","Glacier","Loop+1","Thunder Strike+1","Consume+1","Ball Lightning","Chaos+1","Core Surge","Ball Lightning+1","Writhe"],"special_seed":0,"relics":["Cracked Core","NeowsBlessing","Bag of Preparation","Whetstone","Incense Burner","Lantern","Smiling Mask","Sozu","Strange Spoon","Potion Belt","Boot","Bag of Marbles","Strawberry","Coffee Dripper","Bottled Tornado","ClockworkSouvenir","Pen Nib","Gremlin Horn","Oddly Smooth Stone"],"potions_floor_usage":[],"damage_taken":[{"damage":0.0,"enemies":"Small Slimes","floor":1.0,"turns":1.0},{"damage":0.0,"enemies":"2 Louse","floor":4.0,"turns":1.0},{"damage":0.0,"enemies":"Gremlin Nob","floor":7.0,"turns":1.0},{"damage":21.0,"enemies":"Lagavulin","floor":10.0,"turns":4.0},{"damage":0.0,"enemies":"Cultist","floor":11.0,"turns":2.0},{"damage":4.0,"enemies":"Exordium Thugs","floor":12.0,"turns":4.0},{"damage":8.0,"enemies":"Slime Boss","floor":16.0,"turns":8.0},{"damage":5.0,"enemies":"Chosen","floor":18.0,"turns":3.0},{"damage":0.0,"enemies":"Spheric Guardian","floor":20.0,"turns":2.0},{"damage":5.0,"enemies":"Centurion and Healer","floor":22.0,"turns":5.0},{"damage":9.0,"enemies":"Slavers","floor":24.0,"turns":2.0},{"damage":7.0,"enemies":"Snake Plant","floor":28.0,"turns":2.0},{"damage":0.0,"enemies":"Cultist and Chosen","floor":29.0,"turns":4.0},{"damage":9.0,"enemies":"Gremlin Leader","floor":30.0,"turns":9.0},{"damage":0.0,"enemies":"Centurion and Healer","floor":31.0,"turns":4.0},{"damage":36.0,"enemies":"Collector","floor":33.0,"turns":8.0},{"damage":1.0,"enemies":"3 Shapes","floor":35.0,"turns":4.0},{"damage":10.0,"enemies":"Orb Walker","floor":36.0,"turns":2.0},{"damage":26.0,"enemies":"Writhing Mass","floor":38.0,"turns":5.0},{"damage":0.0,"enemies":"Transient","floor":39.0,"turns":5.0},{"damage":55,"enemies":"Reptomancer","floor":45,"turns":5},{"damage":5,"enemies":"Jaw Worm Horde","floor":47,"turns":3},{"damage":3,"enemies":"Time Eater","floor":50,"turns":8}],"seed_played":"-3338034333789185097","potions_obtained":[{"floor":1.0,"key":"AttackPotion"},{"floor":10.0,"key":"PowerPotion"},{"floor":11.0,"key":"Poison Potion"}],"is_trial":false,"path_per_floor":["M","?","?","M","?","R","E","?","T","E","M","M","R","T","R","B",null,"M","?","M","$","M","T","E","R","T","R","M","M","E","M","R","B",null,"M","M","?","M","M","R","?","$","T","R","E","R","M","?","R","B",null],"character_chosen":"DEFECT","items_purchased":["Hello World","Strange Spoon","Bottled Tornado","ClockworkSouvenir","Core Surge","Pen Nib"],"campfire_rested":0,"item_purchase_floors":[21,21,42,42,42,42],"current_hp_per_floor":[75,68,53,53,50,50,50,50,50,29,29,25,25,25,25,17,69,64,64,64,64,59,59,50,50,50,50,43,43,48,55,55,26,76,76,66,66,47,54,54,76,76,76,76,41,41,46,65,65,72],"gold":56,"neow_bonus":"THREE_ENEMY_KILL","is_prod":false,"is_daily":false,"chose_seed":false,"campfire_upgraded":10,"win_rate":0,"timestamp":1556902282,"path_taken":["M","?","?","M","?","R","E","?","T","E","M","M","R","?","R","BOSS","M","?","?","$","M","?","E","R","T","R","?","M","E","?","R","BOSS","M","M","?","M","M","R","?","$","T","R","E","R","M","?","R","BOSS"],"build_version":"2019-01-23","purchased_purges":2,"victory":true,"max_hp_per_floor":[75,75,75,75,75,75,75,69,69,69,69,69,69,69,69,69,69,69,69,69,69,69,69,69,69,69,69,69,69,76,76,76,76,76,76,76,76,76,76,76,76,76,76,76,76,76,76,76,76,76],"card_choices":[{"not_picked":["Doom and Gloom","Sweeping Beam"],"picked":"Glacier","floor":1.0},{"not_picked":["Conserve Battery","Sunder"],"picked":"Ball Lightning","floor":4.0},{"not_picked":["Blizzard","Aggregate"],"picked":"Tempest","floor":7.0},{"not_picked":["Stack","Redo"],"picked":"Fission","floor":10.0},{"not_picked":["Aggregate","Reinforced Body"],"picked":"Chaos","floor":11.0},{"not_picked":["Steam","Cold Snap"],"picked":"Coolheaded","floor":12.0},{"not_picked":["Hyperbeam","Machine Learning"],"picked":"Creative AI","floor":16.0},{"not_picked":["Beam Cell","Recycle+1"],"picked":"Tempest","floor":18.0},{"not_picked":["Gash","Barrage","Steam"],"picked":"SKIP","floor":20.0},{"not_picked":["Gash","Barrage","Steam"],"picked":"SKIP","floor":20.0},{"not_picked":["Compile Driver","Streamline"],"picked":"Reinforced Body","floor":22.0},{"not_picked":["Steam Power+1","Conserve Battery","Beam Cell"],"picked":"SKIP","floor":24.0},{"not_picked":["Steam Power+1","Beam Cell"],"picked":"Conserve Battery","floor":24.0},{"not_picked":["Rebound","FTL"],"picked":"Core Surge","floor":28.0},{"not_picked":["Steam","Undo"],"picked":"Self Repair","floor":29.0},{"not_picked":["Leap","Rebound"],"picked":"Glacier","floor":30.0},{"not_picked":["Self Repair","Leap"],"picked":"Loop+1","floor":31.0},{"not_picked":["Creative AI","Reboot"],"picked":"Thunder Strike","floor":33.0},{"not_picked":["Conserve Battery+1","Cold Snap+1"],"picked":"Consume+1","floor":35.0},{"not_picked":["Gash+1","Beam Cell"],"picked":"Ball Lightning","floor":36.0},{"not_picked":["Loop","Rebound"],"picked":"Chaos+1","floor":38.0},{"not_picked":["Hologram","Doom and Gloom+1","Auto Shields+1"],"picked":"SKIP","floor":39.0},{"not_picked":["Gash","Darkness","Recycle"],"picked":"SKIP","floor":45},{"not_picked":["Skim+1","Cold Snap"],"picked":"Ball Lightning+1","floor":47}],"player_experience":1366647,"relics_obtained":[{"floor":7.0,"key":"Whetstone"},{"floor":9.0,"key":"Incense Burner"},{"floor":10.0,"key":"Lantern"},{"floor":14.0,"key":"Smiling Mask"},{"floor":23.0,"key":"Potion Belt"},{"floor":24.0,"key":"Boot"},{"floor":26.0,"key":"Bag of Marbles"},{"floor":30.0,"key":"Strawberry"},{"floor":43,"key":"Gremlin Horn"},{"floor":45,"key":"Oddly Smooth Stone"}],"event_choices":[{"cards_removed":["Defend_B"],"damage_healed":0.0,"max_hp_gain":0.0,"max_hp_loss":0.0,"gold_gain":0.0,"event_name":"Golden Wing","player_choice":"Card Removal","floor":2.0,"gold_loss":0.0,"damage_taken":7.0},{"damage_healed":0.0,"max_hp_gain":0.0,"max_hp_loss":0.0,"gold_gain":0.0,"event_name":"Shining Light","player_choice":"Entered Light","floor":3.0,"gold_loss":0.0,"damage_taken":15.0,"cards_upgraded":["Glacier","Defend_B"]},{"damage_healed":0.0,"max_hp_gain":0.0,"max_hp_loss":0.0,"gold_gain":0.0,"event_name":"Scrap Ooze","player_choice":"Success","floor":5.0,"gold_loss":0.0,"damage_taken":3.0,"relics_obtained":["Bag of Preparation"]},{"damage_healed":0.0,"max_hp_gain":0.0,"max_hp_loss":6.0,"gold_gain":0.0,"event_name":"Golden Idol","player_choice":"Lose Max HP","floor":8.0,"gold_loss":0.0,"damage_taken":0.0,"relics_obtained":["Golden Idol"]},{"damage_healed":0.0,"max_hp_gain":0.0,"max_hp_loss":0.0,"gold_gain":0.0,"event_name":"Duplicator","player_choice":"Copied","floor":19.0,"gold_loss":0.0,"damage_taken":0.0,"cards_obtained":["Fission"]},{"damage_healed":0.0,"max_hp_gain":0.0,"max_hp_loss":0.0,"gold_gain":333.0,"event_name":"The Moai Head","player_choice":"Gave Idol","floor":37.0,"relics_lost":["Golden Idol"],"gold_loss":0.0,"damage_taken":0.0},{"damage_healed":22,"gold_gain":0,"player_choice":"Heal","damage_taken":0,"max_hp_gain":0,"max_hp_loss":0,"event_name":"MindBloom","floor":41,"gold_loss":0,"cards_obtained":["Doubt"]},{"damage_healed":19,"gold_gain":0,"player_choice":"Writhe","damage_taken":0,"max_hp_gain":0,"max_hp_loss":0,"event_name":"Winding Halls","floor":48,"gold_loss":0,"cards_obtained":["Writhe"]}],"is_beta":false,"boss_relics":[{"not_picked":["Calling Bell","Snecko Eye"],"picked":"Sozu"},{"not_picked":["Orrery","Nuclear Battery"],"picked":"Coffee Dripper"}],"items_purged_floors":[21,42],"is_endless":false,"potions_floor_spawned":[1,10,11,18,29,30,31,36,38],"ascension_level":0}