{"gold_per_floor":[110,110,16,16,35,64,81,81,81,81,93,93,106,134,134,239,239,253,239,239],"floor_reached":20,"playtime":2574,"items_purged":[],"score":209,"play_id":"60693d30-9a9e-4d4d-90c3-bb056a9c93b0","local_time":"20190430003829","is_ascension_mode":false,"campfire_choices":[{"floor":8,"key":"REST"},{"data":"All Out Attack","floor":10,"key":"SMITH"},{"floor":12,"key":"REST"},{"data":"Deadly Poison","floor":15,"key":"SMITH"}],"neow_cost":"NONE","seed_source_timestamp":168073537897537,"circlet_count":0,"master_deck":["Defend_G+1","Defend_G","Defend_G+1","Defend_G","Defend_G","Strike_G","Strike_G","Strike_G","Strike_G","Strike_G","Survivor","Neutralize","All Out Attack+1","Flying Knee","Eviscerate","PiercingWail","Dagger Spray","Deflect","Deadly Poison+1","Riddle With Holes","Night Terror","Burst","Tools of the Trade","Blur","Tactician+1"],"relics":["Ring of the Snake","NlothsMask","FossilizedHelix","Pen Nib","Philosopher\u0027s Stone"],"potions_floor_usage":[19,20],"damage_taken":[{"damage":5,"enemies":"Small Slimes","floor":1,"turns":4},{"damage":0,"enemies":"Jaw Worm","floor":5,"turns":5},{"damage":28,"enemies":"Lagavulin","floor":6,"turns":10},{"damage":0,"enemies":"Cultist","floor":7,"turns":3},{"damage":0,"enemies":"Blue Slaver","floor":11,"turns":4},{"damage":0,"enemies":"Red Slaver","floor":13,"turns":3},{"damage":0,"enemies":"Gremlin Nob","floor":14,"turns":4},{"damage":32,"enemies":"The Guardian","floor":16,"turns":14},{"damage":21,"enemies":"Spheric Guardian","floor":18,"turns":5},{"damage":6,"enemies":"2 Thieves","floor":19,"turns":4},{"damage":44,"enemies":"Sentry and Sphere","floor":20,"turns":7}],"seed_played":"2123342986265060811","potions_obtained":[{"floor":1,"key":"EssenceOfSteel"},{"floor":11,"key":"Explosive Potion"},{"floor":14,"key":"PowerPotion"},{"floor":16,"key":"LiquidBronze"}],"is_trial":false,"path_per_floor":["M","?","$","?","M","E","M","R","T","R","M","R","M","E","R","B",null,"M","M","M"],"character_chosen":"THE_SILENT","items_purchased":["Eviscerate","PiercingWail"],"campfire_rested":2,"item_purchase_floors":[3,3],"current_hp_per_floor":[65,51,51,51,51,23,23,44,44,44,44,65,65,65,65,33,70,49,43,0],"gold":239,"neow_bonus":"THREE_CARDS","is_prod":false,"is_daily":false,"chose_seed":false,"campfire_upgraded":2,"win_rate":0.0,"timestamp":1556609909,"path_taken":["M","?","$","?","M","E","M","R","T","R","M","R","M","E","R","BOSS","M","M","M"],"build_version":"2019-01-23","purchased_purges":0,"victory":false,"max_hp_per_floor":[70,70,70,70,70,70,70,70,70,70,70,70,70,70,70,70,70,70,70,70],"card_choices":[{"not_picked":["Slice","Footwork"],"picked":"All Out Attack","floor":0},{"not_picked":["Slice","PiercingWail"],"picked":"Flying Knee","floor":1},{"not_picked":["Leg Sweep","Dodge and Roll"],"picked":"Dagger Spray","floor":5},{"not_picked":["Heel Hook","Backflip"],"picked":"Deflect","floor":6},{"not_picked":["Dash","Quick Slash"],"picked":"Deadly Poison","floor":7},{"not_picked":["Deflect","Expertise"],"picked":"Riddle With Holes","floor":11},{"not_picked":["Blade Dance","Dodge and Roll"],"picked":"Night Terror","floor":13},{"not_picked":["Blade Dance","Quick Slash"],"picked":"Burst","floor":14},{"not_picked":["Die Die Die","Night Terror"],"picked":"Tools of the Trade","floor":16},{"not_picked":["Sucker Punch","Calculated Gamble"],"picked":"Blur","floor":18},{"not_picked":["Dagger Spray","Sucker Punch+1"],"picked":"Tactician+1","floor":19}],"player_experience":60187,"relics_obtained":[{"floor":6,"key":"FossilizedHelix"},{"floor":14,"key":"Pen Nib"}],"event_choices":[{"damage_healed":0,"gold_gain":0,"player_choice":"Entered Light","damage_taken":14,"max_hp_gain":0,"max_hp_loss":0,"event_name":"Shining Light","floor":2,"gold_loss":0,"cards_upgraded":["Defend_G","Defend_G"]},{"damage_healed":0,"gold_gain":0,"player_choice":"Trade","damage_taken":0,"relics_obtained":["NlothsMask"],"max_hp_gain":0,"max_hp_loss":0,"event_name":"FaceTrader","floor":4,"gold_loss":0}],"is_beta":false,"boss_relics":[{"not_picked":["WristBlade","White Beast Statue"],"picked":"Philosopher\u0027s Stone"}],"items_purged_floors":[],"is_endless":false,"potions_floor_spawned":[1,11,14,16],"killed_by":"Sentry and Sphere","ascension_level":0}