{"gold_per_floor":[13,13,13,13,32,32,48,48,48,66,96,111,111,174,174,299,299,317,335,354,354,123,123,148,167,167,167,183,183,0,0,0,0],"floor_reached":33,"playtime":1906,"items_purged":["Defend_G"],"score":267,"play_id":"12248326-413a-46e6-8e83-fb7206443ca3","local_time":"20190425145728","is_ascension_mode":false,"campfire_choices":[{"data":"Backstab","floor":6,"key":"SMITH"},{"data":"Backstab","floor":8,"key":"SMITH"},{"data":"Choke","floor":15,"key":"SMITH"},{"floor":23,"key":"REST"},{"floor":27,"key":"REST"},{"floor":32,"key":"REST"}],"neow_cost":"NO_GOLD","seed_source_timestamp":15184689367400,"circlet_count":0,"master_deck":["Strike_G","Strike_G","Strike_G","Strike_G","Strike_G","Survivor","Neutralize","Choke+1","Backflip","Backstab+1","Backstab+1","Blade Dance+1","Infinite Blades+1"],"relics":["Ring of the Snake","Golden Idol","Shuriken","Mercury Hourglass","Tiny Chest","Empty Cage","Blood Vial","Molten Egg 2","Unceasing Top"],"potions_floor_usage":[14,14,14,16,29],"damage_taken":[{"damage":3,"enemies":"Jaw Worm","floor":1,"turns":4},{"damage":0,"enemies":"Cultist","floor":5,"turns":3},{"damage":0,"enemies":"Small Slimes","floor":7,"turns":2},{"damage":0,"enemies":"Blue Slaver","floor":10,"turns":1},{"damage":0,"enemies":"Gremlin Gang","floor":12,"turns":1},{"damage":5,"enemies":"Lagavulin","floor":14,"turns":3},{"damage":59,"enemies":"Hexaghost","floor":16,"turns":8},{"damage":5,"enemies":"Chosen","floor":18,"turns":3},{"damage":28,"enemies":"3 Byrds","floor":19,"turns":4},{"damage":3,"enemies":"3 Cultists","floor":20,"turns":4},{"damage":15,"enemies":"Snake Plant","floor":24,"turns":2},{"damage":16,"enemies":"Cultist and Chosen","floor":25,"turns":3},{"damage":1,"enemies":"Snecko","floor":28,"turns":3},{"damage":36,"enemies":"Gremlin Leader","floor":29,"turns":4},{"damage":29,"enemies":"Automaton","floor":33,"turns":4}],"seed_played":"-3063910436383569066","potions_obtained":[{"floor":1,"key":"Regen Potion"},{"floor":7,"key":"Explosive Potion"},{"floor":12,"key":"GhostInAJar"},{"floor":14,"key":"Regen Potion"},{"floor":20,"key":"SmokeBomb"}],"is_trial":false,"path_per_floor":["M","?","?","$","M","R","M","R","T","M","?","M","?","E","R","B",null,"M","M","M","?","$","R","M","M","T","R","M","E","?","T","R","B"],"character_chosen":"THE_SILENT","items_purchased":["Blood Vial"],"campfire_rested":3,"item_purchase_floors":[22],"current_hp_per_floor":[67,65,65,65,65,65,65,65,65,65,65,65,65,60,60,12,65,60,32,29,29,29,48,35,21,21,40,41,7,7,7,26,0],"gold":0,"neow_bonus":"TRANSFORM_TWO_CARDS","is_prod":false,"is_daily":false,"chose_seed":false,"campfire_upgraded":3,"win_rate":0.0,"timestamp":1556161048,"path_taken":["M","?","?","$","?","R","M","R","T","M","?","M","?","E","R","BOSS","M","?","M","?","$","R","?","M","T","R","M","E","?","?","R","BOSS"],"build_version":"2019-01-23","purchased_purges":1,"victory":false,"max_hp_per_floor":[70,65,65,65,65,65,65,65,65,65,65,65,65,65,65,65,65,65,65,65,65,65,65,65,65,65,65,65,65,65,65,65,65],"card_choices":[{"not_picked":["Skewer","PiercingWail"],"picked":"Backstab","floor":1},{"not_picked":["Underhanded Strike","Poisoned Stab"],"picked":"Backstab","floor":5},{"not_picked":["Quick Slash","Flying Knee"],"picked":"Blade Dance","floor":7},{"not_picked":["Dodge and Roll","Eviscerate","Tactician"],"picked":"SKIP","floor":10},{"not_picked":["Poisoned Stab","Prepared","Distraction"],"picked":"SKIP","floor":12},{"not_picked":["All Out Attack","Bouncing Flask","Eviscerate"],"picked":"SKIP","floor":14},{"not_picked":["Choke","Caltrops","Underhanded Strike+1"],"picked":"SKIP","floor":18},{"not_picked":["Footwork","Tactician+1"],"picked":"Infinite Blades+1","floor":19},{"not_picked":["Outmaneuver","Dodge and Roll","Backflip"],"picked":"SKIP","floor":20},{"not_picked":["Bane","Acrobatics","Deflect"],"picked":"SKIP","floor":24},{"not_picked":["Quick Slash","Prepared","Bane"],"picked":"SKIP","floor":25},{"not_picked":["Footwork","Dagger Spray+1","Dodge and Roll+1"],"picked":"SKIP","floor":28}],"player_experience":30377,"relics_obtained":[{"floor":9,"key":"Shuriken"},{"floor":14,"key":"Tiny Chest"},{"floor":26,"key":"Molten Egg 2"},{"floor":31,"key":"Unceasing Top"}],"event_choices":[{"damage_healed":0,"gold_gain":0,"player_choice":"Lose Max HP","damage_taken":0,"relics_obtained":["Golden Idol"],"max_hp_gain":0,"max_hp_loss":5,"event_name":"Golden Idol","floor":2,"gold_loss":0},{"damage_healed":0,"gold_gain":0,"player_choice":"Ignored","damage_taken":0,"max_hp_gain":0,"max_hp_loss":0,"event_name":"NoteForYourself","floor":3,"gold_loss":0},{"damage_healed":0,"gold_gain":30,"player_choice":"Searched \u00273\u0027 times","damage_taken":0,"relics_obtained":["Mercury Hourglass"],"max_hp_gain":0,"max_hp_loss":0,"event_name":"Dead Adventurer","floor":11,"gold_loss":0},{"damage_healed":0,"gold_gain":0,"player_choice":"Forge","damage_taken":0,"max_hp_gain":0,"max_hp_loss":0,"event_name":"Accursed Blacksmith","floor":13,"gold_loss":0,"cards_upgraded":["Blade Dance"]},{"damage_healed":0,"gold_gain":0,"player_choice":"Bought 0 Potions","damage_taken":0,"max_hp_gain":0,"max_hp_loss":0,"event_name":"The Woman in Blue","floor":21,"gold_loss":0},{"damage_healed":0,"gold_gain":0,"player_choice":"Paid Fearfully","damage_taken":0,"max_hp_gain":0,"max_hp_loss":0,"event_name":"Masked Bandits","floor":30,"gold_loss":183}],"is_beta":false,"boss_relics":[{"not_picked":["Coffee Dripper","Black Star"],"picked":"Empty Cage"}],"items_purged_floors":[22],"is_endless":false,"potions_floor_spawned":[1,7,12,14,20,28],"killed_by":"Automaton","ascension_level":0}