{"gold_per_floor":[117,117,42,42,42,62,82,82,182,198,208,208,380,397,397,494,494,510,435,448,10,10,10,43,43,89,89,123,123,156,156,156,256,256,273,303,335,371,405,405,405,405,452,494,494,538,587,635,635,781,781,841,392,423,375,402,445,146,146,146,146,146,163,170,170,170,256,356,386,410,410,410,441,441,486,516,516,545,545,588,516,426,426,526,526,564,648,202,202,218,218,218,187,187,187,184,175],"floor_reached":97,"playtime":9635,"items_purged":["Strike_B","Defend_B","Dualcast","Sickly","Streamline+1","Cold Snap"],"score":2084,"play_id":"f49ab537-06b0-4ef3-a61c-332d0e9260ee","local_time":"20190428190859","is_ascension_mode":true,"campfire_choices":[{"data":"Consume","floor":8.0,"key":"SMITH"},{"data":"Redo","floor":12.0,"key":"SMITH"},{"floor":15.0,"key":"REST"},{"data":"Chill","floor":23.0,"key":"SMITH"},{"floor":27.0,"key":"REST"},{"floor":32.0,"key":"REST"},{"floor":40.0,"key":"REST"},{"floor":42.0,"key":"REST"},{"floor":45.0,"key":"REST"},{"floor":49.0,"key":"REST"},{"data":"Storm","floor":59.0,"key":"SMITH"},{"floor":61.0,"key":"REST"},{"floor":66,"key":"REST"},{"data":"infinitespire:NeuralNetwork","floor":74,"key":"SMITH"},{"data":"Storm","floor":79,"key":"SMITH"},{"data":"Storm","floor":83,"key":"SMITH"},{"data":"Biased Cognition","floor":91,"key":"SMITH"},{"data":"Capacitor","floor":95,"key":"SMITH"}],"neow_cost":"NONE","seed_source_timestamp":0,"circlet_count":0,"master_deck":["Ball Lightning+1","Consume+1","Redo+1","Chill+1","Electrodynamics","Redo+1","Electrodynamics","Seek","Storm+1","Redo+1","Storm+1","Thunder Strike+1","Loop+1","Genetic Algorithm","Seek","Capacitor+1","Storm+1","infinitespire:NeuralNetwork+1","Rainbow","Chill","Blind","Lockon","BasicCrystalCard+1","Storm+1","Crystallizer+1","Redo+1","Biased Cognition+1","Fission+1","Biased Cognition+1"],"special_seed":0,"relics":["Cracked Core","infinitespire:PuzzleCube","Sozu","Lee\u0027s Waffle","Happy Flower","Vajra","Incense Burner","infinitespire:Eraser","Lizard Tail","infinitespire:EvilPickle","infinitespire:Satchel","Ring of Hypnosis","Bronze Scales","Pocketwatch","Replay:Bronze Core","ReplayTheSpireMod:Bottled Steam","infinitespire:Golems Mask","Bag of Preparation","Matryoshka","Darkstone Periapt","Replay:Wanted Poster","MutagenicStrength","Runesmith:Nanobots","Ornamental Fan","infinitespire:Broken Mirror","Orrery","Ginger","Juzu Bracelet","Whetstone"],"potions_floor_usage":[],"damage_taken":[{"damage":0.0,"enemies":"2 Louse","floor":1.0,"turns":2.0},{"damage":0.0,"enemies":"Cultist","floor":6.0,"turns":2.0},{"damage":1.0,"enemies":"Jaw Worm","floor":7.0,"turns":2.0},{"damage":11.0,"enemies":"Exordium Wildlife","floor":10.0,"turns":3.0},{"damage":9.0,"enemies":"Lots of Slimes","floor":11.0,"turns":4.0},{"damage":4.0,"enemies":"2 Fungi Beasts","floor":14.0,"turns":2.0},{"damage":25.0,"enemies":"Slime Boss","floor":16.0,"turns":10.0},{"damage":0.0,"enemies":"Spheric Guardian","floor":18.0,"turns":3.0},{"damage":15.0,"enemies":"Shell Parasite","floor":20.0,"turns":3.0},{"damage":53.0,"enemies":"Book of Stabbing","floor":24.0,"turns":5.0},{"damage":20.0,"enemies":"Gremlin Leader","floor":28.0,"turns":4.0},{"damage":5.0,"enemies":"Nightmare","floor":30.0,"turns":6.0},{"damage":14.0,"enemies":"Pondfish","floor":33.0,"turns":8.0},{"damage":16.0,"enemies":"Orb Walker","floor":35.0,"turns":3.0},{"damage":16.0,"enemies":"3 Darklings","floor":36.0,"turns":3.0},{"damage":33.0,"enemies":"Jaw Worm Horde","floor":37.0,"turns":2.0},{"damage":0.0,"enemies":"Spire Growth","floor":38.0,"turns":3.0},{"damage":1.0,"enemies":"Transient","floor":39.0,"turns":5.0},{"damage":27.0,"enemies":"Writhing Mass","floor":44.0,"turns":3.0},{"damage":2.0,"enemies":"4 Shapes","floor":46.0,"turns":3.0},{"damage":11.0,"enemies":"2 Orb Walkers","floor":47.0,"turns":2.0},{"damage":4.0,"enemies":"Sphere and 2 Shapes","floor":48.0,"turns":2.0},{"damage":106.0,"enemies":"Time Eater","floor":50.0,"turns":7.0},{"damage":0.0,"enemies":"2 Louse","floor":52.0,"turns":2.0},{"damage":19.0,"enemies":"Small Slimes","floor":54.0,"turns":2.0},{"damage":16.0,"enemies":"Jaw Worm","floor":56.0,"turns":2.0},{"damage":13.0,"enemies":"Gremlin Nob","floor":57.0,"turns":3.0},{"damage":46.0,"enemies":"Nightmare","floor":63.0,"turns":5.0},{"damage":11.0,"enemies":"Blue Slaver","floor":64.0,"turns":3.0},{"damage":0,"enemies":"Slime Boss","floor":67,"turns":4},{"damage":8,"enemies":"Shell Parasite","floor":69,"turns":3},{"damage":0,"enemies":"3 Byrds","floor":70,"turns":3},{"damage":0,"enemies":"Snecko","floor":73,"turns":3},{"damage":0,"enemies":"Slavers","floor":75,"turns":2},{"damage":7,"enemies":"Cultist and Chosen","floor":76,"turns":3},{"damage":7,"enemies":"Centurion and Healer","floor":78,"turns":3},{"damage":0,"enemies":"Sentry and Sphere","floor":80,"turns":2},{"damage":0,"enemies":"Champ","floor":84,"turns":4},{"damage":17,"enemies":"Orb Walker","floor":86,"turns":2},{"damage":0,"enemies":"Mind Bloom Boss Battle","floor":87,"turns":3},{"damage":11,"enemies":"3 Shapes","floor":90,"turns":2},{"damage":39,"enemies":"Transient","floor":96,"turns":4},{"damage":23,"enemies":"4 Shapes","floor":97,"turns":1}],"seed_played":"3683667644251962581","potions_obtained":[{"floor":7.0,"key":"PowerPotion"},{"floor":10.0,"key":"Dexterity Potion"},{"floor":16.0,"key":"Elixir"}],"is_trial":false,"path_per_floor":["M","?","$","?","?","M","M","R","T","M","M","R","?","M","R","B",null,"M","?","M","$","?","R","E","$","T","R","E","?","NM","?","R","B",null,"M","M","M","M","M","R","?","R","T","M","R","M","?","M","R","B",null,"M","$","M","?","M","E","$","R","T","R","?","NM","M","$","R","B",null,"M","M","?","?","M","R","E","M","T","M","R","M","$","?","R","B",null,"M","?","$","?","M","R","?","$","T","R","M","M"],"character_chosen":"DEFECT","items_purchased":["Electrodynamics","Lee\u0027s Waffle","Capacitor","ReplayTheSpireMod:Bottled Steam","Bag of Preparation","Storm","Fission+1","Biased Cognition"],"campfire_rested":9,"item_purchase_floors":[21,21,53,53,58,81,88,88],"current_hp_per_floor":[82,82,82,82,82,82,81,81,81,70,61,61,61,57,81,56,82,82,82,67,89,89,89,36,36,36,62,42,42,37,37,63,49,89,73,57,24,24,23,49,49,75,75,48,74,72,61,57,83,66,89,89,89,70,70,54,41,41,41,41,67,67,21,10,10,36,36,89,81,81,81,81,81,81,81,74,74,67,67,67,67,67,67,67,89,72,72,72,72,61,61,61,61,61,61,22,0],"gold":175,"neow_bonus":"TEN_PERCENT_HP_BONUS","is_prod":false,"is_daily":false,"chose_seed":false,"campfire_upgraded":9,"win_rate":0,"timestamp":1556435339,"path_taken":["M","?","$","?","?","M","M","R","T","?","M","R","?","?","R","BOSS","M","?","M","$","?","R","E","$","T","R","E","?","NM","?","R","BOSS","M","?","?","M","M","R","?","R","T","?","R","M","?","M","R","BOSS","M","$","M","?","M","E","$","R","T","R","?","NM","M","?","R","BOSS","M","?","?","?","M","R","E","M","T","?","R","M","$","?","R","BOSS","M","?","$","?","?","R","?","$","T","R","M","M"],"build_version":"2019-01-23","purchased_purges":6,"victory":false,"max_hp_per_floor":[82,82,82,82,82,82,82,82,82,82,82,82,82,82,82,82,82,82,82,82,89,89,89,89,89,89,89,89,89,89,89,89,89,89,89,89,89,89,89,89,89,89,89,89,89,89,89,89,89,89,89,89,89,89,89,89,89,89,89,89,89,89,89,89,89,89,89,89,89,89,89,89,89,89,89,89,89,89,89,89,89,89,89,89,89,89,89,89,89,89,89,89,89,89,89,89,89],"card_choices":[{"not_picked":["ReplayTheSpireMod:GoodbyeWorld","Steam Power"],"picked":"Ball Lightning","floor":1.0},{"not_picked":["Undo","Go for the Eyes"],"picked":"Cold Snap","floor":6.0},{"not_picked":["Go for the Eyes","Reprogram"],"picked":"Consume","floor":7.0},{"not_picked":["Double Energy","ReplaySort"],"picked":"Redo","floor":10.0},{"not_picked":["Coolheaded","Turbo","Streamline"],"picked":"SKIP","floor":11.0},{"not_picked":["Steam","Gash"],"picked":"Chill","floor":14.0},{"not_picked":["Fission","Biased Cognition"],"picked":"Electrodynamics","floor":16.0},{"not_picked":["Coolheaded","Gash"],"picked":"Redo","floor":18.0},{"not_picked":["Go for the Eyes","ReplaySort","Stack+1"],"picked":"SKIP","floor":20.0},{"not_picked":["Self Repair","Reprogram"],"picked":"Seek","floor":24.0},{"not_picked":["Leap+1","ReplayTheSpireMod:System Scan","Gash"],"picked":"SKIP","floor":28.0},{"not_picked":["Panic Button","Rip and Tear"],"picked":"Storm","floor":30.0},{"not_picked":["Ball Lightning+1","Undo"],"picked":"Redo+1","floor":35.0},{"not_picked":["ReplayTheSpireMod:GoodbyeWorld+1","Ball Lightning+1"],"picked":"Storm+1","floor":36.0},{"not_picked":["Panic Button","BasicCrystalCard+1"],"picked":"Thunder Strike","floor":37.0},{"not_picked":["Streamline+1","Go for the Eyes"],"picked":"Loop+1","floor":38.0},{"not_picked":["Ball Lightning+1","Barrage"],"picked":"Genetic Algorithm","floor":39.0},{"not_picked":["ReplaySort+1","Coolheaded+1","Consume"],"picked":"SKIP","floor":44.0},{"not_picked":["Cold Snap","Turbo","Beam Cell+1"],"picked":"SKIP","floor":46.0},{"not_picked":["ReplayGash+1","Hologram","Beam Cell"],"picked":"SKIP","floor":48.0},{"not_picked":["Meteor Strike","Echo Form"],"picked":"Seek","floor":50.0},{"not_picked":["Genetic Algorithm","Crystallizer","Hologram"],"picked":"SKIP","floor":52.0},{"not_picked":["Beam Cell","Hologram","Streamline"],"picked":"SKIP","floor":54.0},{"not_picked":["Ball Lightning","Heatsinks"],"picked":"Storm","floor":56.0},{"not_picked":["Conserve Battery","Chaos","Beam Cell"],"picked":"SKIP","floor":57.0},{"not_picked":["infinitespire:Menacing","infinitespire:FinalStrike"],"picked":"infinitespire:NeuralNetwork","floor":63.0},{"not_picked":["Sweeping Beam","Amplify","Fusion"],"picked":"SKIP","floor":63.0},{"not_picked":["Coolheaded","Compile Driver","Steam"],"picked":"SKIP","floor":64.0},{"not_picked":["Seek","Meteor Strike"],"picked":"Rainbow","floor":67},{"not_picked":["Time Bomb","Streamline"],"picked":"Chill","floor":69},{"not_picked":["Compile Driver","Ball Lightning","Reboot"],"picked":"SKIP","floor":70},{"not_picked":["Chaos+1","BasicCrystalCard"],"picked":"Lockon","floor":73},{"not_picked":["Scrape","Panic Button","Double Energy"],"picked":"SKIP","floor":75},{"not_picked":["Stack+1","Conserve Battery","Time Bomb+1"],"picked":"SKIP","floor":76},{"not_picked":["Turbo","Streamline+1"],"picked":"BasicCrystalCard+1","floor":78},{"not_picked":["Rip and Tear","Compile Driver","Hologram"],"picked":"SKIP","floor":80},{"not_picked":["Redo","Rebound"],"picked":"Crystallizer+1","floor":85},{"not_picked":["Compile Driver","Chaos"],"picked":"Redo+1","floor":85},{"not_picked":["Gash","Compile Driver+1"],"picked":"Biased Cognition","floor":85},{"not_picked":["White Noise","Genetic Algorithm","Sweeping Beam+1"],"picked":"SKIP","floor":86},{"not_picked":["Seek","Gash+1","Coolheaded+1"],"picked":"SKIP","floor":90},{"not_picked":["Electrodynamics","Go for the Eyes+1","Steam+1"],"picked":"SKIP","floor":96}],"player_experience":89521,"relics_obtained":[{"floor":9.0,"key":"infinitespire:PuzzleCube"},{"floor":24.0,"key":"Happy Flower"},{"floor":26.0,"key":"Vajra"},{"floor":28.0,"key":"Incense Burner"},{"floor":30.0,"key":"infinitespire:Eraser"},{"floor":41.0,"key":"Ring of Hypnosis"},{"floor":43.0,"key":"Bronze Scales"},{"floor":47.0,"key":"Pocketwatch"},{"floor":57.0,"key":"infinitespire:Golems Mask"},{"floor":60.0,"key":"Matryoshka"},{"floor":63.0,"key":"Darkstone Periapt"},{"floor":75,"key":"Runesmith:Nanobots"},{"floor":77,"key":"Ornamental Fan"},{"floor":77,"key":"infinitespire:Broken Mirror"},{"floor":87,"key":"Ginger"},{"floor":94,"key":"Juzu Bracelet"},{"floor":94,"key":"Whetstone"}],"event_choices":[{"cards_removed":["Strike_B"],"damage_healed":0.0,"max_hp_gain":0.0,"max_hp_loss":0.0,"gold_gain":0.0,"event_name":"Living Wall","player_choice":"Forget","floor":2.0,"gold_loss":0.0,"damage_taken":0.0},{"cards_removed":["Strike_B"],"damage_healed":0.0,"max_hp_gain":0.0,"max_hp_loss":0.0,"gold_gain":0.0,"event_name":"Purifier","player_choice":"Purged","floor":13.0,"gold_loss":0.0,"damage_taken":0.0},{"cards_removed":["Strike_B"],"damage_healed":0.0,"max_hp_gain":0.0,"max_hp_loss":0.0,"gold_gain":0.0,"event_name":"Beggar","player_choice":"Gave Gold","floor":19.0,"gold_loss":75.0,"damage_taken":0.0},{"cards_removed":["Defend_B"],"damage_healed":0.0,"max_hp_gain":0.0,"max_hp_loss":0.0,"gold_gain":0.0,"event_name":"Back to Basics","player_choice":"Elegance","floor":22.0,"gold_loss":0.0,"damage_taken":0.0},{"damage_healed":0.0,"max_hp_gain":0.0,"max_hp_loss":0.0,"gold_gain":0.0,"event_name":"Ghosts","player_choice":"Ignored","floor":29.0,"gold_loss":0.0,"damage_taken":0.0},{"damage_healed":0.0,"max_hp_gain":0.0,"max_hp_loss":0.0,"gold_gain":0.0,"event_name":"The Mausoleum","player_choice":"Ignored","floor":31.0,"gold_loss":0.0,"damage_taken":0.0},{"damage_healed":0.0,"max_hp_gain":0.0,"max_hp_loss":0.0,"gold_gain":0.0,"event_name":"Mysterious Sphere","player_choice":"Fight","floor":47.0,"gold_loss":0.0,"damage_taken":0.0},{"damage_healed":0.0,"max_hp_gain":0.0,"max_hp_loss":0.0,"gold_gain":0.0,"event_name":"World of Goop","player_choice":"Left Gold","floor":55.0,"gold_loss":48.0,"damage_taken":0.0},{"damage_healed":0.0,"max_hp_gain":0.0,"max_hp_loss":0.0,"gold_gain":0.0,"event_name":"Liars Game","player_choice":"Ignored","floor":62.0,"gold_loss":0.0,"damage_taken":0.0},{"damage_healed":0,"gold_gain":0,"player_choice":"Inject Mutagens","damage_taken":0,"relics_obtained":["MutagenicStrength"],"max_hp_gain":0,"max_hp_loss":0,"event_name":"Drug Dealer","floor":71,"gold_loss":0},{"damage_healed":0,"gold_gain":0,"player_choice":"1 cards matched","damage_taken":0,"max_hp_gain":0,"max_hp_loss":0,"event_name":"Match and Keep!","floor":72,"gold_loss":0,"cards_obtained":["Blind"]},{"cards_removed":["Defend_B"],"damage_healed":0,"gold_gain":0,"player_choice":"Upgrade and Remove","damage_taken":0,"max_hp_gain":0,"max_hp_loss":0,"event_name":"Designer","floor":82,"gold_loss":90,"cards_upgraded":["Redo"]},{"damage_healed":0,"gold_gain":0,"player_choice":"Fight","damage_taken":0,"max_hp_gain":0,"max_hp_loss":0,"event_name":"MindBloom","floor":87,"gold_loss":0},{"damage_healed":0,"gold_gain":0,"player_choice":"Ignored","damage_taken":0,"max_hp_gain":0,"max_hp_loss":0,"event_name":"SecretPortal","floor":89,"gold_loss":0},{"damage_healed":0,"gold_gain":0,"player_choice":"Forge","damage_taken":0,"max_hp_gain":0,"max_hp_loss":0,"event_name":"Accursed Blacksmith","floor":92,"gold_loss":0,"cards_upgraded":["Biased Cognition"]}],"is_beta":false,"boss_relics":[{"not_picked":["Replay:Drink Me","Fusion Hammer"],"picked":"Sozu"},{"not_picked":["Cursed Key","FrozenCore"],"picked":"Lizard Tail"},{"not_picked":["Black Star","Painkiller Herb"],"picked":"Replay:Bronze Core"},{"not_picked":["infinitespire:Cupcake","Cursed Key"],"picked":"Replay:Wanted Poster"},{"not_picked":["ReplayTheSpireMod:SealedPack","Velvet Choker"],"picked":"Orrery"}],"items_purged_floors":[3,21,53,58,88,93],"is_endless":true,"potions_floor_spawned":[7,10,16,28,36,37,39,46,47,50,57,63,64,69,78,80,84,96],"killed_by":"4 Shapes","ascension_level":1}