{"gold_per_floor":[115,290,62,80,98,98,98,98,98,113,113,139,139,154,154,251,251,265,189,189,207,122,122,134,134,134,134,162,241,259,269,269,367,367,384,294,294],"floor_reached":37,"playtime":3440,"items_purged":["Doubt"],"score":387,"play_id":"4113e447-9eda-4cce-82f5-eb80a1baefeb","local_time":"20190417050349","daily_mods":["SealedDeck"],"is_ascension_mode":false,"campfire_choices":[{"data":"Redo","floor":6,"key":"SMITH"},{"floor":11,"key":"REST"},{"floor":15,"key":"REST"},{"data":"Loop","floor":23,"key":"SMITH"},{"floor":25,"key":"REST"},{"floor":27,"key":"REST"},{"floor":32,"key":"REST"}],"neow_cost":"","seed_source_timestamp":30379655867500,"circlet_count":0,"master_deck":["FTL","Redo+1","Barrage","Capacitor+1","Ball Lightning","Cold Snap","Darkness+1","Loop+1","Coolheaded","Cold Snap","Capacitor","Loop","Static Discharge","Coolheaded","Fusion+1","Static Discharge","Thunder Strike","FTL+1","Redo","Chill","Machine Learning+1","Skim"],"relics":["Cracked Core","Bag of Marbles","Torii","Ornamental Fan","Nuclear Battery","Shuriken","Strawberry","Ancient Tea Set","Singing Bowl","Sozu"],"potions_floor_usage":[31,33],"damage_taken":[{"damage":12,"enemies":"2 Louse","floor":1,"turns":3},{"damage":3,"enemies":"Small Slimes","floor":4,"turns":2},{"damage":14,"enemies":"Jaw Worm","floor":5,"turns":3},{"damage":5,"enemies":"3 Louse","floor":10,"turns":4},{"damage":17,"enemies":"3 Sentries","floor":12,"turns":6},{"damage":14,"enemies":"Red Slaver","floor":14,"turns":2},{"damage":13,"enemies":"The Guardian","floor":16,"turns":6},{"damage":10,"enemies":"3 Byrds","floor":18,"turns":5},{"damage":23,"enemies":"Shell Parasite","floor":21,"turns":3},{"damage":31,"enemies":"Snake Plant","floor":24,"turns":4},{"damage":48,"enemies":"Gremlin Leader","floor":28,"turns":6},{"damage":2,"enemies":"3 Cultists","floor":30,"turns":5},{"damage":2,"enemies":"Centurion and Healer","floor":31,"turns":6},{"damage":41,"enemies":"Collector","floor":33,"turns":6},{"damage":78,"enemies":"3 Shapes","floor":35,"turns":3},{"damage":8,"enemies":"Orb Walker","floor":37,"turns":1}],"seed_played":"-1316363623868079259","potions_obtained":[{"floor":1,"key":"GamblersBrew"},{"floor":18,"key":"FearPotion"},{"floor":31,"key":"Regen Potion"}],"is_trial":true,"path_per_floor":["M","?","$","M","M","R","?","$","T","M","R","E","?","M","R","B",null,"M","$","?","M","?","R","M","R","T","R","E","T","M","M","R","B",null,"M","?","M"],"character_chosen":"DEFECT","items_purchased":["Bag of Marbles","Loop"],"campfire_rested":5,"item_purchase_floors":[3,19],"current_hp_per_floor":[63,63,63,60,46,46,31,31,31,26,48,31,31,17,39,26,75,65,65,65,42,42,42,11,33,40,64,16,16,16,16,41,15,86,8,8,0],"gold":294,"neow_bonus":"","is_prod":false,"is_daily":false,"chose_seed":false,"campfire_upgraded":2,"win_rate":0.0,"timestamp":1555434229,"path_taken":["M","?","$","M","M","R","?","?","T","M","R","E","?","?","R","BOSS","M","$","?","?","?","R","M","R","T","R","E","?","?","M","R","BOSS","M","?","?"],"build_version":"2019-01-23","purchased_purges":1,"victory":false,"max_hp_per_floor":[75,75,75,75,75,75,75,75,75,75,75,75,75,75,75,75,75,75,75,75,75,75,75,75,75,82,82,82,82,84,86,86,86,86,86,86,86],"card_choices":[{"not_picked":["Leap","Reinforced Body"],"picked":"Capacitor","floor":1},{"not_picked":["Gash","White Noise"],"picked":"Loop","floor":4},{"not_picked":["Coolheaded","Undo"],"picked":"Static Discharge","floor":5},{"not_picked":["Rebound","Streamline"],"picked":"Coolheaded","floor":10},{"not_picked":["Go for the Eyes","Echo Form"],"picked":"Fusion","floor":12},{"not_picked":["Beam Cell","Streamline"],"picked":"Static Discharge","floor":14},{"not_picked":["Buffer","All For One"],"picked":"Thunder Strike","floor":16},{"not_picked":["Beam Cell","Gash"],"picked":"FTL+1","floor":18},{"not_picked":["Coolheaded","Gash"],"picked":"Redo","floor":21},{"not_picked":["Gash","FTL","Hologram"],"picked":"SKIP","floor":24},{"not_picked":["Redo","Recycle"],"picked":"Chill","floor":28},{"not_picked":["Auto Shields+1","Hologram","Redo"],"picked":"Singing Bowl","floor":30},{"not_picked":["Hologram","Reinforced Body","Self Repair"],"picked":"Singing Bowl","floor":31},{"not_picked":["Thunder Strike","Creative AI"],"picked":"Machine Learning","floor":33},{"not_picked":["Cold Snap","Leap+1"],"picked":"Skim","floor":35}],"player_experience":15739,"relics_obtained":[{"floor":9,"key":"Torii"},{"floor":12,"key":"Ornamental Fan"},{"floor":26,"key":"Strawberry"},{"floor":28,"key":"Ancient Tea Set"},{"floor":29,"key":"Singing Bowl"}],"event_choices":[{"damage_healed":0,"gold_gain":175,"player_choice":"AGREE","damage_taken":0,"max_hp_gain":0,"max_hp_loss":0,"event_name":"Liars Game","floor":2,"gold_loss":0,"cards_obtained":["Doubt"]},{"damage_healed":0,"gold_gain":0,"player_choice":"Entered Light","damage_taken":15,"max_hp_gain":0,"max_hp_loss":0,"event_name":"Shining Light","floor":7,"gold_loss":0,"cards_upgraded":["Darkness","Capacitor"]},{"damage_healed":0,"gold_gain":0,"player_choice":"Forge","damage_taken":0,"max_hp_gain":0,"max_hp_loss":0,"event_name":"Accursed Blacksmith","floor":13,"gold_loss":0,"cards_upgraded":["Fusion"]},{"damage_healed":0,"gold_gain":0,"player_choice":"Ignored","damage_taken":0,"max_hp_gain":0,"max_hp_loss":0,"event_name":"NoteForYourself","floor":20,"gold_loss":0},{"damage_healed":0,"gold_gain":0,"player_choice":"Obtained Relic","damage_taken":0,"relics_obtained":["Shuriken"],"max_hp_gain":0,"max_hp_loss":0,"event_name":"Addict","floor":22,"gold_loss":85},{"cards_removed":["Loop"],"damage_healed":0,"gold_gain":0,"player_choice":"Upgrade and Remove","damage_taken":0,"max_hp_gain":0,"max_hp_loss":0,"event_name":"Designer","floor":36,"gold_loss":90,"cards_upgraded":["Machine Learning"]}],"is_beta":false,"boss_relics":[{"not_picked":["Ectoplasm","Velvet Choker"],"picked":"Nuclear Battery"},{"not_picked":["Philosopher\u0027s Stone","Astrolabe"],"picked":"Sozu"}],"items_purged_floors":[3],"is_endless":false,"potions_floor_spawned":[1,18,31,35],"killed_by":"Orb Walker","ascension_level":0}