{"gold_per_floor":[111,111,131,150,75,75,104,115,115,177,177,190,190,213,213,316,316,336,79,79,79,92,92,92,107,154,176,213,242,353,377,389,501,513,542,167,187,187,187,216,231,251,274,0,0,0,35,53,53,53,53,53,3,37,37],"floor_reached":56,"playtime":3953,"items_purged":["Strike_G","Strike_G","Strike_G","Strike_G"],"score":1177,"play_id":"082c1718-d2ad-4c53-aef0-a7ec5ebffc3d","local_time":"20190507220416","is_ascension_mode":false,"campfire_choices":[{"data":"Neutralize","floor":6.0,"key":"SMITH"},{"floor":11.0,"key":"REST"},{"floor":15.0,"key":"REST"},{"floor":23.0,"key":"REST"},{"floor":32.0,"key":"REST"},{"floor":45,"key":"REST"},{"floor":49,"key":"RECALL"},{"data":"After Image","floor":52,"key":"SMITH"}],"neow_cost":"NONE","seed_source_timestamp":5584711331713,"circlet_count":0,"master_deck":["Defend_G","Defend_G","Defend_G","Defend_G","Survivor","Neutralize+1","Predator","Dagger Throw","Noxious Fumes","Poisoned Stab","Acrobatics","Dagger Spray","After Image","Backflip","Expertise","Caltrops","Deadly Poison","Prepared+1","After Image+1","Slice+1","Catalyst","Footwork+1","Madness","Madness","Footwork+1","Leg Sweep+1","Caltrops+1"],"special_seed":0,"relics":["Ring of the Snake","Centennial Puzzle","Bronze Scales","Question Card","Bag of Preparation","Sozu","PreservedInsect","Tingsha","MawBank","Art of War","Busted Crown","HandDrill","Blue Candle","Regal Pillow","Boot","Red Mask","Smiling Mask","Mercury Hourglass"],"potions_floor_usage":[40,54],"damage_taken":[{"damage":1.0,"enemies":"Cultist","floor":1.0,"turns":4.0},{"damage":6.0,"enemies":"Jaw Worm","floor":3.0,"turns":3.0},{"damage":0.0,"enemies":"Small Slimes","floor":4.0,"turns":3.0},{"damage":15.0,"enemies":"3 Sentries","floor":7.0,"turns":6.0},{"damage":2.0,"enemies":"Looter","floor":8.0,"turns":3.0},{"damage":20.0,"enemies":"3 Sentries","floor":10.0,"turns":6.0},{"damage":6.0,"enemies":"Large Slime","floor":12.0,"turns":5.0},{"damage":21.0,"enemies":"Slime Boss","floor":16.0,"turns":10.0},{"damage":25.0,"enemies":"2 Thieves","floor":18.0,"turns":4.0},{"damage":0.0,"enemies":"Shell Parasite","floor":22.0,"turns":5.0},{"damage":7.0,"enemies":"Centurion and Healer","floor":25.0,"turns":6.0},{"damage":5.0,"enemies":"Snake Plant","floor":27.0,"turns":4.0},{"damage":1.0,"enemies":"Gremlin Leader","floor":28.0,"turns":6.0},{"damage":15.0,"enemies":"Snecko","floor":29.0,"turns":6.0},{"damage":12.0,"enemies":"3 Cultists","floor":31.0,"turns":4.0},{"damage":31.0,"enemies":"Automaton","floor":33.0,"turns":10.0},{"damage":6.0,"enemies":"3 Darklings","floor":35.0,"turns":5.0},{"damage":2,"enemies":"Orb Walker","floor":37,"turns":3},{"damage":1,"enemies":"Nemesis","floor":40,"turns":7},{"damage":3,"enemies":"Spire Growth","floor":41,"turns":5},{"damage":24,"enemies":"Sphere and 2 Shapes","floor":42,"turns":6},{"damage":9,"enemies":"Reptomancer","floor":47,"turns":6},{"damage":0,"enemies":"4 Shapes","floor":48,"turns":6},{"damage":28,"enemies":"Time Eater","floor":50,"turns":11},{"damage":1,"enemies":"Shield and Spear","floor":54,"turns":8},{"damage":61,"enemies":"The Heart","floor":55,"turns":11}],"seed_played":"5116070019120440097","potions_obtained":[{"floor":1.0,"key":"AttackPotion"},{"floor":4.0,"key":"GhostInAJar"},{"floor":7.0,"key":"GhostInAJar"}],"is_trial":false,"path_per_floor":["M","?","M","M","$","R","E","M","T","?","R","M","?","T","R","B",null,"M","$","?","$","M","R","T","M","T","M","E","M","?","M","R","B",null,"M","$","M","?","T","E","M","M","T","?","R","?","E","M","R","B",null,"R","$","E","B",null],"character_chosen":"THE_SILENT","items_purchased":["PreservedInsect","HandDrill","Catalyst"],"campfire_rested":5,"item_purchase_floors":[19,36,36],"current_hp_per_floor":[69,69,63,63,63,63,48,46,46,26,47,41,16,16,37,16,70,45,45,45,45,45,66,66,59,59,54,53,38,38,26,47,16,70,64,64,62,53,53,52,49,25,25,25,61,61,52,52,52,24,70,70,70,69,8],"gold":37,"neow_bonus":"REMOVE_CARD","is_prod":false,"is_daily":false,"chose_seed":false,"campfire_upgraded":2,"win_rate":0,"timestamp":1557234256,"path_taken":["M","?","M","M","$","R","E","M","T","?","R","M","?","?","R","BOSS","M","$","?","$","M","R","?","M","T","M","E","M","?","?","R","BOSS","M","$","M","?","?","E","?","M","T","?","R","?","E","M","R","BOSS","R","$","E","BOSS"],"build_version":"2019-01-23","purchased_purges":4,"victory":true,"max_hp_per_floor":[70,70,70,70,70,70,70,70,70,70,70,70,70,70,70,70,70,70,70,70,70,70,70,70,70,70,70,70,70,70,70,70,70,70,70,70,70,70,70,70,70,70,70,70,70,70,70,70,70,70,70,70,70,70,70],"card_choices":[{"not_picked":["Slice","Bane"],"picked":"Predator","floor":1.0},{"not_picked":["Setup","Prepared"],"picked":"Dagger Throw","floor":3.0},{"not_picked":["Flying Knee","Acrobatics"],"picked":"Noxious Fumes","floor":4.0},{"not_picked":["Prepared","Tools of the Trade"],"picked":"Poisoned Stab","floor":7.0},{"not_picked":["Leg Sweep","Flying Knee"],"picked":"Acrobatics","floor":8.0},{"not_picked":["PiercingWail","Caltrops","Flechettes"],"picked":"Dagger Spray","floor":10.0},{"not_picked":["Accuracy","Sucker Punch","Acrobatics","Outmaneuver"],"picked":"SKIP","floor":12.0},{"not_picked":["Glass Knife","Bullet Time","Burst"],"picked":"After Image","floor":16.0},{"not_picked":["Heel Hook+1","PiercingWail+1","Slice"],"picked":"Backflip","floor":18.0},{"not_picked":["All Out Attack+1","Slice","Eviscerate"],"picked":"Expertise","floor":22.0},{"not_picked":["Escape Plan","Slice","Quick Slash"],"picked":"Caltrops","floor":25.0},{"not_picked":["Poisoned Stab","Cloak And Dagger+1","Bane+1"],"picked":"Deadly Poison","floor":27.0},{"not_picked":["Night Terror","PiercingWail+1","Riddle With Holes","Dodge and Roll"],"picked":"SKIP","floor":28.0},{"not_picked":["Well Laid Plans","Doppelganger","Backstab"],"picked":"Prepared+1","floor":29.0},{"not_picked":["Outmaneuver","All Out Attack+1","Deadly Poison+1","Eviscerate"],"picked":"SKIP","floor":31.0},{"not_picked":["Malaise","Doppelganger","Die Die Die"],"picked":"After Image","floor":33.0},{"not_picked":["Dagger Spray+1"],"picked":"Slice+1","floor":35.0},{"not_picked":["Outmaneuver+1"],"picked":"Footwork+1","floor":37},{"not_picked":["Accuracy+1"],"picked":"Footwork+1","floor":40},{"not_picked":["Setup","Finisher+1"],"picked":"SKIP","floor":41},{"not_picked":["Prepared+1"],"picked":"Leg Sweep+1","floor":42},{"not_picked":["PiercingWail"],"picked":"Caltrops+1","floor":47},{"not_picked":["Dagger Throw","Backflip+1"],"picked":"SKIP","floor":48},{"not_picked":["Expertise","Caltrops"],"picked":"SKIP","floor":54}],"player_experience":765729,"relics_obtained":[{"floor":7.0,"key":"Centennial Puzzle"},{"floor":9.0,"key":"Bronze Scales"},{"floor":24.0,"key":"Tingsha"},{"floor":26.0,"key":"MawBank"},{"floor":28.0,"key":"Art of War"},{"floor":39,"key":"Blue Candle"},{"floor":40,"key":"Regal Pillow"},{"floor":43,"key":"Boot"},{"floor":47,"key":"Smiling Mask"},{"floor":54,"key":"Mercury Hourglass"}],"event_choices":[{"damage_healed":0.0,"max_hp_gain":0.0,"max_hp_loss":0.0,"gold_gain":0.0,"event_name":"Liars Game","player_choice":"Ignored","floor":2.0,"gold_loss":0.0,"damage_taken":0.0},{"damage_healed":0.0,"max_hp_gain":0.0,"max_hp_loss":0.0,"gold_gain":0.0,"event_name":"Dead Adventurer","player_choice":"Searched \u00272\u0027 times","floor":10.0,"gold_loss":0.0,"damage_taken":0.0,"relics_obtained":["Question Card"]},{"damage_healed":0.0,"max_hp_gain":0.0,"max_hp_loss":0.0,"gold_gain":0.0,"event_name":"Scrap Ooze","player_choice":"Success","floor":13.0,"gold_loss":0.0,"damage_taken":25.0,"relics_obtained":["Bag of Preparation"]},{"cards_removed":["Strike_G"],"damage_healed":0.0,"max_hp_gain":0.0,"max_hp_loss":0.0,"gold_gain":0.0,"event_name":"Back to Basics","player_choice":"Elegance","floor":20.0,"gold_loss":0.0,"damage_taken":0.0},{"damage_healed":0.0,"max_hp_gain":0.0,"max_hp_loss":0.0,"gold_gain":99.0,"event_name":"Nest","player_choice":"Stole From Cult","floor":30.0,"gold_loss":0.0,"damage_taken":0.0},{"damage_healed":0,"gold_gain":0,"player_choice":"Embrace Madness","damage_taken":9,"max_hp_gain":0,"max_hp_loss":0,"event_name":"Winding Halls","floor":38,"gold_loss":0,"cards_obtained":["Madness","Madness"]},{"damage_healed":0,"gold_gain":0,"player_choice":"Paid","damage_taken":0,"relics_obtained":["Red Mask"],"max_hp_gain":0,"max_hp_loss":0,"event_name":"Tomb of Lord Red Mask","floor":44,"gold_loss":274},{"damage_healed":0,"gold_gain":0,"player_choice":"Ignored","damage_taken":0,"max_hp_gain":0,"max_hp_loss":0,"event_name":"Mysterious Sphere","floor":46,"gold_loss":0}],"is_beta":false,"boss_relics":[{"not_picked":["Runic Pyramid","White Beast Statue"],"picked":"Sozu"},{"not_picked":["WristBlade","Fusion Hammer"],"picked":"Busted Crown"}],"items_purged_floors":[5,19,36,53],"is_endless":false,"potions_floor_spawned":[1,4,7,25,28,31,35,41,47],"ascension_level":0}