{"gold_per_floor":[363,363,18,18,29,29,48,48,48,60,89,101,130,158,170,277,289,316,340,451,478,504,516,528,540,552,564,88,98,98,116,116,221,221,232,248,1247,1247,1257,1257,1309,1309,1309,1309,1321,19,19,33,33,33],"floor_reached":51,"playtime":1104,"items_purged":["Strike_B","Defend_B","Normality"],"score":789,"play_id":"75480c00-9d96-401b-aa49-17bcfae3f200","local_time":"20190507110723","is_ascension_mode":false,"campfire_choices":[{"data":"Zap","floor":6.0,"key":"SMITH"},{"data":"Dualcast","floor":8.0,"key":"SMITH"},{"data":"Rip and Tear","floor":10.0,"key":"SMITH"},{"data":"Conserve Battery","floor":15.0,"key":"SMITH"},{"data":"Reinforced Body","floor":23.0,"key":"SMITH"},{"data":"Electrodynamics","floor":27.0,"key":"SMITH"},{"data":"Defragment","floor":32.0,"key":"SMITH"},{"data":"Hologram","floor":40.0,"key":"SMITH"},{"data":"Multi-Cast","floor":42.0,"key":"SMITH"},{"data":"Defend_B","floor":44.0,"key":"SMITH"},{"data":"Defend_B","floor":47,"key":"SMITH"},{"floor":49,"key":"RECALL"}],"neow_cost":"PERCENT_DAMAGE","seed_source_timestamp":13386420486569,"circlet_count":0,"master_deck":["Defend_B+1","Defend_B+1","Zap+1","Dualcast+1","Rip and Tear+1","Conserve Battery+1","Ball Lightning+1","Sweeping Beam+1","Sweeping Beam+1","Sunder+1","Rip and Tear+1","Electrodynamics+1","Reinforced Body+1","Leap+1","Rebound+1","Multi-Cast+1","Hyperbeam+1","Thunder Strike+1","Defragment+1","Ball Lightning+1","Writhe","Hyperbeam+1","Hologram+1","Beam Cell+1","Normality","Cold Snap+1","Defragment+1","Storm+1","Capacitor+1","Heatsinks+1","Heatsinks+1","Capacitor+1","Loop+1","Self Repair+1","Static Discharge+1","Storm+1","Self Repair+1","Defragment+1","Hello World+1","Defragment+1","Electrodynamics+1","Heatsinks+1","Loop+1","Buffer+1","Storm+1","Self Repair+1","Coolheaded+1"],"special_seed":0,"relics":["Cracked Core","Lantern","Molten Egg 2","MawBank","Philosopher\u0027s Stone","Bottled Tornado","Chemical X","The Courier","Coffee Dripper","Gambling Chip","Frozen Egg 2"],"potions_floor_usage":[48,50,50],"damage_taken":[{"damage":1.0,"enemies":"Small Slimes","floor":1.0,"turns":3.0},{"damage":0.0,"enemies":"2 Louse","floor":5.0,"turns":1.0},{"damage":0.0,"enemies":"Cultist","floor":7.0,"turns":2.0},{"damage":0.0,"enemies":"Looter","floor":11.0,"turns":2.0},{"damage":0.0,"enemies":"Blue Slaver","floor":13.0,"turns":2.0},{"damage":0.0,"enemies":"3 Louse","floor":14.0,"turns":2.0},{"damage":28.0,"enemies":"The Guardian","floor":16.0,"turns":9.0},{"damage":4.0,"enemies":"Shell Parasite","floor":18.0,"turns":3.0},{"damage":0.0,"enemies":"Spheric Guardian","floor":19.0,"turns":2.0},{"damage":8.0,"enemies":"Shelled Parasite and Fungi","floor":21.0,"turns":3.0},{"damage":9.0,"enemies":"Snake Plant","floor":22.0,"turns":4.0},{"damage":0.0,"enemies":"3 Cultists","floor":29.0,"turns":2.0},{"damage":0.0,"enemies":"Centurion and Healer","floor":31.0,"turns":2.0},{"damage":18.0,"enemies":"Automaton","floor":33.0,"turns":5.0},{"damage":0.0,"enemies":"Orb Walker","floor":35.0,"turns":2.0},{"damage":0.0,"enemies":"3 Darklings","floor":36.0,"turns":1.0},{"damage":0.0,"enemies":"4 Shapes","floor":39.0,"turns":3.0},{"damage":57.0,"enemies":"2 Orb Walkers","floor":41.0,"turns":3.0},{"damage":0.0,"enemies":"Sphere and 2 Shapes","floor":45.0,"turns":1.0},{"damage":1,"enemies":"Writhing Mass","floor":48,"turns":2},{"damage":0,"enemies":"Donu and Deca","floor":50,"turns":3}],"seed_played":"1236641063546106074","potions_obtained":[{"floor":1.0,"key":"Regen Potion"},{"floor":7.0,"key":"Weak Potion"},{"floor":11.0,"key":"Block Potion"},{"floor":14.0,"key":"SkillPotion"},{"floor":21.0,"key":"Block Potion"},{"floor":31.0,"key":"AttackPotion"},{"floor":33.0,"key":"SkillPotion"},{"floor":39.0,"key":"SpeedPotion"},{"floor":41.0,"key":"GamblersBrew"},{"floor":48,"key":"PowerPotion"}],"is_trial":false,"path_per_floor":["M","?","$","?","M","R","M","R","T","R","M","?","M","M","R","B",null,"M","M","?","M","M","R","?","?","T","R","$","M","?","M","R","B",null,"M","M","?","?","M","R","?","R","T","R","M","$","R","M","R","B",null],"character_chosen":"DEFECT","items_purchased":["Molten Egg 2","Conserve Battery","Chemical X","Thunder Strike+1","Defragment","Storm+1","Capacitor+1","Heatsinks+1","Heatsinks+1","Capacitor+1","Loop+1","Self Repair+1","Static Discharge+1","Storm+1","Self Repair+1","Defragment+1","Hello World+1","Defragment+1","Electrodynamics+1","Heatsinks+1","Loop+1","Buffer+1","Storm+1","Self Repair+1"],"campfire_rested":0,"item_purchase_floors":[3,3,28,28,28,46,46,46,46,46,46,46,46,46,46,46,46,46,46,46,46,46,46,46],"current_hp_per_floor":[53,35,35,28,28,28,28,28,28,28,28,28,28,28,28,5,75,71,71,71,63,54,54,54,54,54,54,54,54,54,54,54,36,75,75,75,75,75,75,75,18,18,18,18,18,18,18,17,17,17],"gold":33,"neow_bonus":"TWO_FIFTY_GOLD","is_prod":false,"is_daily":false,"chose_seed":false,"campfire_upgraded":11,"win_rate":0,"timestamp":1557248843,"path_taken":["M","?","$","?","M","R","M","R","T","R","M","?","?","M","R","BOSS","M","M","?","M","M","R","?","?","T","R","?","M","?","?","R","BOSS","M","M","?","?","M","R","?","R","T","R","M","$","R","M","R","BOSS"],"build_version":"2019-01-23","purchased_purges":3,"victory":true,"max_hp_per_floor":[75,75,75,75,75,75,75,75,75,75,75,75,75,75,75,75,75,75,75,75,75,75,75,75,75,75,75,75,75,75,75,75,75,75,75,75,75,75,75,75,75,75,75,75,75,75,75,75,75,75],"card_choices":[{"not_picked":["BootSequence","Turbo"],"picked":"Rip and Tear","floor":1.0},{"not_picked":["Defragment","Fusion"],"picked":"Ball Lightning+1","floor":5.0},{"not_picked":["Steam","Skim"],"picked":"Sweeping Beam+1","floor":7.0},{"not_picked":["Redo","Conserve Battery"],"picked":"Sweeping Beam+1","floor":11.0},{"not_picked":["Capacitor","Buffer"],"picked":"Sunder+1","floor":13.0},{"not_picked":["Scrape+1","Barrage+1"],"picked":"Rip and Tear+1","floor":14.0},{"not_picked":["Rainbow","Reboot"],"picked":"Electrodynamics","floor":16.0},{"not_picked":["Steam","Chill"],"picked":"Sweeping Beam+1","floor":18.0},{"not_picked":["White Noise","Barrage+1"],"picked":"Reinforced Body","floor":19.0},{"not_picked":["Double Energy","Rip and Tear+1"],"picked":"Leap+1","floor":21.0},{"not_picked":["Melter+1","FTL+1"],"picked":"Rebound+1","floor":22.0},{"not_picked":["Barrage+1","Cold Snap+1"],"picked":"Ball Lightning+1","floor":29.0},{"not_picked":["Compile Driver+1","Hello World","Fusion+1"],"picked":"SKIP","floor":31.0},{"not_picked":["Meteor Strike+1","Amplify"],"picked":"Hyperbeam+1","floor":33.0},{"not_picked":["Turbo","Static Discharge"],"picked":"Hologram","floor":35.0},{"not_picked":["Streamline+1","Stack+1"],"picked":"Beam Cell+1","floor":36.0},{"not_picked":["Sweeping Beam+1","Rebound+1"],"picked":"Cold Snap+1","floor":39.0},{"not_picked":["Compile Driver+1","Seek"],"picked":"Defragment+1","floor":41.0},{"not_picked":["Static Discharge+1","Gash+1","Cold Snap+1"],"picked":"SKIP","floor":45.0},{"not_picked":["Beam Cell+1","Compile Driver+1"],"picked":"Coolheaded+1","floor":48}],"player_experience":1381133,"relics_obtained":[{"floor":9.0,"key":"MawBank"},{"floor":26.0,"key":"Bottled Tornado"},{"floor":41.0,"key":"Gambling Chip"},{"floor":43.0,"key":"Frozen Egg 2"}],"event_choices":[{"damage_healed":0.0,"max_hp_gain":0.0,"max_hp_loss":0.0,"gold_gain":0.0,"event_name":"Scrap Ooze","player_choice":"Success","floor":2.0,"gold_loss":0.0,"damage_taken":18.0,"relics_obtained":["Lantern"]},{"cards_removed":["Strike_B"],"damage_healed":0.0,"max_hp_gain":0.0,"max_hp_loss":0.0,"gold_gain":0.0,"event_name":"Golden Wing","player_choice":"Card Removal","floor":4.0,"gold_loss":0.0,"damage_taken":7.0},{"cards_removed":["Defend_B"],"damage_healed":0.0,"max_hp_gain":0.0,"max_hp_loss":0.0,"gold_gain":0.0,"event_name":"Purifier","player_choice":"Purged","floor":12.0,"gold_loss":0.0,"damage_taken":0.0},{"damage_healed":0.0,"max_hp_gain":0.0,"max_hp_loss":0.0,"gold_gain":99.0,"event_name":"Nest","player_choice":"Stole From Cult","floor":20.0,"gold_loss":0.0,"damage_taken":0.0},{"damage_healed":0.0,"max_hp_gain":0.0,"max_hp_loss":0.0,"gold_gain":0.0,"event_name":"Ghosts","player_choice":"Ignored","floor":24.0,"gold_loss":0.0,"damage_taken":0.0},{"damage_healed":0.0,"max_hp_gain":0.0,"max_hp_loss":0.0,"gold_gain":0.0,"cards_transformed":["Strike_B","Strike_B"],"event_name":"Drug Dealer","player_choice":"Became Test Subject","floor":25.0,"gold_loss":0.0,"damage_taken":0.0,"cards_obtained":["Multi-Cast","Hyperbeam"]},{"damage_healed":0.0,"max_hp_gain":0.0,"max_hp_loss":0.0,"gold_gain":0.0,"event_name":"The Mausoleum","player_choice":"Opened","floor":30.0,"gold_loss":0.0,"damage_taken":0.0,"relics_obtained":["The Courier"],"cards_obtained":["Writhe"]},{"damage_healed":0.0,"max_hp_gain":0.0,"max_hp_loss":0.0,"gold_gain":999.0,"event_name":"MindBloom","player_choice":"Gold","floor":37.0,"gold_loss":0.0,"damage_taken":0.0,"cards_obtained":["Normality","Normality"]},{"cards_removed":["Sweeping Beam"],"damage_healed":0.0,"max_hp_gain":0.0,"max_hp_loss":0.0,"gold_gain":0.0,"event_name":"Falling","player_choice":"Removed Attack","floor":38.0,"gold_loss":0.0,"damage_taken":0.0},{"damage_healed":0.0,"max_hp_gain":0.0,"max_hp_loss":0.0,"gold_gain":0.0,"event_name":"Mysterious Sphere","player_choice":"Fight","floor":41.0,"gold_loss":0.0,"damage_taken":0.0}],"is_beta":false,"boss_relics":[{"not_picked":["Velvet Choker","Snecko Eye"],"picked":"Philosopher\u0027s Stone"},{"not_picked":["White Beast Statue","Runic Pyramid"],"picked":"Coffee Dripper"}],"items_purged_floors":[3,28,46],"is_endless":false,"potions_floor_spawned":[1,7,11,14,21,31,33,39,41,48],"ascension_level":0}