{"gold_per_floor":[118,118,138,88,99,132,151,151,151,176,191,191,80,97,97,97],"floor_reached":16,"playtime":5282,"items_purged":["Strike_R"],"score":151,"play_id":"0aa68afd-fef7-4e2a-bbbf-b05aa336db96","local_time":"20190504203904","is_ascension_mode":true,"campfire_choices":[{"data":"True Grit","floor":8,"key":"SMITH"},{"floor":12,"key":"DIG"},{"floor":15,"key":"REST"}],"neow_cost":"NONE","seed_source_timestamp":685534522315172,"circlet_count":0,"master_deck":["Strike_R","Strike_R","Strike_R","Defend_R","Defend_R","Defend_R","Defend_R","Bash+1","Cleave","Shrug It Off","Limit Break","Disarm","True Grit+1","Evolve","Headbutt","Shockwave","Sword Boomerang"],"relics":["Burning Blood","Strawberry","Pantograph","Shovel","Regal Pillow"],"potions_floor_usage":[6,10,16],"damage_taken":[{"damage":7,"enemies":"Jaw Worm","floor":1,"turns":3},{"damage":6,"enemies":"Cultist","floor":3,"turns":3},{"damage":0,"enemies":"2 Louse","floor":5,"turns":4},{"damage":32,"enemies":"Lagavulin","floor":6,"turns":5},{"damage":14,"enemies":"Blue Slaver","floor":7,"turns":5},{"damage":21,"enemies":"Gremlin Nob","floor":10,"turns":4},{"damage":1,"enemies":"3 Louse","floor":11,"turns":3},{"damage":15,"enemies":"Exordium Wildlife","floor":14,"turns":5},{"damage":88,"enemies":"Hexaghost","floor":16,"turns":11}],"seed_played":"-7603883169662551506","potions_obtained":[{"floor":1,"key":"Fire Potion"},{"floor":5,"key":"SteroidPotion"},{"floor":6,"key":"Block Potion"}],"is_trial":false,"path_per_floor":["M","?","M","$","M","E","M","R","T","E","M","R","$","M","R","B"],"character_chosen":"IRONCLAD","items_purchased":["Shrug It Off","Shockwave"],"campfire_rested":1,"item_purchase_floors":[4,13],"current_hp_per_floor":[71,71,71,71,77,58,50,50,50,35,40,40,40,31,72,0],"gold":97,"neow_bonus":"UPGRADE_CARD","is_prod":false,"is_daily":false,"chose_seed":false,"campfire_upgraded":1,"win_rate":0,"timestamp":1557020344,"path_taken":["M","?","M","$","?","E","M","R","T","E","M","R","$","M","R","BOSS"],"build_version":"2019-01-23","purchased_purges":1,"victory":false,"max_hp_per_floor":[80,80,80,80,80,87,87,87,87,87,87,87,87,87,87,87],"card_choices":[{"not_picked":["Seeing Red","Shrug It Off"],"picked":"Cleave","floor":1},{"not_picked":["Clash","Wild Strike","Burning Pact"],"picked":"SKIP","floor":3},{"not_picked":["Heavy Blade","Warcry"],"picked":"Limit Break","floor":5},{"not_picked":["Infernal Blade","Warcry"],"picked":"Disarm","floor":6},{"not_picked":["Havoc","Ghostly Armor"],"picked":"True Grit","floor":7},{"not_picked":["Second Wind","Juggernaut"],"picked":"Evolve","floor":10},{"not_picked":["Rage","Reckless Charge"],"picked":"Headbutt","floor":11},{"not_picked":["Iron Wave","Thunderclap"],"picked":"Sword Boomerang","floor":14}],"player_experience":577307,"relics_obtained":[{"floor":6,"key":"Strawberry"},{"floor":9,"key":"Pantograph"},{"floor":10,"key":"Shovel"},{"floor":12,"key":"Regal Pillow"}],"event_choices":[{"cards_removed":["Strike_R"],"damage_healed":0,"gold_gain":0,"player_choice":"Purged","damage_taken":0,"max_hp_gain":0,"max_hp_loss":0,"event_name":"Purifier","floor":2,"gold_loss":0}],"is_beta":false,"boss_relics":[],"items_purged_floors":[13],"is_endless":false,"potions_floor_spawned":[1,5,6],"killed_by":"Hexaghost","ascension_level":7}