{"gold_per_floor":[115,115,131,131,146,175,175,209,289,144,219,219,219,219,219,219],"floor_reached":16,"playtime":700,"items_purged":["Strike_R"],"score":143,"play_id":"3be0ad6a-7579-49f1-8f27-bbcb20b4558a","local_time":"20190504220300","is_ascension_mode":true,"campfire_choices":[{"floor":7,"key":"REST"},{"floor":12,"key":"REST"},{"floor":15,"key":"REST"}],"neow_cost":"NONE","seed_source_timestamp":695451338663086,"circlet_count":0,"master_deck":["Strike_R","Strike_R+1","Strike_R","Defend_R","Defend_R","Defend_R","Defend_R","Bash+1","Cleave","Twin Strike","Headbutt","Shrug It Off","Feed"],"relics":["Burning Blood","Centennial Puzzle","WingedGreaves","Juzu Bracelet","Gremlin Horn","Darkstone Periapt"],"potions_floor_usage":[16],"damage_taken":[{"damage":12,"enemies":"Small Slimes","floor":1,"turns":4},{"damage":6,"enemies":"Cultist","floor":3,"turns":3},{"damage":4,"enemies":"Jaw Worm","floor":5,"turns":3},{"damage":40,"enemies":"Lagavulin","floor":6,"turns":5},{"damage":35,"enemies":"3 Sentries","floor":8,"turns":7},{"damage":54,"enemies":"Hexaghost","floor":16,"turns":9}],"seed_played":"-6416312482587033949","potions_obtained":[{"floor":5,"key":"GamblersBrew"},{"floor":8,"key":"Block Potion"}],"is_trial":false,"path_per_floor":["M","?","M","?","M","E","R","E","T","$","?","R","$","?","R","B"],"character_chosen":"IRONCLAD","items_purchased":["Feed"],"campfire_rested":3,"item_purchase_floors":[10],"current_hp_per_floor":[66,66,66,50,52,18,42,13,13,13,2,26,26,26,50,0],"gold":219,"neow_bonus":"RANDOM_COMMON_RELIC","is_prod":false,"is_daily":false,"chose_seed":false,"campfire_upgraded":0,"win_rate":0,"timestamp":1557025380,"path_taken":["M","?","?","?","M","E","R","E","T","?","?","R","$","?","R","BOSS"],"build_version":"2019-01-23","purchased_purges":1,"victory":false,"max_hp_per_floor":[80,80,80,80,80,80,80,80,80,80,80,80,80,80,80,80],"card_choices":[{"not_picked":["Clothesline","Shrug It Off"],"picked":"Cleave","floor":1},{"not_picked":["Cleave","Perfected Strike"],"picked":"Twin Strike","floor":3},{"not_picked":["Wild Strike","Feel No Pain"],"picked":"Headbutt","floor":5},{"not_picked":["Dual Wield","Havoc","Heavy Blade"],"picked":"SKIP","floor":6},{"not_picked":["Wild Strike","Cleave"],"picked":"Shrug It Off","floor":8}],"player_experience":586470,"relics_obtained":[{"floor":6,"key":"WingedGreaves"},{"floor":8,"key":"Juzu Bracelet"},{"floor":9,"key":"Gremlin Horn"}],"event_choices":[{"cards_removed":["Strike_R"],"damage_healed":0,"gold_gain":0,"player_choice":"Card Removal","damage_taken":0,"max_hp_gain":0,"max_hp_loss":0,"event_name":"Wheel of Change","floor":2,"gold_loss":0},{"damage_healed":0,"gold_gain":0,"player_choice":"Entered Light","damage_taken":16,"max_hp_gain":0,"max_hp_loss":0,"event_name":"Shining Light","floor":4,"gold_loss":0,"cards_upgraded":["Bash","Strike_R"]},{"damage_healed":0,"gold_gain":75,"player_choice":"Gather Gold","damage_taken":11,"max_hp_gain":0,"max_hp_loss":0,"event_name":"World of Goop","floor":11,"gold_loss":0},{"damage_healed":0,"gold_gain":0,"player_choice":"Searched \u00272\u0027 times","damage_taken":0,"relics_obtained":["Darkstone Periapt"],"max_hp_gain":0,"max_hp_loss":0,"event_name":"Dead Adventurer","floor":14,"gold_loss":0}],"is_beta":false,"boss_relics":[],"items_purged_floors":[10],"is_endless":false,"potions_floor_spawned":[5,8],"killed_by":"Hexaghost","ascension_level":7}