{"gold_per_floor":[113,43,43,3,3,3,15,15,41,41,60,60,86,101,101,200,200,212,91,107,70,70,70,70,102,102,102,102],"floor_reached":28,"playtime":752,"items_purged":[],"score":257,"play_id":"29cce0cc-ee57-4c53-a425-46b9d74c5d36","local_time":"20190501100608","is_ascension_mode":false,"campfire_choices":[{"data":"Zap","floor":6.0,"key":"SMITH"},{"data":"Dualcast","floor":8.0,"key":"SMITH"},{"data":"Fusion","floor":10.0,"key":"SMITH"},{"data":"Doom and Gloom","floor":12.0,"key":"SMITH"},{"data":"Reinforced Body","floor":15,"key":"SMITH"},{"data":"Defragment","floor":23,"key":"SMITH"}],"neow_cost":"NONE","seed_source_timestamp":12288065204853,"circlet_count":0,"master_deck":["Strike_B+1","Strike_B+1","Strike_B+1","Strike_B+1","Defend_B+1","Defend_B+1","Defend_B+1","Defend_B+1","Zap+1","Dualcast+1","Steam","Doom and Gloom+1","Undo","Fusion+1","Loop","Reinforced Body+1","Biased Cognition","Defragment+1","Coolheaded","Darkness","Darkness"],"special_seed":0,"relics":["Busted Crown","Juzu Bracelet","Oddly Smooth Stone","Ancient Tea Set","Sozu","Bag of Preparation","Singing Bowl"],"potions_floor_usage":[13,13,18,18],"damage_taken":[{"damage":0.0,"enemies":"Cultist","floor":1.0,"turns":3.0},{"damage":0.0,"enemies":"Small Slimes","floor":7.0,"turns":3.0},{"damage":0.0,"enemies":"2 Louse","floor":11.0,"turns":2.0},{"damage":0,"enemies":"Gremlin Nob","floor":13,"turns":3},{"damage":2,"enemies":"Exordium Wildlife","floor":14,"turns":4},{"damage":12,"enemies":"Hexaghost","floor":16,"turns":11},{"damage":6,"enemies":"Chosen","floor":18,"turns":7},{"damage":13,"enemies":"3 Byrds","floor":20,"turns":5},{"damage":28,"enemies":"Slavers","floor":25,"turns":6},{"damage":23,"enemies":"Colosseum Slavers","floor":28,"turns":1}],"seed_played":"8467668878686529416","potions_obtained":[{"floor":1.0,"key":"GamblersBrew"},{"floor":3.0,"key":"FearPotion"},{"floor":3.0,"key":"SpeedPotion"},{"floor":16,"key":"Explosive Potion"}],"is_trial":false,"path_per_floor":["M","$","?","$","?","R","M","R","T","R","M","R","E","M","R","B",null,"M","$","M","$","?","R","?","E","T","$","?"],"character_chosen":"DEFECT","items_purchased":["Doom and Gloom","Undo","Defragment","Coolheaded","Darkness"],"campfire_rested":0,"item_purchase_floors":[2,4,19,19,21],"current_hp_per_floor":[75,75,75,75,50,50,50,50,50,50,50,50,50,48,48,36,75,69,69,56,56,56,56,42,14,14,14,0],"gold":102,"neow_bonus":"BOSS_RELIC","is_prod":false,"is_daily":false,"chose_seed":false,"campfire_upgraded":6,"win_rate":0,"timestamp":1556726768,"path_taken":["M","$","?","?","?","R","M","R","T","R","M","R","E","M","R","BOSS","M","$","M","$","?","R","?","E","T","?","?"],"build_version":"2019-01-23","purchased_purges":0,"victory":false,"max_hp_per_floor":[75,75,75,75,75,75,75,75,75,75,75,75,75,75,75,75,75,75,75,75,75,75,75,80,80,80,80,80],"card_choices":[{"not_picked":[],"picked":"Steam","floor":1.0},{"not_picked":[],"picked":"Fusion","floor":7.0},{"not_picked":["Steam"],"picked":"SKIP","floor":11.0},{"not_picked":[],"picked":"Loop","floor":13},{"not_picked":[],"picked":"Reinforced Body","floor":14},{"not_picked":[],"picked":"Biased Cognition","floor":16},{"not_picked":["Scrape"],"picked":"SKIP","floor":18},{"not_picked":["Stack"],"picked":"SKIP","floor":20},{"not_picked":[],"picked":"Darkness","floor":25}],"player_experience":1350145,"relics_obtained":[{"floor":9.0,"key":"Oddly Smooth Stone"},{"floor":13,"key":"Ancient Tea Set"},{"floor":25,"key":"Bag of Preparation"},{"floor":26,"key":"Singing Bowl"}],"event_choices":[{"damage_healed":0.0,"max_hp_gain":0.0,"max_hp_loss":0.0,"gold_gain":0.0,"event_name":"Lab","player_choice":"Got Potions","floor":3.0,"gold_loss":0.0,"damage_taken":0.0},{"damage_healed":0.0,"max_hp_gain":0.0,"max_hp_loss":0.0,"gold_gain":0.0,"event_name":"Scrap Ooze","player_choice":"Success","floor":5.0,"gold_loss":0.0,"damage_taken":25.0,"relics_obtained":["Juzu Bracelet"]},{"damage_healed":0,"gold_gain":0,"player_choice":"Simplicity","damage_taken":0,"max_hp_gain":0,"max_hp_loss":0,"event_name":"Back to Basics","floor":22,"gold_loss":0,"cards_upgraded":["Strike_B","Strike_B","Strike_B","Strike_B","Defend_B","Defend_B","Defend_B","Defend_B"]},{"damage_healed":0,"gold_gain":0,"player_choice":"Shed Blood","damage_taken":19,"max_hp_gain":5,"max_hp_loss":0,"event_name":"Forgotten Altar","floor":24,"gold_loss":0},{"damage_healed":0,"gold_gain":0,"player_choice":"Fight","damage_taken":0,"max_hp_gain":0,"max_hp_loss":0,"event_name":"Colosseum","floor":28,"gold_loss":0}],"is_beta":false,"boss_relics":[{"not_picked":["Tiny House","Astrolabe"],"picked":"Sozu"}],"items_purged_floors":[],"is_endless":false,"potions_floor_spawned":[1,11,16,18],"killed_by":"Colosseum Slavers","ascension_level":0}