{"gold_per_floor":[114,131,151,168,182,182,209,209,209,221,248,265,281,294,294,390,390,405,405,82,97,110,110,137,137,137,137,153,169,182,182,182,281,281,298,308,358,358,358],"floor_reached":39,"playtime":5913,"items_purged":[],"score":469,"play_id":"aa6d039b-551c-4987-8ef7-7ace6e4c0f3d","local_time":"20190504045550","is_ascension_mode":false,"campfire_choices":[{"data":"Buffer","floor":6,"key":"SMITH"},{"floor":8,"key":"REST"},{"floor":15,"key":"REST"},{"floor":23,"key":"REST"},{"floor":25,"key":"REST"},{"data":"Zap","floor":27,"key":"SMITH"},{"floor":32,"key":"REST"}],"neow_cost":"NONE","seed_source_timestamp":294925302654465,"circlet_count":0,"master_deck":["Strike_B","Strike_B","Strike_B","Strike_B","Defend_B","Defend_B","Defend_B","Zap+1","Dualcast","Streamline","Steam","Reinforced Body","Sweeping Beam","Buffer+1","All For One","Conserve Battery","Biased Cognition","Hello World","Doom and Gloom","Streamline","Amplify","Sweeping Beam","RitualDagger","Ball Lightning","Fusion+1","Heatsinks+1","Cold Snap","Stack","Hologram+1","Creative AI+1","Meteor Strike","Barrage+1","Gash","Rebound"],"relics":["FrozenCore","Bag of Marbles","Ancient Tea Set","Happy Flower","Lizard Tail","Nunchaku","Frozen Egg 2","Mummified Hand","MutagenicStrength","Torii"],"potions_floor_usage":[16,22,24,33,33,33,37],"damage_taken":[{"damage":0,"enemies":"Small Slimes","floor":1,"turns":3},{"damage":6,"enemies":"2 Louse","floor":2,"turns":2},{"damage":0,"enemies":"Cultist","floor":3,"turns":4},{"damage":3,"enemies":"Red Slaver","floor":4,"turns":3},{"damage":0,"enemies":"Large Slime","floor":5,"turns":5},{"damage":18,"enemies":"3 Sentries","floor":7,"turns":8},{"damage":0,"enemies":"2 Fungi Beasts","floor":10,"turns":4},{"damage":37,"enemies":"Gremlin Nob","floor":11,"turns":6},{"damage":2,"enemies":"Blue Slaver","floor":12,"turns":4},{"damage":13,"enemies":"Lots of Slimes","floor":13,"turns":4},{"damage":0,"enemies":"3 Louse","floor":14,"turns":3},{"damage":0,"enemies":"Slime Boss","floor":16,"turns":8},{"damage":23,"enemies":"3 Byrds","floor":18,"turns":5},{"damage":5,"enemies":"Chosen","floor":21,"turns":5},{"damage":18,"enemies":"Snake Plant","floor":22,"turns":6},{"damage":13,"enemies":"Gremlin Leader","floor":24,"turns":7},{"damage":11,"enemies":"Shelled Parasite and Fungi","floor":28,"turns":5},{"damage":21,"enemies":"Cultist and Chosen","floor":29,"turns":5},{"damage":4,"enemies":"Snecko","floor":30,"turns":3},{"damage":49,"enemies":"Champ","floor":33,"turns":10},{"damage":25,"enemies":"3 Shapes","floor":35,"turns":6},{"damage":7,"enemies":"Orb Walker","floor":36,"turns":4},{"damage":32,"enemies":"2 Orb Walkers","floor":37,"turns":5},{"damage":72,"enemies":"Sphere and 2 Shapes","floor":39,"turns":5}],"seed_played":"-6244637934466316883","potions_obtained":[{"floor":1,"key":"FearPotion"},{"floor":2,"key":"Swift Potion"},{"floor":4,"key":"Weak Potion"},{"floor":16,"key":"FearPotion"},{"floor":18,"key":"Fruit Juice"},{"floor":29,"key":"EssenceOfSteel"},{"floor":30,"key":"Fire Potion"},{"floor":35,"key":"EssenceOfSteel"}],"is_trial":false,"path_per_floor":["M","M","M","M","M","R","E","R","T","M","E","M","M","M","R","B",null,"M","?","$","M","M","R","E","R","T","R","M","M","M","?","R","B",null,"M","M","?","?","M"],"character_chosen":"DEFECT","items_purchased":["Ball Lightning","Nunchaku"],"campfire_rested":5,"item_purchase_floors":[20,20],"current_hp_per_floor":[82,76,76,73,73,73,55,79,79,79,42,40,27,27,51,51,82,59,53,53,48,35,61,48,74,74,74,63,42,38,38,64,15,87,62,55,23,23,0],"gold":358,"neow_bonus":"TEN_PERCENT_HP_BONUS","is_prod":false,"is_daily":false,"chose_seed":false,"campfire_upgraded":2,"win_rate":0.0,"timestamp":1556970950,"path_taken":["M","M","M","M","M","R","E","R","T","M","E","M","M","M","R","BOSS","M","?","$","M","M","R","E","R","T","R","M","M","M","?","R","BOSS","M","M","?","?","M"],"build_version":"2019-01-23","purchased_purges":0,"victory":false,"max_hp_per_floor":[82,82,82,82,82,82,82,82,82,82,82,82,82,82,82,82,82,82,82,82,82,87,87,87,87,87,87,87,87,87,87,87,87,87,87,87,87,87,87],"card_choices":[{"not_picked":["Barrage","Redo"],"picked":"Streamline","floor":1},{"not_picked":["Auto Shields","Sweeping Beam"],"picked":"Steam","floor":2},{"not_picked":["Ball Lightning","Streamline"],"picked":"Reinforced Body","floor":3},{"not_picked":["Ball Lightning","Double Energy"],"picked":"Sweeping Beam","floor":4},{"not_picked":["Compile Driver","BootSequence"],"picked":"Buffer","floor":5},{"not_picked":["Double Energy","Stack"],"picked":"All For One","floor":7},{"not_picked":["Steam","Rebound"],"picked":"Conserve Battery","floor":10},{"not_picked":["Cold Snap","Stack"],"picked":"Biased Cognition","floor":11},{"not_picked":["Streamline","Ball Lightning"],"picked":"Hello World","floor":12},{"not_picked":["Barrage","Double Energy"],"picked":"Doom and Gloom","floor":13},{"not_picked":["Recycle","Steam"],"picked":"Streamline","floor":14},{"not_picked":["Thunder Strike","All For One"],"picked":"Amplify","floor":16},{"not_picked":["Ball Lightning","Compile Driver"],"picked":"Sweeping Beam","floor":18},{"not_picked":["BootSequence","Ball Lightning+1"],"picked":"Fusion+1","floor":21},{"not_picked":["Glacier","Coolheaded"],"picked":"Heatsinks+1","floor":22},{"not_picked":["Coolheaded","Barrage"],"picked":"Cold Snap","floor":24},{"not_picked":["Conserve Battery","Doom and Gloom"],"picked":"Stack","floor":28},{"not_picked":["Barrage","Doom and Gloom"],"picked":"Hologram+1","floor":29},{"not_picked":["Heatsinks+1","Stack+1"],"picked":"Creative AI+1","floor":30},{"not_picked":["Rainbow","Reboot"],"picked":"Meteor Strike","floor":33},{"not_picked":["Hologram","Turbo"],"picked":"Barrage+1","floor":35},{"not_picked":["Go for the Eyes","Compile Driver+1"],"picked":"Gash","floor":36},{"not_picked":["Cold Snap+1","Consume"],"picked":"Rebound","floor":37}],"player_experience":100190,"relics_obtained":[{"floor":7,"key":"Bag of Marbles"},{"floor":9,"key":"Ancient Tea Set"},{"floor":11,"key":"Happy Flower"},{"floor":24,"key":"Frozen Egg 2"},{"floor":26,"key":"Mummified Hand"},{"floor":37,"key":"Torii"}],"event_choices":[{"damage_healed":0,"gold_gain":0,"player_choice":"Joined the Cult","damage_taken":6,"max_hp_gain":0,"max_hp_loss":0,"event_name":"Nest","floor":19,"gold_loss":0,"cards_obtained":["RitualDagger"]},{"damage_healed":0,"gold_gain":0,"player_choice":"Inject Mutagens","damage_taken":0,"relics_obtained":["MutagenicStrength"],"max_hp_gain":0,"max_hp_loss":0,"event_name":"Drug Dealer","floor":31,"gold_loss":0},{"damage_healed":0,"gold_gain":0,"player_choice":"Fight","damage_taken":0,"max_hp_gain":0,"max_hp_loss":0,"event_name":"Mysterious Sphere","floor":37,"gold_loss":0},{"cards_removed":["Defend_B"],"damage_healed":0,"gold_gain":0,"player_choice":"Offered Basic","damage_taken":0,"max_hp_gain":0,"max_hp_loss":0,"event_name":"Bonfire Elementals","floor":38,"gold_loss":0}],"is_beta":false,"boss_relics":[{"not_picked":["White Beast Statue","Calling Bell"],"picked":"Lizard Tail"},{"not_picked":["Velvet Choker","Runic Dome"],"picked":"FrozenCore"}],"items_purged_floors":[],"is_endless":false,"potions_floor_spawned":[1,2,4,13,14,16,18,21,29,30,35],"killed_by":"Sphere and 2 Shapes","ascension_level":0}