{"gold_per_floor":[111,111,36,49,65,65,31,45,45,45,45,59,59,73,73,169,169,187,200,115,115,126,145,145],"floor_reached":24,"playtime":2318,"items_purged":["Strike_G"],"score":190,"play_id":"9a4e077e-fd17-41eb-830d-73a89534ff4b","local_time":"20190507091641","is_ascension_mode":false,"campfire_choices":[{"data":"Infinite Blades","floor":6.0,"key":"SMITH"},{"data":"Strike_G","floor":10.0,"key":"PURGE"},{"data":"Strike_G","floor":13.0,"key":"PURGE"},{"floor":15.0,"key":"REST"}],"neow_cost":"NONE","seed_source_timestamp":0,"circlet_count":0,"master_deck":["Defend_G","Defend_G","Defend_G","Defend_G","Defend_G","Strike_G","Survivor","Neutralize","Infinite Blades+1","Infinite Blades+1","Finisher","Slice","Envenom","Hidden Blade+1","Backflip+1","Noxious Fumes","Noxious Fumes","Accuracy","Cloak And Dagger+1"],"special_seed":0,"relics":["Ring of the Snake","Peace Pipe","Toxic Egg 2","Orrery","Turnip"],"potions_floor_usage":[23],"damage_taken":[{"damage":0.0,"enemies":"Small Slimes","floor":1.0,"turns":4.0},{"damage":0.0,"enemies":"Jaw Worm","floor":4.0,"turns":7.0},{"damage":0.0,"enemies":"Cultist","floor":5.0,"turns":5.0},{"damage":4.0,"enemies":"Large Slime","floor":8.0,"turns":9.0},{"damage":13.0,"enemies":"Lots of Slimes","floor":12.0,"turns":6.0},{"damage":14.0,"enemies":"3 Louse","floor":14.0,"turns":5.0},{"damage":45.0,"enemies":"Slime Boss","floor":16.0,"turns":13.0},{"damage":14,"enemies":"3 Byrds","floor":18,"turns":5},{"damage":10,"enemies":"Chosen","floor":19,"turns":5},{"damage":25,"enemies":"Snake Plant","floor":22,"turns":7},{"damage":20,"enemies":"3 Cultists","floor":23,"turns":4},{"damage":22,"enemies":"Snecko","floor":24,"turns":6}],"seed_played":"5056357526942269110","potions_obtained":[{"floor":1.0,"key":"Dexterity Potion"},{"floor":8.0,"key":"Dexterity Potion"},{"floor":16.0,"key":"Milkshake"},{"floor":19,"key":"Milkshake"},{"floor":22,"key":"Venom Potion"}],"is_trial":false,"path_per_floor":["M","?","$","M","M","R","?","M","T","R","T","M","R","M","R","B",null,"M","M","?","?","M","M","M"],"character_chosen":"THE_SILENT","items_purchased":[],"campfire_rested":1,"item_purchase_floors":[],"current_hp_per_floor":[77,77,77,77,77,77,77,73,73,73,73,60,60,46,69,24,77,63,53,53,53,28,8,0],"gold":145,"neow_bonus":"TEN_PERCENT_HP_BONUS","is_prod":false,"is_daily":false,"chose_seed":false,"campfire_upgraded":1,"win_rate":0.0,"timestamp":1557177401,"path_taken":["M","?","$","M","M","R","?","M","T","R","?","M","R","?","R","BOSS","M","M","?","?","M","M","M"],"build_version":"2019-01-23","purchased_purges":1,"victory":false,"max_hp_per_floor":[77,77,77,77,77,77,77,77,77,77,77,77,77,77,77,77,77,77,77,77,77,77,77,77],"card_choices":[{"not_picked":["Skewer","Cloak And Dagger"],"picked":"Infinite Blades","floor":1.0},{"not_picked":["Deadly Poison","Sucker Punch"],"picked":"Infinite Blades","floor":4.0},{"not_picked":["Flying Knee","Dagger Throw","Underhanded Strike"],"picked":"SKIP","floor":5.0},{"not_picked":["Slice","Terror"],"picked":"Finisher","floor":8.0},{"not_picked":["Sucker Punch","Endless Agony","Acrobatics+1"],"picked":"SKIP","floor":12.0},{"not_picked":["ReplayTheSpireMod:The Works+1","Flying Knee"],"picked":"Slice","floor":14.0},{"not_picked":["Replay:Bag of Tricks+1","Poison Darts+1"],"picked":"Envenom","floor":16.0},{"not_picked":["Dagger Throw","Dagger Spray"],"picked":"Hidden Blade+1","floor":17.0},{"not_picked":["Poisoned Stab","Bane"],"picked":"Backflip+1","floor":17.0},{"not_picked":["Dagger Throw","Dodge and Roll+1"],"picked":"Noxious Fumes","floor":17.0},{"not_picked":["Acrobatics+1","Caltrops"],"picked":"Noxious Fumes","floor":17.0},{"not_picked":["Endless Agony+1","Dodge and Roll+1","Calculated Gamble+1"],"picked":"SKIP","floor":18},{"not_picked":["Deadly Poison+1","Hidden Blade+1"],"picked":"Accuracy","floor":19},{"not_picked":["Venomology+1","Deflect+1"],"picked":"Cloak And Dagger+1","floor":22},{"not_picked":["Blade Dance+1","Sneak Up+1","Bouncing Flask+1"],"picked":"SKIP","floor":23}],"player_experience":142980,"relics_obtained":[{"floor":9.0,"key":"Peace Pipe"},{"floor":11.0,"key":"Toxic Egg 2"}],"event_choices":[{"cards_removed":["Strike_G"],"damage_healed":0.0,"max_hp_gain":0.0,"max_hp_loss":0.0,"gold_gain":0.0,"event_name":"Living Wall","player_choice":"Forget","floor":2.0,"gold_loss":0.0,"damage_taken":0.0},{"damage_healed":0.0,"max_hp_gain":0.0,"max_hp_loss":0.0,"gold_gain":0.0,"event_name":"World of Goop","player_choice":"Left Gold","floor":7.0,"gold_loss":34.0,"damage_taken":0.0},{"damage_healed":0,"gold_gain":0,"player_choice":"Obtained Relic","damage_taken":0,"relics_obtained":["Turnip"],"max_hp_gain":0,"max_hp_loss":0,"event_name":"Addict","floor":20,"gold_loss":85},{"damage_healed":0,"gold_gain":0,"player_choice":"Upgraded","damage_taken":0,"max_hp_gain":0,"max_hp_loss":0,"event_name":"Upgrade Shrine","floor":21,"gold_loss":0,"cards_upgraded":["Infinite Blades"]}],"is_beta":false,"boss_relics":[{"not_picked":["Replay:Bronze Core","Empty Cage"],"picked":"Orrery"}],"items_purged_floors":[3],"is_endless":false,"potions_floor_spawned":[1,8,16,19,22],"killed_by":"Snecko","ascension_level":0}