{"gold_per_floor":[110,123,123,141,161,193,193,212,236,236],"floor_reached":10,"playtime":801,"items_purged":[],"score":70,"play_id":"68a9ce07-b80a-4d8b-8e42-d2218fd650b5","local_time":"20190504023842","is_ascension_mode":false,"campfire_choices":[{"floor":7,"key":"REST"}],"neow_cost":"NONE","seed_source_timestamp":291811391778898,"circlet_count":0,"master_deck":["Strike_B","Strike_B","Strike_B","Strike_B","Defend_B","Defend_B","Defend_B","Defend_B","Zap","Dualcast","Turbo","Consume","Beam Cell","Fusion","Stack","Conserve Battery","Defragment"],"relics":["Cracked Core","NeowsBlessing","Unceasing Top","Blood Vial"],"potions_floor_usage":[],"damage_taken":[{"damage":0,"enemies":"Cultist","floor":1,"turns":1},{"damage":0,"enemies":"Jaw Worm","floor":2,"turns":1},{"damage":0,"enemies":"Small Slimes","floor":4,"turns":1},{"damage":7,"enemies":"Looter","floor":5,"turns":4},{"damage":52,"enemies":"3 Sentries","floor":6,"turns":11},{"damage":16,"enemies":"2 Fungi Beasts","floor":8,"turns":4},{"damage":28,"enemies":"Large Slime","floor":10,"turns":4}],"seed_played":"-3985130532122980234","potions_obtained":[{"floor":4,"key":"Swift Potion"},{"floor":6,"key":"SpeedPotion"},{"floor":8,"key":"PowerPotion"}],"is_trial":false,"path_per_floor":["M","M","?","M","M","E","R","M","T","M"],"character_chosen":"DEFECT","items_purchased":[],"campfire_rested":1,"item_purchase_floors":[],"current_hp_per_floor":[75,75,75,75,68,16,38,22,22,0],"gold":236,"neow_bonus":"THREE_ENEMY_KILL","is_prod":false,"is_daily":false,"chose_seed":false,"campfire_upgraded":0,"win_rate":0.0,"timestamp":1556962722,"path_taken":["M","?","?","M","M","E","R","M","T","?"],"build_version":"2019-01-23","purchased_purges":0,"victory":false,"max_hp_per_floor":[75,75,75,75,75,75,75,75,75,75],"card_choices":[{"not_picked":["Cold Snap","Rebound"],"picked":"Turbo","floor":1},{"not_picked":["Chaos","Force Field"],"picked":"Consume","floor":2},{"not_picked":["Force Field","Streamline"],"picked":"Fusion","floor":4},{"not_picked":["Hologram","Blizzard"],"picked":"Stack","floor":5},{"not_picked":["Rebound","Skim"],"picked":"Conserve Battery","floor":6},{"not_picked":["Compile Driver","Scrape"],"picked":"Defragment","floor":8}],"player_experience":97123,"relics_obtained":[{"floor":6,"key":"Unceasing Top"},{"floor":9,"key":"Blood Vial"}],"event_choices":[{"damage_healed":0,"gold_gain":0,"player_choice":"1 cards matched","damage_taken":0,"max_hp_gain":0,"max_hp_loss":0,"event_name":"Match and Keep!","floor":3,"gold_loss":0,"cards_obtained":["Beam Cell"]}],"is_beta":false,"boss_relics":[],"items_purged_floors":[],"is_endless":false,"potions_floor_spawned":[4,6,8],"killed_by":"Large Slime","ascension_level":0}