{"gold_per_floor":[215,230,244,259,209,227,252,252,334,362,378,392,392,403,403,503,503,521,537,551,568,568,593,593,624,624,624,656,656,296,307,307,402,402,414,414,414,429,429,460,460,472,498,526,173,184,184,212,212,212],"floor_reached":51,"playtime":2141,"items_purged":["Strike_R","Strike_R"],"score":839,"play_id":"d788460b-66bc-4b7a-83bb-97a3e0b339ec","local_time":"20190506173750","is_ascension_mode":false,"campfire_choices":[{"data":"Armaments","floor":8,"key":"SMITH"},{"data":"Disarm","floor":13,"key":"SMITH"},{"data":"Clothesline","floor":15,"key":"SMITH"},{"data":"Limit Break","floor":24,"key":"SMITH"},{"data":"Demon Form","floor":27,"key":"SMITH"},{"data":"Armaments","floor":32,"key":"SMITH"},{"data":"Fiend Fire","floor":47,"key":"SMITH"},{"data":"True Grit","floor":49,"key":"SMITH"}],"neow_cost":"NONE","seed_source_timestamp":217910531913600,"circlet_count":0,"master_deck":["Strike_R","Strike_R","Defend_R","Defend_R","Defend_R","Bash","Cleave","Anger","Pommel Strike","Clothesline+1","Disarm+1","Armaments+1","True Grit+1","Demon Form+1","Limit Break+1","Heavy Blade+1","Headbutt","Reaper","Shrug It Off","Pummel+1","Fiend Fire+1","Shrug It Off","Double Tap","Madness","Madness","Purity","Iron Wave+1","Heavy Blade+1"],"relics":["Burning Blood","Regal Pillow","Ornamental Fan","Unceasing Top","Snecko Eye","Oddly Smooth Stone","Juzu Bracelet","Gremlin Horn","Red Mask","Pen Nib","Busted Crown","Art of War","Smiling Mask","Happy Flower","Lantern","Blue Candle"],"potions_floor_usage":[7,10,18,23,25,28,40,50],"damage_taken":[{"damage":1,"enemies":"Cultist","floor":1,"turns":3},{"damage":5,"enemies":"Jaw Worm","floor":2,"turns":4},{"damage":0,"enemies":"2 Louse","floor":3,"turns":2},{"damage":1,"enemies":"2 Fungi Beasts","floor":4,"turns":3},{"damage":20,"enemies":"Exordium Wildlife","floor":6,"turns":5},{"damage":20,"enemies":"Gremlin Nob","floor":7,"turns":4},{"damage":13,"enemies":"3 Sentries","floor":10,"turns":6},{"damage":6,"enemies":"Red Slaver","floor":11,"turns":4},{"damage":0,"enemies":"2 Fungi Beasts","floor":12,"turns":3},{"damage":14,"enemies":"Exordium Wildlife","floor":14,"turns":4},{"damage":39,"enemies":"Slime Boss","floor":16,"turns":9},{"damage":13,"enemies":"2 Thieves","floor":18,"turns":5},{"damage":6,"enemies":"Chosen","floor":19,"turns":4},{"damage":0,"enemies":"Snake Plant","floor":20,"turns":3},{"damage":3,"enemies":"Chosen and Byrds","floor":21,"turns":5},{"damage":8,"enemies":"Gremlin Leader","floor":23,"turns":4},{"damage":45,"enemies":"Slavers","floor":25,"turns":6},{"damage":26,"enemies":"Masked Bandits","floor":28,"turns":4},{"damage":33,"enemies":"3 Cultists","floor":31,"turns":6},{"damage":23,"enemies":"Champ","floor":33,"turns":7},{"damage":2,"enemies":"3 Shapes","floor":35,"turns":7},{"damage":3,"enemies":"Orb Walker","floor":38,"turns":4},{"damage":10,"enemies":"Reptomancer","floor":40,"turns":5},{"damage":0,"enemies":"3 Darklings","floor":42,"turns":5},{"damage":7,"enemies":"Giant Head","floor":44,"turns":5},{"damage":1,"enemies":"Sphere and 2 Shapes","floor":46,"turns":4},{"damage":0,"enemies":"Nemesis","floor":48,"turns":3},{"damage":7,"enemies":"Time Eater","floor":50,"turns":5}],"seed_played":"-1315696193601713438","potions_obtained":[{"floor":2,"key":"FearPotion"},{"floor":4,"key":"Regen Potion"},{"floor":7,"key":"Dexterity Potion"},{"floor":12,"key":"LiquidBronze"},{"floor":14,"key":"Block Potion"},{"floor":18,"key":"SteroidPotion"},{"floor":20,"key":"SkillPotion"},{"floor":21,"key":"GamblersBrew"},{"floor":31,"key":"GamblersBrew"},{"floor":38,"key":"BloodPotion"},{"floor":40,"key":"Swift Potion"}],"is_trial":false,"path_per_floor":["M","M","M","M","?","M","E","R","T","E","M","M","R","M","R","B",null,"M","M","M","M","?","E","R","E","T","R","?","?","$","M","R","B",null,"M","?","?","M","?","E","?","M","T","E","$","M","R","E","R","B",null],"character_chosen":"IRONCLAD","items_purchased":["Shrug It Off","Pen Nib","Regen Potion","Happy Flower","Lantern"],"campfire_rested":0,"item_purchase_floors":[30,30,30,45,45],"current_hp_per_floor":[80,80,80,80,80,66,52,52,52,60,60,66,66,58,58,25,80,73,73,79,80,80,78,78,70,70,70,52,52,52,38,38,42,80,80,80,70,73,63,80,80,80,80,80,80,80,80,80,80,79],"gold":212,"neow_bonus":"HUNDRED_GOLD","is_prod":false,"is_daily":false,"chose_seed":false,"campfire_upgraded":8,"win_rate":1,"timestamp":1557189470,"path_taken":["M","M","M","?","?","M","E","R","T","E","M","M","R","M","R","BOSS","M","M","M","M","?","E","R","E","T","R","?","?","$","M","R","BOSS","M","?","?","M","?","E","?","M","T","E","$","M","R","E","R","BOSS"],"build_version":"2019-01-23","purchased_purges":2,"victory":true,"max_hp_per_floor":[80,80,80,80,80,80,80,80,80,80,80,80,80,80,80,80,80,80,80,80,80,80,80,80,80,80,80,80,80,80,80,80,80,80,80,80,80,80,80,80,80,80,80,80,80,80,80,80,80,80],"card_choices":[{"not_picked":["Havoc","Rupture","Flex"],"picked":"SKIP","floor":1},{"not_picked":["Feel No Pain","Ghostly Armor"],"picked":"Cleave","floor":2},{"not_picked":["Bloodletting","Combust"],"picked":"Anger","floor":3},{"not_picked":["Rage","Sword Boomerang"],"picked":"Pommel Strike","floor":4},{"not_picked":["Impervious","Sword Boomerang"],"picked":"Armaments","floor":6},{"not_picked":["Armaments","True Grit"],"picked":"Clothesline","floor":7},{"not_picked":["Rupture","Second Wind"],"picked":"Disarm","floor":10},{"not_picked":["Havoc","Thunderclap"],"picked":"Armaments","floor":11},{"not_picked":["Pummel","Sword Boomerang"],"picked":"True Grit","floor":12},{"not_picked":["Ghostly Armor","Shrug It Off"],"picked":"Demon Form","floor":14},{"not_picked":["Demon Form","Fiend Fire"],"picked":"Limit Break","floor":16},{"not_picked":["Flex","Evolve"],"picked":"Heavy Blade+1","floor":18},{"not_picked":["Clash","Cleave","Pommel Strike"],"picked":"SKIP","floor":19},{"not_picked":["Flex","Thunderclap","Body Slam"],"picked":"SKIP","floor":20},{"not_picked":["Wild Strike+1","Sword Boomerang+1"],"picked":"Headbutt","floor":21},{"not_picked":["Rupture+1","Fire Breathing+1"],"picked":"Reaper","floor":23},{"not_picked":["Hemokinesis","Armaments","Clash"],"picked":"SKIP","floor":25},{"not_picked":["Anger","Clash"],"picked":"Pummel+1","floor":31},{"not_picked":["Offering","Berserk"],"picked":"Fiend Fire","floor":33},{"not_picked":[],"picked":"Shrug It Off","floor":35},{"not_picked":["Twin Strike+1"],"picked":"SKIP","floor":38},{"not_picked":[],"picked":"Purity","floor":39},{"not_picked":[],"picked":"Iron Wave+1","floor":40},{"not_picked":[],"picked":"Heavy Blade+1","floor":42},{"not_picked":["Heavy Blade+1"],"picked":"SKIP","floor":44},{"not_picked":["Cleave+1"],"picked":"SKIP","floor":46},{"not_picked":["Thunderclap"],"picked":"SKIP","floor":48}],"player_experience":736811,"relics_obtained":[{"floor":7,"key":"Regal Pillow"},{"floor":9,"key":"Ornamental Fan"},{"floor":10,"key":"Unceasing Top"},{"floor":23,"key":"Oddly Smooth Stone"},{"floor":25,"key":"Juzu Bracelet"},{"floor":26,"key":"Gremlin Horn"},{"floor":28,"key":"Red Mask"},{"floor":40,"key":"Art of War"},{"floor":44,"key":"Smiling Mask"},{"floor":48,"key":"Blue Candle"}],"event_choices":[{"cards_removed":["Strike_R"],"damage_healed":0,"gold_gain":0,"player_choice":"Card Removal","damage_taken":0,"max_hp_gain":0,"max_hp_loss":0,"event_name":"The Cleric","floor":5,"gold_loss":50},{"damage_healed":0,"gold_gain":0,"player_choice":"Ignored","damage_taken":0,"max_hp_gain":0,"max_hp_loss":0,"event_name":"Ghosts","floor":22,"gold_loss":0},{"damage_healed":0,"gold_gain":0,"player_choice":"Fought Bandits","damage_taken":0,"max_hp_gain":0,"max_hp_loss":0,"event_name":"Masked Bandits","floor":28,"gold_loss":0},{"damage_healed":0,"gold_gain":0,"player_choice":"Ignored","damage_taken":0,"max_hp_gain":0,"max_hp_loss":0,"event_name":"Vampires","floor":29,"gold_loss":0},{"damage_healed":0,"gold_gain":0,"cards_transformed":["Defend_R"],"player_choice":"Transformed","damage_taken":0,"max_hp_gain":0,"max_hp_loss":0,"event_name":"Transmorgrifier","floor":36,"gold_loss":0,"cards_obtained":["Double Tap"]},{"damage_healed":0,"gold_gain":0,"player_choice":"Embrace Madness","damage_taken":10,"max_hp_gain":0,"max_hp_loss":0,"event_name":"Winding Halls","floor":37,"gold_loss":0,"cards_obtained":["Madness","Madness"]},{"damage_healed":0,"gold_gain":0,"player_choice":"Memory 3","damage_taken":10,"max_hp_gain":0,"max_hp_loss":0,"event_name":"SensoryStone","floor":39,"gold_loss":0},{"cards_removed":["Armaments"],"damage_healed":0,"gold_gain":0,"player_choice":"Removed Skill","damage_taken":0,"max_hp_gain":0,"max_hp_loss":0,"event_name":"Falling","floor":41,"gold_loss":0}],"is_beta":false,"boss_relics":[{"not_picked":["Orrery","Black Blood"],"picked":"Snecko Eye"},{"not_picked":["Black Star","Fusion Hammer"],"picked":"Busted Crown"}],"items_purged_floors":[30,45],"is_endless":false,"potions_floor_spawned":[2,4,7,12,14,18,20,21,31,38,40,46],"ascension_level":0}