{"gold_per_floor":[19,19,43,218,241,241,241],"floor_reached":7,"playtime":2485,"items_purged":[],"score":41,"play_id":"36332862-3fd4-43a7-8e1d-40399203441f","local_time":"20190426080116","is_ascension_mode":false,"campfire_choices":[],"neow_cost":"NO_GOLD","seed_source_timestamp":9986015870424,"circlet_count":0,"master_deck":["Strike_B","Strike_B","Strike_B","Defend_B","Defend_B","Defend_B","Zap","Dualcast","Go for the Eyes","Glacier","Doubt","Coolheaded"],"special_seed":0,"relics":["Cracked Core","Golden Idol","Blood Vial"],"potions_floor_usage":[],"damage_taken":[{"damage":1.0,"enemies":"Jaw Worm","floor":1.0,"turns":3.0},{"damage":0.0,"enemies":"Small Slimes","floor":3.0,"turns":3.0},{"damage":0.0,"enemies":"2 Louse","floor":5.0,"turns":3.0},{"damage":91,"enemies":"Gremlin Nob","floor":7,"turns":9}],"seed_played":"1813155754895445833","potions_obtained":[{"floor":3.0,"key":"Fire Potion"},{"floor":5.0,"key":"SkillPotion"}],"is_trial":false,"path_per_floor":["M","?","M","?","M","?","E"],"character_chosen":"DEFECT","items_purchased":[],"campfire_rested":0,"item_purchase_floors":[],"current_hp_per_floor":[74,69,69,69,69,66,0],"gold":241,"neow_bonus":"REMOVE_TWO","is_prod":false,"is_daily":false,"chose_seed":false,"campfire_upgraded":0,"win_rate":0,"timestamp":1556287276,"path_taken":["M","?","M","?","M","?","E"],"build_version":"2019-01-23","purchased_purges":0,"victory":false,"max_hp_per_floor":[75,69,69,69,69,69,69],"card_choices":[{"not_picked":["Steam","Double Energy"],"picked":"Go for the Eyes","floor":1.0},{"not_picked":["Self Repair","Beam Cell"],"picked":"Glacier","floor":3.0},{"not_picked":["Double Energy","Loop"],"picked":"Coolheaded","floor":5.0}],"player_experience":1311734,"relics_obtained":[],"event_choices":[{"damage_healed":0.0,"max_hp_gain":0.0,"max_hp_loss":6.0,"gold_gain":0.0,"event_name":"Golden Idol","player_choice":"Lose Max HP","floor":2.0,"gold_loss":0.0,"damage_taken":0.0,"relics_obtained":["Golden Idol"]},{"damage_healed":0.0,"max_hp_gain":0.0,"max_hp_loss":0.0,"gold_gain":175.0,"event_name":"Liars Game","player_choice":"AGREE","floor":4.0,"gold_loss":0.0,"damage_taken":0.0,"cards_obtained":["Doubt"]},{"damage_healed":0.0,"max_hp_gain":0.0,"max_hp_loss":0.0,"gold_gain":0.0,"event_name":"Scrap Ooze","player_choice":"Success","floor":6.0,"gold_loss":0.0,"damage_taken":3.0,"relics_obtained":["Blood Vial"]}],"is_beta":false,"boss_relics":[],"items_purged_floors":[],"is_endless":false,"potions_floor_spawned":[3,5],"killed_by":"Gremlin Nob","ascension_level":0}