{"gold_per_floor":[116,128,128,128,128,128,146,146,171,189,114,128,28,40,40,142,142,158,158,168,185,199,199,217,217,241,253,168,178,178,53,53,149,149,169,169,188,202,215,215,229,229,229,240,240,240,240,240,240,240],"floor_reached":51,"playtime":3016,"items_purged":["Strike_R","Strike_R","Strike_R"],"score":836,"play_id":"66858cf1-115a-4de4-ba51-821c6766bfa4","local_time":"20190125012819","is_ascension_mode":true,"campfire_choices":[{"data":"Clothesline","floor":6,"key":"SMITH"},{"data":"Cleave","floor":8,"key":"SMITH"},{"data":"Pommel Strike","floor":15,"key":"SMITH"},{"data":"Demon Form","floor":23,"key":"SMITH"},{"floor":25,"key":"REST"},{"floor":30,"key":"REST"},{"floor":32,"key":"REST"},{"floor":40,"key":"REST"},{"data":"Limit Break","floor":42,"key":"SMITH"},{"data":"Shrug It Off","floor":47,"key":"SMITH"},{"data":"Shockwave","floor":49,"key":"SMITH"}],"neow_cost":"NONE","seed_source_timestamp":95128565137638,"circlet_count":0,"master_deck":["Strike_R+1","Defend_R","Defend_R","Defend_R","Defend_R+1","Bash","Dramatic Entrance","Clothesline+1","Cleave+1","Pommel Strike+1","Demon Form+1","True Grit+1","Regret","Heavy Blade+1","Shockwave+1","Limit Break+1","Shrug It Off+1"],"relics":["Burning Blood","Anchor","Cursed Key","Blood Vial","Mercury Hourglass","Sozu"],"potions_floor_usage":[27,29,29,44],"damage_taken":[{"damage":4,"enemies":"Small Slimes","floor":1,"turns":3},{"damage":7,"enemies":"Jaw Worm","floor":2,"turns":3},{"damage":0,"enemies":"Cultist","floor":7,"turns":3},{"damage":1,"enemies":"Looter","floor":10,"turns":3},{"damage":0,"enemies":"Lots of Slimes","floor":12,"turns":2},{"damage":1,"enemies":"Large Slime","floor":14,"turns":6},{"damage":61,"enemies":"The Guardian","floor":16,"turns":12},{"damage":0,"enemies":"Chosen","floor":18,"turns":4},{"damage":31,"enemies":"3 Byrds","floor":20,"turns":4},{"damage":17,"enemies":"Centurion and Healer","floor":21,"turns":6},{"damage":14,"enemies":"Snake Plant","floor":22,"turns":5},{"damage":12,"enemies":"3 Cultists","floor":24,"turns":4},{"damage":43,"enemies":"Sentry and Sphere","floor":27,"turns":12},{"damage":9,"enemies":"Snake Plant","floor":29,"turns":3},{"damage":8,"enemies":"Collector","floor":33,"turns":5},{"damage":16,"enemies":"3 Darklings","floor":35,"turns":4},{"damage":16,"enemies":"3 Shapes","floor":37,"turns":5},{"damage":29,"enemies":"Sphere and 2 Shapes","floor":38,"turns":4},{"damage":19,"enemies":"Maw","floor":39,"turns":6},{"damage":16,"enemies":"Spire Growth","floor":41,"turns":4},{"damage":27,"enemies":"Jaw Worm Horde","floor":44,"turns":4},{"damage":47,"enemies":"Time Eater","floor":50,"turns":8}],"seed_played":"-8062947013570757723","potions_obtained":[{"floor":7,"key":"PowerPotion"},{"floor":12,"key":"Energy Potion"},{"floor":14,"key":"Dexterity Potion"},{"floor":27,"key":"Explosive Potion"}],"is_trial":false,"path_per_floor":["M","M","?","?","?","R","M","R","T","M","$","M","$","M","R","B",null,"M","?","M","M","M","R","M","R","T","M","?","M","R","$","R","B",null,"M","?","M","M","M","R","M","R","T","M","?","?","R","?","R","B",null],"character_chosen":"IRONCLAD","items_purchased":[],"campfire_rested":4,"item_purchase_floors":[],"current_hp_per_floor":[80,79,72,56,80,80,80,80,80,80,80,80,80,80,80,25,80,80,80,55,44,36,36,30,54,54,19,19,18,42,42,66,66,80,70,70,62,41,30,54,46,46,46,27,70,70,70,70,70,29],"gold":240,"neow_bonus":"RANDOM_COLORLESS","is_prod":false,"is_daily":false,"chose_seed":false,"campfire_upgraded":7,"win_rate":0,"timestamp":1548401299,"path_taken":["M","M","?","?","?","R","M","R","T","?","$","?","$","M","R","BOSS","M","?","M","M","M","R","M","R","T","?","?","M","R","$","R","BOSS","M","?","M","M","?","R","M","R","T","M","?","?","R","?","R","BOSS"],"build_version":"2019-01-23","purchased_purges":3,"victory":true,"max_hp_per_floor":[80,80,80,80,80,80,80,80,80,80,80,80,80,80,80,80,80,80,80,80,80,80,80,80,80,80,80,80,80,80,80,80,80,80,80,80,80,80,80,80,80,80,80,80,70,70,70,70,70,70],"card_choices":[{"not_picked":["Anger","Body Slam"],"picked":"Dual Wield","floor":1},{"not_picked":["Flex","Warcry"],"picked":"Clothesline","floor":2},{"not_picked":["Searing Blow","Fire Breathing"],"picked":"Cleave","floor":7},{"not_picked":["Clothesline","Body Slam","Corruption"],"picked":"SKIP","floor":10},{"not_picked":["Headbutt","Seeing Red","Body Slam"],"picked":"SKIP","floor":12},{"not_picked":["Sword Boomerang","Thunderclap"],"picked":"Pommel Strike","floor":14},{"not_picked":["Dark Embrace","Limit Break"],"picked":"Demon Form","floor":16},{"not_picked":["Iron Wave","Anger+1"],"picked":"True Grit+1","floor":18},{"not_picked":["Twin Strike","Searing Blow+1"],"picked":"Ghostly Armor","floor":20},{"not_picked":["Flex","Headbutt","Blood for Blood"],"picked":"SKIP","floor":21},{"not_picked":["Wild Strike","Body Slam","Iron Wave"],"picked":"SKIP","floor":22},{"not_picked":["Havoc","Corruption+1","Iron Wave"],"picked":"SKIP","floor":24},{"not_picked":["Flex","Sword Boomerang"],"picked":"Heavy Blade+1","floor":27},{"not_picked":["Disarm","Battle Trance+1"],"picked":"Shockwave","floor":29},{"not_picked":["Demon Form","Exhume"],"picked":"Limit Break","floor":33},{"not_picked":["Body Slam+1","Flex+1","Twin Strike"],"picked":"SKIP","floor":35},{"not_picked":["Pommel Strike","Clothesline+1","Sword Boomerang+1"],"picked":"SKIP","floor":37},{"not_picked":["Searing Blow+1","Armaments","Wild Strike"],"picked":"SKIP","floor":38},{"not_picked":["Clothesline+1","Flex+1"],"picked":"Shrug It Off","floor":39},{"not_picked":["Dropkick+1","Flex+1","Sword Boomerang+1"],"picked":"SKIP","floor":41},{"not_picked":["Metallicize","Sentinel","Twin Strike"],"picked":"SKIP","floor":44}],"player_experience":271800,"relics_obtained":[{"floor":9,"key":"Anchor"},{"floor":26,"key":"Blood Vial"}],"event_choices":[{"cards_removed":["Strike_R"],"damage_healed":0,"gold_gain":0,"player_choice":"Card Removal","damage_taken":7,"max_hp_gain":0,"max_hp_loss":0,"event_name":"Golden Wing","floor":3,"gold_loss":0},{"damage_healed":0,"gold_gain":0,"player_choice":"Entered Light","damage_taken":16,"max_hp_gain":0,"max_hp_loss":0,"event_name":"Shining Light","floor":4,"gold_loss":0,"cards_upgraded":["Defend_R","Strike_R"]},{"damage_healed":26,"gold_gain":0,"player_choice":"Banana","damage_taken":0,"max_hp_gain":0,"max_hp_loss":0,"event_name":"Big Fish","floor":5,"gold_loss":0},{"cards_removed":["Dual Wield"],"damage_healed":0,"gold_gain":0,"player_choice":"Offered Uncommon","damage_taken":0,"max_hp_gain":0,"max_hp_loss":0,"event_name":"Bonfire Elementals","floor":19,"gold_loss":0},{"damage_healed":0,"gold_gain":0,"player_choice":"Obtained Relic","damage_taken":0,"relics_obtained":["Mercury Hourglass"],"max_hp_gain":0,"max_hp_loss":0,"event_name":"Addict","floor":28,"gold_loss":85},{"damage_healed":0,"gold_gain":0,"player_choice":"Ignored","damage_taken":0,"max_hp_gain":0,"max_hp_loss":0,"event_name":"SecretPortal","floor":36,"gold_loss":0},{"damage_healed":70,"gold_gain":0,"player_choice":"Heal","damage_taken":0,"max_hp_gain":0,"max_hp_loss":10,"event_name":"The Moai Head","floor":45,"gold_loss":0},{"cards_removed":["Ghostly Armor"],"damage_healed":0,"gold_gain":0,"player_choice":"Removed Skill","damage_taken":0,"max_hp_gain":0,"max_hp_loss":0,"event_name":"Falling","floor":46,"gold_loss":0},{"damage_healed":0,"gold_gain":0,"player_choice":"Memory 1","damage_taken":0,"max_hp_gain":0,"max_hp_loss":0,"event_name":"SensoryStone","floor":48,"gold_loss":0}],"is_beta":false,"boss_relics":[{"not_picked":["Eternal Feather","Black Star"],"picked":"Cursed Key"},{"not_picked":["Philosopher\u0027s Stone","Runic Cube"],"picked":"Sozu"}],"items_purged_floors":[11,13,31],"is_endless":false,"potions_floor_spawned":[7,12,14,22,24,27,41],"ascension_level":3}