{"gold_per_floor":[111,111,41,57,57,72,90,90,139,151,191,218,257,285,297,414,426,450,480,509,185,185,185,185],"floor_reached":24,"playtime":4606,"items_purged":[],"score":233,"play_id":"680e4055-a7a6-4e5f-b136-ab58d32f472d","local_time":"20190506215013","is_ascension_mode":false,"campfire_choices":[{"data":"Zap","floor":8,"key":"SMITH"},{"floor":15,"key":"REST"},{"floor":23,"key":"REST"}],"neow_cost":"NONE","seed_source_timestamp":0,"circlet_count":0,"master_deck":["Strike_B","Strike_B","Strike_B","Strike_B","Defend_B","Defend_B","Defend_B","Defend_B","Zap+1","Dualcast","Machine Learning","Beam Cell","Stack","Redo","Ball Lightning","Glacier","Gash","Rebound","Sweeping Beam","Thunder Strike","Capacitor","Hello World","Chaos","Blizzard","Go for the Eyes"],"special_seed":0,"relics":["FrozenCore","PreservedInsect","Matryoshka","MawBank","Happy Flower","Oddly Smooth Stone","Bag of Preparation","Mummified Hand"],"potions_floor_usage":[7,16,16],"damage_taken":[{"damage":10.0,"enemies":"Small Slimes","floor":1.0,"turns":4.0},{"damage":6.0,"enemies":"Jaw Worm","floor":4.0,"turns":3.0},{"damage":0,"enemies":"Cultist","floor":6,"turns":4},{"damage":6,"enemies":"2 Fungi Beasts","floor":7,"turns":2},{"damage":14,"enemies":"3 Sentries","floor":11,"turns":5},{"damage":11,"enemies":"Exordium Wildlife","floor":12,"turns":4},{"damage":0,"enemies":"Lagavulin","floor":13,"turns":4},{"damage":0,"enemies":"Exordium Thugs","floor":14,"turns":4},{"damage":9,"enemies":"Hexaghost","floor":16,"turns":9},{"damage":2,"enemies":"Shell Parasite","floor":18,"turns":8},{"damage":20,"enemies":"2 Thieves","floor":19,"turns":5},{"damage":33,"enemies":"Snake Plant","floor":20,"turns":5},{"damage":33,"enemies":"Gremlin Leader","floor":24,"turns":5}],"seed_played":"8608400199518704197","potions_obtained":[{"floor":4.0,"key":"LiquidBronze"},{"floor":6,"key":"Fire Potion"},{"floor":7,"key":"Strength Potion"},{"floor":12,"key":"EssenceOfSteel"},{"floor":19,"key":"Weak Potion"}],"is_trial":false,"path_per_floor":["M","?","?","M","?","M","M","R","T","$","E","M","E","M","R","B",null,"M","M","M","$","?","R","E"],"character_chosen":"DEFECT","items_purchased":["Mummified Hand","Blizzard","Go for the Eyes"],"campfire_rested":2,"item_purchase_floors":[21,21,21],"current_hp_per_floor":[65,65,65,59,47,47,41,41,41,41,27,16,16,16,38,29,75,73,53,20,20,6,30,0],"gold":185,"neow_bonus":"ONE_RANDOM_RARE_CARD","is_prod":false,"is_daily":false,"chose_seed":false,"campfire_upgraded":1,"win_rate":0.0,"timestamp":1557204613,"path_taken":["M","?","?","?","?","M","M","R","T","?","E","M","E","M","R","BOSS","M","M","M","$","?","R","E"],"build_version":"2019-01-23","purchased_purges":0,"victory":false,"max_hp_per_floor":[75,75,75,75,75,75,75,75,75,75,75,75,75,75,75,75,75,75,75,75,75,80,80,80],"card_choices":[{"not_picked":["Turbo","Redo"],"picked":"Beam Cell","floor":1.0},{"not_picked":["Rip and Tear","Beam Cell"],"picked":"Stack","floor":4.0},{"not_picked":["Compile Driver","Coolheaded"],"picked":"Redo","floor":6},{"not_picked":["Compile Driver","Go for the Eyes"],"picked":"Ball Lightning","floor":7},{"not_picked":["Storm","Buffer"],"picked":"Glacier","floor":11},{"not_picked":["Cold Snap","Glacier"],"picked":"Gash","floor":12},{"not_picked":["Compile Driver","Tempest"],"picked":"Rebound","floor":13},{"not_picked":["Compile Driver","Barrage"],"picked":"Sweeping Beam","floor":14},{"not_picked":["All For One","Seek"],"picked":"Thunder Strike","floor":16},{"not_picked":["Hologram+1","Glacier"],"picked":"Capacitor","floor":18},{"not_picked":["Hologram","Coolheaded"],"picked":"Hello World","floor":19},{"not_picked":["Reprogram","Compile Driver"],"picked":"Chaos","floor":20}],"player_experience":116721,"relics_obtained":[{"floor":9,"key":"MawBank"},{"floor":9,"key":"Happy Flower"},{"floor":11,"key":"Oddly Smooth Stone"},{"floor":13,"key":"Bag of Preparation"}],"event_choices":[{"damage_healed":0.0,"max_hp_gain":0.0,"max_hp_loss":0.0,"gold_gain":0.0,"event_name":"Shining Light","player_choice":"Ignored","floor":2.0,"gold_loss":0.0,"damage_taken":0.0},{"damage_healed":0.0,"max_hp_gain":0.0,"max_hp_loss":0.0,"gold_gain":0.0,"event_name":"WeMeetAgain","player_choice":"Paid Gold","floor":3.0,"gold_loss":70.0,"damage_taken":0.0,"relics_obtained":["PreservedInsect"]},{"damage_healed":0,"gold_gain":0,"player_choice":"Success","damage_taken":12,"relics_obtained":["Matryoshka"],"max_hp_gain":0,"max_hp_loss":0,"event_name":"Scrap Ooze","floor":5,"gold_loss":0},{"damage_healed":0,"gold_gain":0,"player_choice":"Shed Blood","damage_taken":19,"max_hp_gain":5,"max_hp_loss":0,"event_name":"Forgotten Altar","floor":22,"gold_loss":0}],"is_beta":false,"boss_relics":[{"not_picked":["Cursed Key","Busted Crown"],"picked":"FrozenCore"}],"items_purged_floors":[],"is_endless":false,"potions_floor_spawned":[4,6,7,12,19],"killed_by":"Gremlin Leader","ascension_level":0}