{"gold_per_floor":[213,288,288,305,285,285,285,285,332,302,322,322,336,365,365,461,461,445,445,319,319,333,333,333],"floor_reached":24,"playtime":1435,"items_purged":["Strike_R"],"score":262,"play_id":"ac1fc949-1dd5-4c8c-bb79-1e36e50a9e08","local_time":"20190322010024","is_ascension_mode":true,"campfire_choices":[{"data":"True Grit","floor":6,"key":"SMITH"},{"data":"Shockwave","floor":8,"key":"SMITH"},{"data":"Evolve","floor":12,"key":"SMITH"},{"floor":15,"key":"REST"},{"data":"Limit Break","floor":23,"key":"SMITH"}],"neow_cost":"NONE","seed_source_timestamp":696049640483593,"circlet_count":0,"master_deck":["Strike_R","Strike_R","Strike_R","Defend_R","Defend_R","Defend_R","Defend_R","Bash","Shockwave+1","Thunderclap","True Grit+1","Iron Wave","Evolve+1","Spot Weakness","Limit Break+1","Heavy Blade"],"relics":["Burning Blood","Bag of Marbles","Oddly Smooth Stone","Busted Crown","Paper Frog"],"potions_floor_usage":[22,24],"damage_taken":[{"damage":9,"enemies":"Jaw Worm","floor":1,"turns":4},{"damage":4,"enemies":"2 Louse","floor":4,"turns":3},{"damage":7,"enemies":"Cultist","floor":7,"turns":4},{"damage":6,"enemies":"Looter","floor":10,"turns":4},{"damage":11,"enemies":"Exordium Thugs","floor":11,"turns":5},{"damage":20,"enemies":"Lots of Slimes","floor":13,"turns":5},{"damage":27,"enemies":"Gremlin Nob","floor":14,"turns":4},{"damage":49,"enemies":"The Guardian","floor":16,"turns":17},{"damage":14,"enemies":"2 Thieves","floor":18,"turns":4},{"damage":24,"enemies":"3 Byrds","floor":22,"turns":6},{"damage":39,"enemies":"Slavers","floor":24,"turns":3}],"seed_played":"-5189534110283355498","potions_obtained":[{"floor":5,"key":"FairyPotion"},{"floor":11,"key":"LiquidBronze"},{"floor":13,"key":"Strength Potion"},{"floor":14,"key":"SteroidPotion"},{"floor":16,"key":"Weak Potion"},{"floor":19,"key":"Fire Potion"}],"is_trial":false,"path_per_floor":["M","?","?","M","?","R","M","R","T","M","M","R","M","E","R","B",null,"M","?","$","T","M","R","E"],"character_chosen":"IRONCLAD","items_purchased":["Heavy Blade"],"campfire_rested":1,"item_purchase_floors":[20],"current_hp_per_floor":[69,58,58,60,60,60,59,59,59,59,54,54,40,19,43,10,63,55,55,55,55,37,37,0],"gold":333,"neow_bonus":"HUNDRED_GOLD","is_prod":false,"is_daily":false,"chose_seed":false,"campfire_upgraded":4,"win_rate":0,"timestamp":1553234424,"path_taken":["M","?","?","M","?","R","M","R","T","M","?","R","M","E","R","BOSS","M","?","$","?","?","R","E"],"build_version":"2019-01-23","purchased_purges":1,"victory":false,"max_hp_per_floor":[80,80,80,80,80,80,80,80,80,80,80,80,80,80,80,80,80,80,80,80,80,80,80,80],"card_choices":[{"not_picked":["Thunderclap","Seeing Red"],"picked":"Shockwave","floor":1},{"not_picked":["Havoc","Thunderclap"],"picked":"True Grit","floor":4},{"not_picked":["Blood for Blood","Rupture"],"picked":"Iron Wave","floor":7},{"not_picked":["Body Slam","Second Wind"],"picked":"Evolve","floor":10},{"not_picked":["Sever Soul","Sword Boomerang","Reckless Charge"],"picked":"SKIP","floor":11},{"not_picked":["Cleave","Rupture"],"picked":"Spot Weakness","floor":13},{"not_picked":["Brutality","Corruption","Sever Soul"],"picked":"SKIP","floor":14},{"not_picked":["Exhume","Feed"],"picked":"Limit Break","floor":16},{"not_picked":["Anger+1"],"picked":"SKIP","floor":18},{"not_picked":["Havoc"],"picked":"SKIP","floor":22}],"player_experience":422081,"relics_obtained":[{"floor":9,"key":"Bag of Marbles"},{"floor":14,"key":"Oddly Smooth Stone"},{"floor":21,"key":"Paper Frog"}],"event_choices":[{"damage_healed":0,"gold_gain":75,"player_choice":"Gather Gold","damage_taken":11,"max_hp_gain":0,"max_hp_loss":0,"event_name":"World of Goop","floor":2,"gold_loss":0},{"damage_healed":0,"gold_gain":0,"cards_transformed":["Strike_R"],"player_choice":"Change","damage_taken":0,"max_hp_gain":0,"max_hp_loss":0,"event_name":"Living Wall","floor":3,"gold_loss":0,"cards_obtained":["Thunderclap"]},{"damage_healed":0,"gold_gain":0,"player_choice":"Bought 1 Potion","damage_taken":0,"max_hp_gain":0,"max_hp_loss":0,"event_name":"The Woman in Blue","floor":5,"gold_loss":0},{"damage_healed":0,"gold_gain":0,"player_choice":"Got Potions","damage_taken":0,"max_hp_gain":0,"max_hp_loss":0,"event_name":"Lab","floor":19,"gold_loss":0}],"is_beta":false,"boss_relics":[{"not_picked":["White Beast Statue","Orrery"],"picked":"Busted Crown"}],"items_purged_floors":[20],"is_endless":false,"potions_floor_spawned":[11,13,14,16,18],"killed_by":"Slavers","ascension_level":7}