{"gold_per_floor":[119,132,147,147,147,147,177,177,253,253,267,302,107,125,125,227,227,242,157,157,175,194,194,271,271,324,336,447,485,497,100,100,201,201,219,219,219,1218,1218,1218],"floor_reached":40,"playtime":682,"items_purged":["Strike_B","Strike_B"],"score":423,"play_id":"6711c6b1-24f4-4956-9edf-15575464b1f1","local_time":"20190426060016","is_ascension_mode":false,"campfire_choices":[{"data":"Zap","floor":6,"key":"SMITH"},{"data":"Dualcast","floor":8,"key":"SMITH"},{"data":"Hologram","floor":10,"key":"SMITH"},{"data":"Multi-Cast","floor":15,"key":"SMITH"},{"data":"Multi-Cast","floor":23,"key":"SMITH"},{"data":"Electrodynamics","floor":25,"key":"SMITH"},{"data":"Glacier","floor":27,"key":"SMITH"},{"data":"Ball Lightning","floor":30,"key":"SMITH"},{"data":"Ball Lightning","floor":32,"key":"SMITH"}],"neow_cost":"NONE","seed_source_timestamp":4567946621029,"circlet_count":0,"master_deck":["Strike_B+1","Strike_B+1","Defend_B","Defend_B+1","Defend_B+1","Defend_B","Zap+1","Dualcast+1","Ball Lightning+1","Hologram+1","Glacier+1","Ball Lightning","Ball Lightning+1","Multi-Cast+1","Electrodynamics+1","Multi-Cast+1","Coolheaded+1","Cold Snap","Consume+1","Coolheaded+1","Fission+1","Conserve Battery+1","Normality","Normality","Master of Strategy+1","Secret Technique+1","Impatience+1"],"relics":["Cracked Core","Dream Catcher","Odd Mushroom","Pear","War Paint","Velvet Choker","Toxic Egg 2","Question Card","MawBank","Shuriken","Cables","Nuclear Battery"],"potions_floor_usage":[12,33,33],"damage_taken":[{"damage":0,"enemies":"Cultist","floor":1,"turns":3},{"damage":1,"enemies":"Jaw Worm","floor":2,"turns":2},{"damage":0,"enemies":"Small Slimes","floor":3,"turns":2},{"damage":17,"enemies":"The Mushroom Lair","floor":7,"turns":4},{"damage":0,"enemies":"Looter","floor":11,"turns":3},{"damage":16,"enemies":"Lagavulin","floor":12,"turns":5},{"damage":0,"enemies":"2 Fungi Beasts","floor":14,"turns":2},{"damage":14,"enemies":"The Guardian","floor":16,"turns":12},{"damage":2,"enemies":"Chosen","floor":18,"turns":3},{"damage":0,"enemies":"3 Byrds","floor":21,"turns":1},{"damage":0,"enemies":"Snake Plant","floor":22,"turns":3},{"damage":17,"enemies":"Slavers","floor":29,"turns":3},{"damage":7,"enemies":"Collector","floor":33,"turns":8},{"damage":0,"enemies":"Orb Walker","floor":35,"turns":2},{"damage":95,"enemies":"Giant Head","floor":40,"turns":10}],"seed_played":"-8003005471546272857","potions_obtained":[{"floor":2,"key":"Strength Potion"},{"floor":3,"key":"PowerPotion"},{"floor":21,"key":"SteroidPotion"},{"floor":29,"key":"Energy Potion"},{"floor":35,"key":"Fire Potion"}],"is_trial":false,"path_per_floor":["M","M","M","?","?","R","?","R","T","R","M","E","$","M","R","B",null,"M","?","?","M","M","R","T","R","T","R","?","E","R","$","R","B",null,"M","?","?","?","?","E"],"character_chosen":"DEFECT","items_purchased":["Ball Lightning","Multi-Cast","Cables","Coolheaded+1"],"campfire_rested":0,"item_purchase_floors":[13,13,31,31],"current_hp_per_floor":[75,74,74,59,64,64,47,47,57,57,57,41,41,41,41,27,90,88,88,88,88,88,88,88,88,88,88,88,71,71,71,71,64,90,90,90,85,85,75,0],"gold":1218,"neow_bonus":"RANDOM_COMMON_RELIC","is_prod":false,"is_daily":false,"chose_seed":false,"campfire_upgraded":9,"win_rate":0,"timestamp":1556280016,"path_taken":["M","?","M","?","?","R","?","R","T","R","M","E","$","M","R","BOSS","M","?","?","?","M","R","?","R","T","R","?","E","R","$","R","BOSS","M","?","?","?","?","E"],"build_version":"2019-01-23","purchased_purges":2,"victory":false,"max_hp_per_floor":[75,75,75,75,80,80,80,80,90,90,90,90,90,90,90,90,90,90,90,90,90,90,90,90,90,90,90,90,90,90,90,90,90,90,90,90,85,85,85,85],"card_choices":[{"not_picked":["Gash","Static Discharge"],"picked":"Ball Lightning","floor":1},{"not_picked":["Coolheaded","Rip and Tear"],"picked":"Hologram","floor":2},{"not_picked":["Streamline","Steam","Sweeping Beam"],"picked":"SKIP","floor":3},{"not_picked":["White Noise","Coolheaded"],"picked":"Glacier","floor":7},{"not_picked":["Loop","Sunder"],"picked":"Ball Lightning","floor":11},{"not_picked":["Heatsinks","Reprogram","Rebound"],"picked":"SKIP","floor":12},{"not_picked":["Gash","Tempest"],"picked":"Electrodynamics","floor":14},{"not_picked":["Fission","Machine Learning"],"picked":"Multi-Cast","floor":16},{"not_picked":["Sweeping Beam","BootSequence","Scrape"],"picked":"SKIP","floor":18},{"not_picked":["Cold Snap","FTL"],"picked":"Coolheaded+1","floor":21},{"not_picked":["Gash","Capacitor"],"picked":"Cold Snap","floor":22},{"not_picked":["Amplify+1","Self Repair","Compile Driver"],"picked":"Consume+1","floor":29},{"not_picked":["Reboot+1","Meteor Strike","Biased Cognition"],"picked":"Fission+1","floor":33},{"not_picked":["Beam Cell","Heatsinks","Recycle+1"],"picked":"Conserve Battery+1","floor":35},{"not_picked":["Finesse+1","Dark Shackles+1","PanicButton+1"],"picked":"Master of Strategy+1","floor":39},{"not_picked":["Blind+1","Metamorphosis+1","Swift Strike"],"picked":"Secret Technique+1","floor":39},{"not_picked":["Jack Of All Trades+1","Purity+1","Madness+1"],"picked":"Impatience+1","floor":39}],"player_experience":1306777,"relics_obtained":[{"floor":7,"key":"Odd Mushroom"},{"floor":9,"key":"Pear"},{"floor":12,"key":"War Paint"},{"floor":24,"key":"Question Card"},{"floor":26,"key":"MawBank"},{"floor":29,"key":"Shuriken"}],"event_choices":[{"damage_healed":0,"gold_gain":0,"player_choice":"Entered Light","damage_taken":15,"max_hp_gain":0,"max_hp_loss":0,"event_name":"Shining Light","floor":4,"gold_loss":0,"cards_upgraded":["Strike_B","Strike_B"]},{"damage_healed":0,"gold_gain":0,"player_choice":"Donut","damage_taken":0,"max_hp_gain":5,"max_hp_loss":0,"event_name":"Big Fish","floor":5,"gold_loss":0},{"damage_healed":0,"gold_gain":0,"player_choice":"Fought Mushrooms","damage_taken":0,"max_hp_gain":0,"max_hp_loss":0,"event_name":"Mushrooms","floor":7,"gold_loss":0},{"damage_healed":0,"gold_gain":0,"player_choice":"Obtained Relic","damage_taken":0,"relics_obtained":["Toxic Egg 2"],"max_hp_gain":0,"max_hp_loss":0,"event_name":"Addict","floor":19,"gold_loss":85},{"damage_healed":0,"gold_gain":0,"player_choice":"Ignored","damage_taken":0,"max_hp_gain":0,"max_hp_loss":0,"event_name":"Vampires","floor":20,"gold_loss":0},{"damage_healed":0,"gold_gain":99,"player_choice":"Stole From Cult","damage_taken":0,"max_hp_gain":0,"max_hp_loss":0,"event_name":"Nest","floor":28,"gold_loss":0},{"damage_healed":0,"gold_gain":0,"player_choice":"Ignored","damage_taken":0,"max_hp_gain":0,"max_hp_loss":0,"event_name":"Mysterious Sphere","floor":36,"gold_loss":0},{"damage_healed":0,"gold_gain":0,"player_choice":"Max HP","damage_taken":0,"max_hp_gain":0,"max_hp_loss":5,"event_name":"Winding Halls","floor":37,"gold_loss":0},{"damage_healed":0,"gold_gain":999,"player_choice":"Gold","damage_taken":0,"max_hp_gain":0,"max_hp_loss":0,"event_name":"MindBloom","floor":38,"gold_loss":0,"cards_obtained":["Normality","Normality"]},{"damage_healed":0,"gold_gain":0,"player_choice":"Memory 3","damage_taken":10,"max_hp_gain":0,"max_hp_loss":0,"event_name":"SensoryStone","floor":39,"gold_loss":0}],"is_beta":false,"boss_relics":[{"not_picked":["Pandora\u0027s Box","Eternal Feather"],"picked":"Velvet Choker"},{"not_picked":["White Beast Statue","Tiny House"],"picked":"Nuclear Battery"}],"items_purged_floors":[13,31],"is_endless":false,"potions_floor_spawned":[2,3,21,29,35],"killed_by":"Giant Head","ascension_level":0}