{"gold_per_floor":[109,284,284,28,28,61,75,75,121,145,145,45,45,69,69,193,193,206,230,230,155,355,355,389,389,389,186,210,210,229,229,229,348,348,369,382,342,361,361,361,47,47,47,47,71,83,43,66,66,66],"floor_reached":50,"playtime":5301,"items_purged":["Doubt","Injury","Defend_G","Doppelganger"],"score":504,"play_id":"785babc6-b783-4dbe-972f-4c14b32b1671","local_time":"20190401211635","is_ascension_mode":false,"campfire_choices":[{"floor":11,"key":"REST"},{"floor":15,"key":"REST"},{"data":"Corpse Explosion","floor":23,"key":"SMITH"},{"floor":25,"key":"REST"},{"floor":29,"key":"REST"},{"floor":32,"key":"REST"},{"data":"Noxious Fumes","floor":40,"key":"SMITH"},{"data":"Mayhem","floor":42,"key":"SMITH"},{"data":"Finisher","floor":49,"key":"SMITH"}],"neow_cost":"NONE","seed_source_timestamp":534133195299600,"circlet_count":0,"master_deck":["Strike_G+1","Strike_G+1","Strike_G+1","Strike_G+1","Strike_G+1","Survivor+1","Neutralize+1","Finisher+1","Apotheosis+1","Masterful Stab+1","Poisoned Stab+1","Noxious Fumes+1","Corpse Explosion+1","Flying Knee+1","All Out Attack+1","Sucker Punch+1","Caltrops+1","Dagger Spray+1","Predator+1","Masterful Stab+1","Dagger Spray+1","Well Laid Plans+1","Blade Dance+1","Mayhem+1","Finisher+1"],"relics":["Ring of the Snake","Pen Nib","Golden Idol","Ancient Tea Set","Mercury Hourglass","Philosopher\u0027s Stone","MutagenicStrength","Regal Pillow","Dodecahedron","Empty Cage","Ninja Scroll","MawBank","Mark of the Bloom"],"potions_floor_usage":[6,33,33,37,38,38,50,50],"damage_taken":[{"damage":11,"enemies":"2 Louse","floor":1,"turns":3},{"damage":11,"enemies":"3 Sentries","floor":6,"turns":8},{"damage":0,"enemies":"Jaw Worm","floor":7,"turns":1},{"damage":0,"enemies":"Small Slimes","floor":10,"turns":3},{"damage":9,"enemies":"2 Fungi Beasts","floor":14,"turns":2},{"damage":16,"enemies":"Slime Boss","floor":16,"turns":3},{"damage":16,"enemies":"Shell Parasite","floor":18,"turns":3},{"damage":0,"enemies":"3 Byrds","floor":19,"turns":2},{"damage":47,"enemies":"Book of Stabbing","floor":24,"turns":5},{"damage":34,"enemies":"Centurion and Healer","floor":28,"turns":3},{"damage":22,"enemies":"Snecko","floor":30,"turns":3},{"damage":65,"enemies":"Champ","floor":33,"turns":8},{"damage":36,"enemies":"3 Darklings","floor":35,"turns":3},{"damage":12,"enemies":"3 Shapes","floor":36,"turns":1},{"damage":38,"enemies":"Maw","floor":38,"turns":5},{"damage":17,"enemies":"Spire Growth","floor":48,"turns":3},{"damage":69,"enemies":"Awakened One","floor":50,"turns":4}],"seed_played":"3374175460184762338","potions_obtained":[{"floor":1,"key":"Energy Potion"},{"floor":24,"key":"FearPotion"},{"floor":30,"key":"Fire Potion"},{"floor":35,"key":"Swift Potion"},{"floor":37,"key":"Fruit Juice"},{"floor":37,"key":"FairyPotion"},{"floor":37,"key":"Regen Potion"},{"floor":48,"key":"SpeedPotion"}],"is_trial":false,"path_per_floor":["M","?","?","$","?","E","M","?","T","M","R","$","?","M","R","B",null,"M","M","?","?","?","R","E","R","T","$","M","R","M","?","R","B",null,"M","M","?","M","?","R","$","R","T","?","T","?","$","M","R","B"],"character_chosen":"THE_SILENT","items_purchased":["Apotheosis","Caltrops","Mayhem","Poison Potion"],"campfire_rested":5,"item_purchase_floors":[4,27,41,47],"current_hp_per_floor":[66,66,51,51,51,40,40,40,40,40,63,63,63,54,77,61,77,61,61,61,61,61,61,14,52,52,52,18,56,34,34,72,7,77,41,29,34,10,72,72,72,72,72,72,72,72,72,55,55,0],"gold":66,"neow_bonus":"TEN_PERCENT_HP_BONUS","is_prod":false,"is_daily":false,"chose_seed":false,"campfire_upgraded":4,"win_rate":0.0,"timestamp":1554106595,"path_taken":["M","?","?","$","?","E","M","?","T","M","R","$","?","M","R","BOSS","M","?","?","?","?","R","E","R","T","$","M","R","?","?","R","BOSS","M","M","?","?","?","R","$","R","T","?","?","?","?","M","R","BOSS"],"build_version":"2019-01-23","purchased_purges":4,"victory":false,"max_hp_per_floor":[77,77,77,77,77,77,77,77,77,77,77,77,77,77,77,77,77,77,77,77,77,77,77,77,77,77,77,77,77,77,77,77,77,77,77,77,82,82,72,72,72,72,72,72,72,72,72,72,72,72],"card_choices":[{"not_picked":["Prepared","Noxious Fumes"],"picked":"Finisher","floor":1},{"not_picked":["Flechettes","Dodge and Roll"],"picked":"Masterful Stab","floor":6},{"not_picked":["Leg Sweep","Blade Dance"],"picked":"Caltrops","floor":7},{"not_picked":["Blade Dance","Dagger Throw"],"picked":"Poisoned Stab","floor":10},{"not_picked":["Flying Knee","Caltrops"],"picked":"Noxious Fumes","floor":14},{"not_picked":["After Image","Doppelganger"],"picked":"Corpse Explosion","floor":16},{"not_picked":["Dagger Throw+1","Dagger Spray"],"picked":"Flying Knee","floor":18},{"not_picked":["Backflip+1","Blade Dance+1"],"picked":"All Out Attack","floor":19},{"not_picked":["Underhanded Strike","Leg Sweep"],"picked":"Sucker Punch","floor":24},{"not_picked":["Slice","Crippling Poison"],"picked":"Dagger Spray","floor":28},{"not_picked":["Poisoned Stab","Dagger Throw"],"picked":"Predator","floor":30},{"not_picked":["Venomology","Malaise"],"picked":"Doppelganger","floor":33},{"not_picked":["Endless Agony","Riddle With Holes"],"picked":"Dagger Spray+1","floor":35},{"not_picked":["Acrobatics+1","Quick Slash"],"picked":"Well Laid Plans+1","floor":36},{"not_picked":["Dagger Spray","PiercingWail+1"],"picked":"Blade Dance+1","floor":38},{"not_picked":["Expertise+1","Masterful Stab+1"],"picked":"Finisher","floor":48}],"player_experience":2141,"relics_obtained":[{"floor":6,"key":"Pen Nib"},{"floor":9,"key":"Ancient Tea Set"},{"floor":24,"key":"Regal Pillow"},{"floor":26,"key":"Dodecahedron"},{"floor":43,"key":"Ninja Scroll"},{"floor":45,"key":"MawBank"}],"event_choices":[{"damage_healed":0,"gold_gain":175,"player_choice":"AGREE","damage_taken":0,"max_hp_gain":0,"max_hp_loss":0,"event_name":"Liars Game","floor":2,"gold_loss":0,"cards_obtained":["Doubt"]},{"damage_healed":0,"gold_gain":0,"player_choice":"Entered Light","damage_taken":15,"max_hp_gain":0,"max_hp_loss":0,"event_name":"Shining Light","floor":3,"gold_loss":0,"cards_upgraded":["Defend_G","Finisher"]},{"damage_healed":0,"gold_gain":0,"player_choice":"Grow","damage_taken":0,"max_hp_gain":0,"max_hp_loss":0,"event_name":"Living Wall","floor":5,"gold_loss":0,"cards_upgraded":["Apotheosis"]},{"damage_healed":0,"gold_gain":0,"player_choice":"Take Wound","damage_taken":0,"relics_obtained":["Golden Idol"],"max_hp_gain":0,"max_hp_loss":0,"event_name":"Golden Idol","floor":8,"gold_loss":0,"cards_obtained":["Injury"]},{"cards_removed":["Caltrops"],"damage_healed":0,"gold_gain":0,"player_choice":"Gave Card","damage_taken":0,"relics_obtained":["Mercury Hourglass"],"max_hp_gain":0,"max_hp_loss":0,"event_name":"WeMeetAgain","floor":13,"gold_loss":0},{"damage_healed":0,"gold_gain":0,"player_choice":"Inject Mutagens","damage_taken":0,"relics_obtained":["MutagenicStrength"],"max_hp_gain":0,"max_hp_loss":0,"event_name":"Drug Dealer","floor":20,"gold_loss":0},{"cards_removed":["Defend_G"],"damage_healed":0,"gold_gain":0,"player_choice":"Gave Gold","damage_taken":0,"max_hp_gain":0,"max_hp_loss":0,"event_name":"Beggar","floor":21,"gold_loss":75},{"damage_healed":0,"gold_gain":250,"player_choice":"Bet on Owner","damage_taken":0,"max_hp_gain":0,"max_hp_loss":0,"event_name":"The Joust","floor":22,"gold_loss":50},{"damage_healed":0,"gold_gain":0,"player_choice":"Read","damage_taken":0,"max_hp_gain":0,"max_hp_loss":0,"event_name":"The Library","floor":31,"gold_loss":0,"cards_obtained":["Masterful Stab"]},{"damage_healed":0,"gold_gain":0,"player_choice":"Bought 3 Potions","damage_taken":0,"max_hp_gain":0,"max_hp_loss":0,"event_name":"The Woman in Blue","floor":37,"gold_loss":0},{"damage_healed":72,"gold_gain":0,"player_choice":"Heal","damage_taken":0,"max_hp_gain":0,"max_hp_loss":10,"event_name":"The Moai Head","floor":39,"gold_loss":0},{"cards_removed":["Defend_G"],"damage_healed":0,"gold_gain":0,"player_choice":"Removed Skill","damage_taken":0,"max_hp_gain":0,"max_hp_loss":0,"event_name":"Falling","floor":44,"gold_loss":0},{"damage_healed":0,"gold_gain":0,"player_choice":"Upgrade","damage_taken":0,"relics_obtained":["Mark of the Bloom"],"max_hp_gain":0,"max_hp_loss":0,"event_name":"MindBloom","floor":46,"gold_loss":0,"cards_upgraded":["Strike_G","Strike_G","Strike_G","Strike_G","Strike_G","Survivor","Neutralize","Masterful Stab","Poisoned Stab","Flying Knee","All Out Attack","Sucker Punch","Caltrops","Dagger Spray","Predator","Masterful Stab"]}],"is_beta":false,"boss_relics":[{"not_picked":["Ring of the Serpent","Coffee Dripper"],"picked":"Philosopher\u0027s Stone"},{"not_picked":["Velvet Choker","Calling Bell"],"picked":"Empty Cage"}],"items_purged_floors":[4,12,27,41],"is_endless":false,"potions_floor_spawned":[1,24,30,35,48],"killed_by":"Awakened One","ascension_level":0}