{"gold_per_floor":[110,110,128,228,238,238,269,269,269,302,315,240,250,250,250,345,345,361,374,390,405,260,260,277,277],"floor_reached":25,"playtime":8312,"items_purged":["Strike_R","Strike_R"],"score":247,"play_id":"3b1fcd1f-fe32-4545-953c-81338c0b7d6f","local_time":"20190119212420","is_ascension_mode":true,"campfire_choices":[{"data":"Shrug It Off","floor":6,"key":"SMITH"},{"data":"Bash","floor":8,"key":"SMITH"},{"data":"Evolve","floor":15,"key":"SMITH"},{"data":"Demon Form","floor":23,"key":"SMITH"}],"neow_cost":"NONE","seed_source_timestamp":84763106821975,"circlet_count":0,"master_deck":["Strike_R","Strike_R","Strike_R","Defend_R","Defend_R","Defend_R","Defend_R","Bash+1","Blind","Shrug It Off+1","Cleave","Demon Form+1","Evolve+1","Limit Break","Pommel Strike","Shrug It Off"],"relics":["Burning Blood","Letter Opener","Vajra","Darkstone Periapt","Matryoshka","Strawberry","Mark of Pain"],"potions_floor_usage":[24],"damage_taken":[{"damage":10,"enemies":"Jaw Worm","floor":1,"turns":4},{"damage":2,"enemies":"2 Louse","floor":3,"turns":3},{"damage":0,"enemies":"Cultist","floor":5,"turns":3},{"damage":26,"enemies":"Lagavulin","floor":7,"turns":9},{"damage":14,"enemies":"3 Sentries","floor":10,"turns":8},{"damage":3,"enemies":"Blue Slaver","floor":11,"turns":3},{"damage":0,"enemies":"Lots of Slimes","floor":13,"turns":2},{"damage":27,"enemies":"Slime Boss","floor":16,"turns":7},{"damage":16,"enemies":"Chosen","floor":18,"turns":4},{"damage":2,"enemies":"Shell Parasite","floor":19,"turns":5},{"damage":24,"enemies":"Shelled Parasite and Fungi","floor":20,"turns":8},{"damage":30,"enemies":"Snake Plant","floor":21,"turns":6},{"damage":22,"enemies":"3 Cultists","floor":24,"turns":6},{"damage":25,"enemies":"Slavers","floor":25,"turns":1}],"seed_played":"7940045107963424835","potions_obtained":[{"floor":1,"key":"EssenceOfSteel"},{"floor":10,"key":"EssenceOfSteel"},{"floor":16,"key":"SkillPotion"},{"floor":19,"key":"Poison Potion"},{"floor":24,"key":"Block Potion"}],"is_trial":false,"path_per_floor":["M","?","M","?","M","R","E","R","T","E","M","$","M","?","R","B",null,"M","M","M","M","$","R","M","E"],"character_chosen":"IRONCLAD","items_purchased":["Shrug It Off"],"campfire_rested":0,"item_purchase_floors":[22],"current_hp_per_floor":[76,58,62,62,68,68,48,48,48,40,43,43,49,56,56,35,87,77,81,63,39,39,39,23,0],"gold":277,"neow_bonus":"RANDOM_COLORLESS","is_prod":false,"is_daily":false,"chose_seed":false,"campfire_upgraded":4,"win_rate":0,"timestamp":1547954660,"path_taken":["M","?","M","?","?","R","E","R","T","E","M","$","M","?","R","BOSS","M","M","?","?","$","R","M","E"],"build_version":"2019-01-17v2","purchased_purges":2,"victory":false,"max_hp_per_floor":[80,80,80,80,80,80,80,80,80,80,80,80,80,87,87,87,87,87,87,87,87,87,87,87,87],"card_choices":[{"not_picked":["Iron Wave","Warcry"],"picked":"Shrug It Off","floor":1},{"not_picked":["Clash","Flex"],"picked":"Cleave","floor":3},{"not_picked":["Havoc","Sword Boomerang","Second Wind"],"picked":"SKIP","floor":5},{"not_picked":["Fire Breathing","Body Slam","Thunderclap"],"picked":"SKIP","floor":7},{"not_picked":["Warcry","Twin Strike"],"picked":"Demon Form","floor":10},{"not_picked":["Clash","Thunderclap","Cleave"],"picked":"SKIP","floor":11},{"not_picked":["Thunderclap","Headbutt"],"picked":"Evolve","floor":13},{"not_picked":["Offering","Dark Embrace"],"picked":"Limit Break","floor":16},{"not_picked":["Wild Strike","Dropkick","Rupture+1"],"picked":"SKIP","floor":18},{"not_picked":["Anger+1","Uppercut"],"picked":"Pommel Strike","floor":19},{"not_picked":["Anger","Havoc","Bludgeon"],"picked":"SKIP","floor":20},{"not_picked":["Evolve","Iron Wave","Clothesline"],"picked":"SKIP","floor":21},{"not_picked":["Corruption","Fire Breathing","Body Slam+1"],"picked":"SKIP","floor":24}],"player_experience":234723,"relics_obtained":[{"floor":7,"key":"Vajra"},{"floor":9,"key":"Darkstone Periapt"},{"floor":10,"key":"Matryoshka"}],"event_choices":[{"damage_healed":0,"gold_gain":0,"player_choice":"Success","damage_taken":18,"relics_obtained":["Letter Opener"],"max_hp_gain":0,"max_hp_loss":0,"event_name":"Scrap Ooze","floor":2,"gold_loss":0},{"damage_healed":0,"gold_gain":100,"player_choice":"Gold","damage_taken":0,"max_hp_gain":0,"max_hp_loss":0,"event_name":"Wheel of Change","floor":4,"gold_loss":0},{"damage_healed":0,"gold_gain":0,"player_choice":"Gave Potion","damage_taken":0,"relics_obtained":["Strawberry"],"max_hp_gain":0,"max_hp_loss":0,"event_name":"WeMeetAgain","floor":14,"gold_loss":0}],"is_beta":false,"boss_relics":[{"not_picked":["Busted Crown","Black Blood"],"picked":"Mark of Pain"}],"items_purged_floors":[12,22],"is_endless":false,"potions_floor_spawned":[1,10,16,19,24],"killed_by":"Slavers","ascension_level":3}