{"gold_per_floor":[112,131,231,242,167,167,242,242,242,253,269,269,279,279,279,376,376,388,388,288,288,302,302,302,302,302,302,316,316,326],"floor_reached":30,"playtime":1526,"items_purged":["Strike_B","Strike_B"],"score":220,"play_id":"24c1ce32-4d64-4d42-a119-c95dede3c048","local_time":"20190111014856","is_ascension_mode":false,"campfire_choices":[{"data":"Cold Snap","floor":6,"key":"SMITH"},{"data":"Zap","floor":8,"key":"SMITH"},{"data":"Buffer","floor":15,"key":"SMITH"},{"data":"Chaos","floor":23,"key":"SMITH"},{"data":"Coolheaded","floor":25,"key":"SMITH"},{"data":"Machine Learning","floor":29,"key":"SMITH"}],"neow_cost":"NONE","seed_source_timestamp":71009226448272,"circlet_count":0,"master_deck":["Strike_B+1","Defend_B+1","Defend_B","Zap+1","Dualcast","Self Repair","Cold Snap+1","Buffer+1","Gash","Machine Learning+1","Coolheaded+1","Hyperbeam","Chaos+1","Heatsinks+1","Loop+1"],"relics":["Cracked Core","NeowsBlessing","Torii","Sozu","Frozen Egg 2"],"potions_floor_usage":[19,30],"damage_taken":[{"damage":0,"enemies":"Jaw Worm","floor":1,"turns":1},{"damage":0,"enemies":"Cultist","floor":2,"turns":1},{"damage":0,"enemies":"Small Slimes","floor":4,"turns":1},{"damage":0,"enemies":"Blue Slaver","floor":10,"turns":4},{"damage":2,"enemies":"Looter","floor":11,"turns":3},{"damage":6,"enemies":"Exordium Wildlife","floor":13,"turns":4},{"damage":21,"enemies":"Hexaghost","floor":16,"turns":12},{"damage":19,"enemies":"3 Byrds","floor":18,"turns":6},{"damage":7,"enemies":"Colosseum Slavers","floor":19,"turns":6},{"damage":0,"enemies":"Chosen","floor":22,"turns":5},{"damage":1,"enemies":"Snake Plant","floor":28,"turns":4},{"damage":28,"enemies":"Cultist and Chosen","floor":30,"turns":6}],"seed_played":"-6734295601810455593","potions_obtained":[{"floor":4,"key":"FocusPotion"},{"floor":10,"key":"FocusPotion"},{"floor":13,"key":"EssenceOfSteel"}],"is_trial":false,"path_per_floor":["M","M","?","M","$","R","?","R","T","M","M","?","M","?","R","B",null,"M","?","$","?","M","R","?","R","T","?","M","R","M"],"character_chosen":"DEFECT","items_purchased":[],"campfire_rested":0,"item_purchase_floors":[],"current_hp_per_floor":[75,75,75,75,75,75,64,64,64,71,75,68,69,54,54,40,75,63,63,63,63,70,70,56,56,56,56,62,62,41],"gold":326,"neow_bonus":"THREE_ENEMY_KILL","is_prod":false,"is_daily":false,"chose_seed":false,"campfire_upgraded":6,"win_rate":0,"timestamp":1547192936,"path_taken":["M","M","?","?","$","R","?","R","T","M","M","?","M","?","R","BOSS","M","?","$","?","M","R","?","R","T","?","M","R","M"],"build_version":"2019-01-10","purchased_purges":2,"victory":false,"max_hp_per_floor":[75,75,75,75,75,75,75,75,75,75,75,75,75,75,75,75,75,75,75,75,75,75,75,80,80,80,80,80,80,80],"card_choices":[{"not_picked":["Steam","Conserve Battery"],"picked":"Self Repair","floor":1},{"not_picked":["Force Field","Beam Cell"],"picked":"Cold Snap","floor":2},{"not_picked":["Double Energy","Hologram","Sweeping Beam"],"picked":"SKIP","floor":4},{"not_picked":["Steam","Streamline"],"picked":"Buffer","floor":10},{"not_picked":["FTL","Hello World","Reinforced Body"],"picked":"SKIP","floor":11},{"not_picked":["Sweeping Beam","Go for the Eyes"],"picked":"Gash","floor":13},{"not_picked":["Buffer","Thunder Strike"],"picked":"Machine Learning","floor":16},{"not_picked":["Beam Cell+1","Recycle"],"picked":"Coolheaded","floor":18},{"not_picked":["Steam Power","Beam Cell","Undo+1"],"picked":"SKIP","floor":22},{"not_picked":["Cold Snap","BootSequence+1"],"picked":"Heatsinks+1","floor":28},{"not_picked":["Stack","Coolheaded"],"picked":"Loop+1","floor":30}],"player_experience":207295,"relics_obtained":[{"floor":9,"key":"Torii"},{"floor":26,"key":"Frozen Egg 2"}],"event_choices":[{"damage_healed":0,"gold_gain":100,"player_choice":"Pray","damage_taken":0,"max_hp_gain":0,"max_hp_loss":0,"event_name":"Golden Shrine","floor":3,"gold_loss":0},{"damage_healed":0,"gold_gain":75,"player_choice":"Gather Gold","damage_taken":11,"max_hp_gain":0,"max_hp_loss":0,"event_name":"World of Goop","floor":7,"gold_loss":0},{"cards_removed":["Strike_B"],"damage_healed":0,"gold_gain":0,"player_choice":"Card Removal","damage_taken":7,"max_hp_gain":0,"max_hp_loss":0,"event_name":"Golden Wing","floor":12,"gold_loss":0},{"damage_healed":0,"gold_gain":0,"player_choice":"Entered Light","damage_taken":15,"max_hp_gain":0,"max_hp_loss":0,"event_name":"Shining Light","floor":14,"gold_loss":0,"cards_upgraded":["Defend_B","Strike_B"]},{"damage_healed":0,"gold_gain":0,"player_choice":"Fight","damage_taken":0,"max_hp_gain":0,"max_hp_loss":0,"event_name":"Colosseum","floor":19,"gold_loss":0},{"damage_healed":0,"gold_gain":0,"player_choice":"Fled From Nobs","damage_taken":0,"max_hp_gain":0,"max_hp_loss":0,"event_name":"Colosseum","floor":19,"gold_loss":0},{"damage_healed":0,"gold_gain":0,"cards_transformed":["Defend_B","Defend_B"],"player_choice":"Became Test Subject","damage_taken":0,"max_hp_gain":0,"max_hp_loss":0,"event_name":"Drug Dealer","floor":21,"gold_loss":0,"cards_obtained":["Hyperbeam","Chaos"]},{"damage_healed":0,"gold_gain":0,"player_choice":"Shed Blood","damage_taken":19,"max_hp_gain":5,"max_hp_loss":0,"event_name":"Forgotten Altar","floor":24,"gold_loss":0},{"damage_healed":0,"gold_gain":0,"player_choice":"Ignored","damage_taken":0,"max_hp_gain":0,"max_hp_loss":0,"event_name":"Ghosts","floor":27,"gold_loss":0}],"is_beta":false,"boss_relics":[{"not_picked":["Busted Crown","Runic Dome"],"picked":"Sozu"}],"items_purged_floors":[5,20],"is_endless":false,"potions_floor_spawned":[4,10,13,19,22],"killed_by":"Cultist and Chosen","ascension_level":0}