{"gold_per_floor":[115,115,125,125,56,56,82,98,122,153,163,163,193,219,231,347,359,383,411,423],"floor_reached":20,"playtime":1207,"items_purged":[],"score":296,"play_id":"c3e0ec58-3c0d-4517-a8fb-c13937dfc331","local_time":"20190504222347","is_ascension_mode":true,"campfire_choices":[{"data":"Bash","floor":6,"key":"SMITH"},{"floor":15,"key":"REST"}],"neow_cost":"NONE","seed_source_timestamp":696212837023138,"circlet_count":0,"master_deck":["Strike_R","Strike_R","Strike_R","Strike_R","Defend_R","Defend_R","Defend_R","Defend_R","Bash+1","Evolve","Pommel Strike","Heavy Blade","Rampage","Shockwave","Pommel Strike","Demon Form","Perfected Strike+1","Twin Strike"],"relics":["Burning Blood","NeowsBlessing","Bag of Preparation","Singing Bowl","Happy Flower","Centennial Puzzle","NlothsMask","MawBank","Black Star"],"potions_floor_usage":[16,19,20],"damage_taken":[{"damage":0,"enemies":"Jaw Worm","floor":1,"turns":1},{"damage":0,"enemies":"Cultist","floor":3,"turns":1},{"damage":0,"enemies":"Lagavulin","floor":7,"turns":1},{"damage":5,"enemies":"Small Slimes","floor":8,"turns":3},{"damage":16,"enemies":"Gremlin Nob","floor":10,"turns":3},{"damage":12,"enemies":"Red Slaver","floor":11,"turns":4},{"damage":30,"enemies":"3 Sentries","floor":13,"turns":8},{"damage":7,"enemies":"Looter","floor":14,"turns":3},{"damage":59,"enemies":"The Guardian","floor":16,"turns":12},{"damage":50,"enemies":"Shell Parasite","floor":18,"turns":8},{"damage":19,"enemies":"Spheric Guardian","floor":19,"turns":5},{"damage":25,"enemies":"Cultist and Chosen","floor":20,"turns":5}],"seed_played":"8341073084920144723","potions_obtained":[{"floor":1,"key":"BloodPotion"},{"floor":3,"key":"Fire Potion"},{"floor":11,"key":"Dexterity Potion"},{"floor":13,"key":"Dexterity Potion"},{"floor":19,"key":"Poison Potion"}],"is_trial":false,"path_per_floor":["M","?","M","?","$","R","E","M","T","E","M","?","E","M","R","B",null,"M","M","M"],"character_chosen":"IRONCLAD","items_purchased":["Rampage"],"campfire_rested":1,"item_purchase_floors":[5],"current_hp_per_floor":[78,78,80,80,80,80,82,84,84,76,72,72,48,47,73,20,71,27,14,0],"gold":423,"neow_bonus":"THREE_ENEMY_KILL","is_prod":false,"is_daily":false,"chose_seed":false,"campfire_upgraded":1,"win_rate":0,"timestamp":1557026627,"path_taken":["M","?","?","?","$","R","E","M","T","E","?","?","E","M","R","BOSS","M","M","?"],"build_version":"2019-01-23","purchased_purges":0,"victory":false,"max_hp_per_floor":[80,80,80,80,80,80,82,84,84,86,88,88,88,88,88,88,88,88,88,88],"card_choices":[{"not_picked":["Infernal Blade","Headbutt"],"picked":"Evolve","floor":1},{"not_picked":["Clothesline","Flame Barrier"],"picked":"Pommel Strike","floor":3},{"not_picked":["Havoc","Fire Breathing","Twin Strike"],"picked":"Singing Bowl","floor":7},{"not_picked":["Seeing Red","Flex","Sever Soul"],"picked":"Singing Bowl","floor":8},{"not_picked":["Juggernaut","Sword Boomerang","Heavy Blade"],"picked":"Singing Bowl","floor":10},{"not_picked":["Intimidate","Armaments","Clash"],"picked":"Singing Bowl","floor":11},{"not_picked":["Thunderclap","Body Slam"],"picked":"Shockwave","floor":13},{"not_picked":["Anger","Thunderclap"],"picked":"Pommel Strike","floor":14},{"not_picked":["Impervious","Exhume"],"picked":"Demon Form","floor":16},{"not_picked":["Warcry","Anger"],"picked":"Perfected Strike+1","floor":18},{"not_picked":["Thunderclap","Sever Soul"],"picked":"Twin Strike","floor":19}],"player_experience":587170,"relics_obtained":[{"floor":7,"key":"Singing Bowl"},{"floor":9,"key":"Happy Flower"},{"floor":10,"key":"Centennial Puzzle"},{"floor":13,"key":"MawBank"}],"event_choices":[{"damage_healed":0,"gold_gain":0,"player_choice":"Gave Potion","damage_taken":0,"relics_obtained":["Bag of Preparation"],"max_hp_gain":0,"max_hp_loss":0,"event_name":"WeMeetAgain","floor":2,"gold_loss":0},{"damage_healed":0,"gold_gain":0,"cards_transformed":["Strike_R"],"player_choice":"Transformed","damage_taken":0,"max_hp_gain":0,"max_hp_loss":0,"event_name":"Transmorgrifier","floor":4,"gold_loss":0,"cards_obtained":["Heavy Blade"]},{"damage_healed":0,"gold_gain":0,"player_choice":"Trade","damage_taken":0,"relics_obtained":["NlothsMask"],"max_hp_gain":0,"max_hp_loss":0,"event_name":"FaceTrader","floor":12,"gold_loss":0}],"is_beta":false,"boss_relics":[{"not_picked":["Coffee Dripper","Eternal Feather"],"picked":"Black Star"}],"items_purged_floors":[],"is_endless":false,"potions_floor_spawned":[1,3,11,13,19],"killed_by":"Cultist and Chosen","ascension_level":7}