{"gold_per_floor":[110,42,117,134,41,59,36,36,36,36,36,70,70,85,85,185,185,199,199,199,226,101,201,201,218,218,168,186,186,211,231,231,231],"floor_reached":33,"playtime":1999,"items_purged":["Strike_B","Strike_B"],"score":265,"play_id":"17419e39-5e04-499f-9363-b4b1ff7feae4","local_time":"20190219234722","is_ascension_mode":true,"campfire_choices":[{"data":"Defragment","floor":8,"key":"SMITH"},{"data":"Cold Snap","floor":10,"key":"SMITH"},{"floor":13,"key":"REST"},{"data":"Machine Learning","floor":15,"key":"SMITH"},{"data":"Defragment","floor":24,"key":"SMITH"},{"data":"Biased Cognition","floor":32,"key":"SMITH"}],"neow_cost":"NONE","seed_source_timestamp":100478717647128,"circlet_count":0,"master_deck":["Defend_B+1","Defend_B+1","Defend_B","Defend_B","Zap","Dualcast","Machine Learning+1","Leap","Blizzard","Turbo","Defragment+1","Leap","Cold Snap+1","Conserve Battery","Biased Cognition+1","Cold Snap","Defragment+1","Glacier","Coolheaded","Redo"],"relics":["Cracked Core","Matryoshka","War Paint","Strawberry","Velvet Choker","Enchiridion","Juzu Bracelet","Smiling Mask","Regal Pillow","Mummified Hand","Red Mask"],"potions_floor_usage":[16,16,30],"damage_taken":[{"damage":2,"enemies":"Jaw Worm","floor":1,"turns":3},{"damage":0,"enemies":"Cultist","floor":4,"turns":4},{"damage":0,"enemies":"2 Louse","floor":6,"turns":3},{"damage":15,"enemies":"3 Sentries","floor":12,"turns":7},{"damage":2,"enemies":"Blue Slaver","floor":14,"turns":4},{"damage":45,"enemies":"Slime Boss","floor":16,"turns":11},{"damage":6,"enemies":"Spheric Guardian","floor":18,"turns":5},{"damage":0,"enemies":"Shell Parasite","floor":25,"turns":5},{"damage":0,"enemies":"3 Cultists","floor":28,"turns":5},{"damage":8,"enemies":"Masked Bandits","floor":30,"turns":6},{"damage":8,"enemies":"Snake Plant","floor":31,"turns":5},{"damage":10,"enemies":"Automaton","floor":33,"turns":7}],"seed_played":"5083017107051313208","potions_obtained":[{"floor":1,"key":"Poison Potion"},{"floor":12,"key":"PowerPotion"},{"floor":14,"key":"AttackPotion"},{"floor":28,"key":"Explosive Potion"},{"floor":31,"key":"AttackPotion"}],"is_trial":false,"path_per_floor":["M","$","?","M","$","M","$","R","T","R","?","E","R","M","R","B",null,"M","?","?","T","$","?","R","M","T","$","M","?","?","M","R","B"],"character_chosen":"DEFECT","items_purchased":["Blizzard","Defragment","Leap","Conserve Battery","Glacier"],"campfire_rested":1,"item_purchase_floors":[2,5,5,7,22],"current_hp_per_floor":[73,73,66,66,66,66,66,66,66,66,41,33,57,55,55,10,82,76,76,60,60,60,60,60,60,60,60,60,60,52,44,44,34],"gold":231,"neow_bonus":"TRANSFORM_CARD","is_prod":false,"is_daily":false,"chose_seed":false,"campfire_upgraded":5,"win_rate":0,"timestamp":1550641642,"path_taken":["M","$","?","M","$","?","?","R","T","R","?","E","R","M","R","BOSS","M","?","?","?","$","?","R","M","T","$","M","?","?","M","R","BOSS"],"build_version":"2019-01-23","purchased_purges":2,"victory":false,"max_hp_per_floor":[75,75,75,75,75,75,75,75,75,75,75,82,82,82,82,82,82,82,82,82,82,82,82,82,82,82,82,82,82,82,82,82,82],"card_choices":[{"not_picked":["Auto Shields","Barrage"],"picked":"Leap","floor":1},{"not_picked":["Beam Cell","Hologram"],"picked":"Turbo","floor":4},{"not_picked":["Stack","Steam"],"picked":"Cold Snap","floor":6},{"not_picked":["Turbo","Genetic Algorithm","Go for the Eyes"],"picked":"SKIP","floor":12},{"not_picked":["Fusion","Beam Cell","Storm"],"picked":"SKIP","floor":14},{"not_picked":["All For One","Multi-Cast"],"picked":"Biased Cognition","floor":16},{"not_picked":["Rip and Tear","Hello World"],"picked":"Cold Snap","floor":18},{"not_picked":["Lockon+1","Conserve Battery"],"picked":"Coolheaded","floor":25},{"not_picked":["Skim","Barrage","Doom and Gloom"],"picked":"SKIP","floor":28},{"not_picked":["Turbo","Blizzard"],"picked":"Redo","floor":30},{"not_picked":["Compile Driver+1","Aggregate","Conserve Battery"],"picked":"SKIP","floor":31}],"player_experience":387744,"relics_obtained":[{"floor":9,"key":"Matryoshka"},{"floor":12,"key":"Strawberry"},{"floor":20,"key":"Enchiridion"},{"floor":21,"key":"Juzu Bracelet"},{"floor":21,"key":"Smiling Mask"},{"floor":26,"key":"Regal Pillow"},{"floor":26,"key":"Mummified Hand"},{"floor":30,"key":"Red Mask"}],"event_choices":[{"damage_healed":0,"gold_gain":75,"player_choice":"Touch","damage_taken":7,"max_hp_gain":0,"max_hp_loss":0,"event_name":"FaceTrader","floor":3,"gold_loss":0},{"damage_healed":0,"gold_gain":0,"player_choice":"Success","damage_taken":25,"relics_obtained":["War Paint"],"max_hp_gain":0,"max_hp_loss":0,"event_name":"Scrap Ooze","floor":11,"gold_loss":0},{"damage_healed":0,"gold_gain":0,"player_choice":"Read","damage_taken":0,"max_hp_gain":0,"max_hp_loss":0,"event_name":"The Library","floor":19,"gold_loss":0,"cards_obtained":["Defragment"]},{"damage_healed":0,"gold_gain":0,"player_choice":"Obtained Book","damage_taken":16,"max_hp_gain":0,"max_hp_loss":0,"event_name":"Cursed Tome","floor":20,"gold_loss":0},{"damage_healed":0,"gold_gain":100,"player_choice":"Pray","damage_taken":0,"max_hp_gain":0,"max_hp_loss":0,"event_name":"Golden Shrine","floor":23,"gold_loss":0},{"cards_removed":["Strike_B"],"damage_healed":0,"gold_gain":0,"player_choice":"Purged","damage_taken":0,"max_hp_gain":0,"max_hp_loss":0,"event_name":"Purifier","floor":29,"gold_loss":0},{"damage_healed":0,"gold_gain":0,"player_choice":"Fought Bandits","damage_taken":0,"max_hp_gain":0,"max_hp_loss":0,"event_name":"Masked Bandits","floor":30,"gold_loss":0}],"is_beta":false,"boss_relics":[{"not_picked":["Astrolabe","Calling Bell"],"picked":"Velvet Choker"}],"items_purged_floors":[22,27],"is_endless":false,"potions_floor_spawned":[1,12,14,28,31],"killed_by":"Automaton","ascension_level":2}