{"gold_per_floor":[111,36,56,56,56,56,73,104,104,104,104,137,20,95,95,95],"floor_reached":16,"playtime":314,"items_purged":["Strike_R","Strike_R"],"score":111,"play_id":"d3871c5b-4d87-4249-86f8-dc787875de9b","local_time":"20190507171309","is_ascension_mode":true,"campfire_choices":[{"data":"Heavy Blade","floor":6,"key":"SMITH"},{"floor":10,"key":"REST"},{"floor":15,"key":"REST"}],"neow_cost":"NONE","seed_source_timestamp":12057516382710,"circlet_count":0,"master_deck":["Strike_R","Strike_R","Strike_R+1","Defend_R","Defend_R","Defend_R+1","Defend_R","Bash","Heavy Blade+1","Flex","Carnage","Clothesline","Limit Break","Heavy Blade"],"relics":["Burning Blood","NeowsBlessing","Juzu Bracelet","Darkstone Periapt","The Courier","Matryoshka","Singing Bowl"],"potions_floor_usage":[12],"damage_taken":[{"damage":0,"enemies":"2 Louse","floor":1,"turns":1},{"damage":0,"enemies":"Jaw Worm","floor":3,"turns":1},{"damage":0,"enemies":"Small Slimes","floor":7,"turns":1},{"damage":52,"enemies":"Lagavulin","floor":8,"turns":7},{"damage":10,"enemies":"3 Sentries","floor":12,"turns":4},{"damage":57,"enemies":"Slime Boss","floor":16,"turns":9}],"seed_played":"6224491414743612192","potions_obtained":[{"floor":7,"key":"Explosive Potion"},{"floor":8,"key":"GamblersBrew"}],"is_trial":false,"path_per_floor":["M","$","M","?","T","R","M","E","T","R","?","E","$","?","R","B"],"character_chosen":"IRONCLAD","items_purchased":["Heavy Blade"],"campfire_rested":2,"item_purchase_floors":[13],"current_hp_per_floor":[80,80,80,64,64,64,70,24,24,48,45,41,41,30,54,0],"gold":95,"neow_bonus":"THREE_ENEMY_KILL","is_prod":false,"is_daily":false,"chose_seed":false,"campfire_upgraded":1,"win_rate":0,"timestamp":1557241989,"path_taken":["M","$","M","?","?","R","M","E","T","R","?","E","$","?","R","BOSS"],"build_version":"2019-01-23","purchased_purges":2,"victory":false,"max_hp_per_floor":[80,80,80,80,80,80,80,80,80,80,80,80,80,80,80,80],"card_choices":[{"not_picked":["Flex","Infernal Blade"],"picked":"Heavy Blade","floor":1},{"not_picked":["Sentinel","Dropkick"],"picked":"Flex","floor":3},{"not_picked":["Anger","Body Slam"],"picked":"Carnage","floor":7},{"not_picked":["Searing Blow","Bloodletting"],"picked":"Clothesline","floor":8},{"not_picked":["Iron Wave","Rampage"],"picked":"Limit Break","floor":12}],"player_experience":278278,"relics_obtained":[{"floor":5,"key":"Juzu Bracelet"},{"floor":8,"key":"Darkstone Periapt"},{"floor":9,"key":"The Courier"},{"floor":12,"key":"Singing Bowl"}],"event_choices":[{"damage_healed":0,"gold_gain":0,"player_choice":"Entered Light","damage_taken":16,"max_hp_gain":0,"max_hp_loss":0,"event_name":"Shining Light","floor":4,"gold_loss":0,"cards_upgraded":["Defend_R","Strike_R"]},{"damage_healed":0,"gold_gain":0,"player_choice":"Success","damage_taken":3,"relics_obtained":["Matryoshka"],"max_hp_gain":0,"max_hp_loss":0,"event_name":"Scrap Ooze","floor":11,"gold_loss":0},{"damage_healed":0,"gold_gain":75,"player_choice":"Gather Gold","damage_taken":11,"max_hp_gain":0,"max_hp_loss":0,"event_name":"World of Goop","floor":14,"gold_loss":0}],"is_beta":false,"boss_relics":[],"items_purged_floors":[2,13],"is_endless":false,"potions_floor_spawned":[7,8],"killed_by":"Slime Boss","ascension_level":1}