{"gold_per_floor":[99,99,99,99,99,99,99,99,99,99,99,99,99,99,99,99],"floor_reached":16,"playtime":598,"items_purged":[],"score":198,"play_id":"4ebed37f-7d38-49c1-8d6a-c1c32fd90555","local_time":"20190503191714","is_ascension_mode":true,"campfire_choices":[{"data":"Bouncing Flask","floor":6,"key":"SMITH"},{"data":"Cloak And Dagger","floor":8,"key":"SMITH"},{"data":"Masterful Stab","floor":11,"key":"SMITH"},{"floor":15,"key":"REST"}],"neow_cost":"NONE","seed_source_timestamp":33777804011222,"circlet_count":0,"master_deck":["AscendersBane","Defend_G","Defend_G","Defend_G","Defend_G","Defend_G","Strike_G","Strike_G","Strike_G","Strike_G","Strike_G","Survivor","Neutralize","Bouncing Flask+1","Cloak And Dagger+1","Masterful Stab+1","Acrobatics","Blur","Calculated Gamble","Well Laid Plans+1"],"relics":["Ectoplasm","Golden Idol","Lantern","Frozen Egg 2"],"potions_floor_usage":[2,12,16],"damage_taken":[{"damage":15,"enemies":"Jaw Worm","floor":1,"turns":8},{"damage":8,"enemies":"2 Louse","floor":2,"turns":3},{"damage":4,"enemies":"Small Slimes","floor":3,"turns":4},{"damage":0,"enemies":"2 Fungi Beasts","floor":5,"turns":3},{"damage":4,"enemies":"Blue Slaver","floor":10,"turns":3},{"damage":8,"enemies":"Gremlin Nob","floor":12,"turns":3},{"damage":0,"enemies":"Exordium Wildlife","floor":13,"turns":2},{"damage":3,"enemies":"Red Slaver","floor":14,"turns":2},{"damage":33,"enemies":"Slime Boss","floor":16,"turns":6}],"seed_played":"3580807070645100241","potions_obtained":[{"floor":1,"key":"Poison Potion"},{"floor":5,"key":"AttackPotion"},{"floor":14,"key":"AttackPotion"}],"is_trial":false,"path_per_floor":["M","M","M","?","M","R","?","R","T","M","R","E","M","M","R","B"],"character_chosen":"THE_SILENT","items_purchased":[],"campfire_rested":1,"item_purchase_floors":[],"current_hp_per_floor":[44,36,32,32,32,32,32,32,32,28,28,20,20,17,35,2],"gold":99,"neow_bonus":"BOSS_RELIC","is_prod":false,"is_daily":false,"chose_seed":false,"campfire_upgraded":3,"win_rate":0,"timestamp":1556878634,"path_taken":["M","M","M","?","M","R","?","R","T","M","R","E","M","M","R","BOSS"],"build_version":"2019-01-23","purchased_purges":0,"victory":false,"max_hp_per_floor":[66,66,66,66,66,66,60,60,60,60,60,60,60,60,60,60],"card_choices":[{"not_picked":["Reflex","Backflip"],"picked":"Bouncing Flask","floor":1},{"not_picked":["Dodge and Roll","Eviscerate"],"picked":"Cloak And Dagger","floor":2},{"not_picked":["Heel Hook","PiercingWail"],"picked":"Masterful Stab","floor":3},{"not_picked":["Deflect","Underhanded Strike"],"picked":"Acrobatics","floor":5},{"not_picked":["Dagger Spray","Dagger Throw","Flechettes"],"picked":"SKIP","floor":10},{"not_picked":["Slice","Dash"],"picked":"Blur","floor":12},{"not_picked":["Outmaneuver","Quick Slash"],"picked":"Calculated Gamble","floor":13},{"not_picked":["Tools of the Trade+1","Quick Slash"],"picked":"Well Laid Plans+1","floor":14}],"player_experience":745401,"relics_obtained":[{"floor":9,"key":"Lantern"},{"floor":12,"key":"Frozen Egg 2"}],"event_choices":[{"damage_healed":0,"gold_gain":0,"player_choice":"Ignored","damage_taken":0,"max_hp_gain":0,"max_hp_loss":0,"event_name":"Liars Game","floor":4,"gold_loss":0},{"damage_healed":0,"gold_gain":0,"player_choice":"Lose Max HP","damage_taken":0,"relics_obtained":["Golden Idol"],"max_hp_gain":0,"max_hp_loss":6,"event_name":"Golden Idol","floor":7,"gold_loss":0}],"is_beta":false,"boss_relics":[],"items_purged_floors":[],"is_endless":false,"potions_floor_spawned":[1,5,14],"killed_by":"Slime Boss","ascension_level":18}