{"gold_per_floor":[119,119,119,44,63,63,77,91,91,91,104,104,121,121,121,224,224,243,143,158,158,176,176,210,210,210,210,210,230,249,349,349,448,448,464,512,532,532,577,373,373,393,439,439,289,289,289,301,301,301],"floor_reached":51,"playtime":999,"items_purged":["Defend_R","Defend_R","Defend_R","Strike_R"],"score":732,"play_id":"0539be88-6b95-42c9-a34d-fdf5af81e876","local_time":"20190429212803","is_ascension_mode":false,"campfire_choices":[{"data":"Flex","floor":6.0,"key":"SMITH"},{"data":"Flex","floor":10.0,"key":"SMITH"},{"data":"Flex","floor":12.0,"key":"SMITH"},{"data":"Limit Break","floor":15.0,"key":"SMITH"},{"data":"Limit Break","floor":23.0,"key":"SMITH"},{"data":"Limit Break","floor":25.0,"key":"SMITH"},{"data":"Bash","floor":28.0,"key":"SMITH"},{"data":"Clash","floor":32.0,"key":"SMITH"},{"data":"Clash","floor":44.0,"key":"SMITH"},{"data":"Clash","floor":46.0,"key":"SMITH"},{"data":"Trip","floor":49,"key":"SMITH"}],"neow_cost":"NONE","seed_source_timestamp":11985680545160,"circlet_count":0,"master_deck":["Strike_R","Bash+1","Twin Strike","Flex+1","Flex+1","Flex+1","Clash+1","Limit Break+1","Limit Break+1","Clash+1","Limit Break+1","Clash+1","Battle Trance+1","Trip+1"],"special_seed":0,"relics":["Burning Blood","Anchor","Pantograph","Coffee Dripper","Blue Candle","Pear","Art of War","Empty Cage","PreservedInsect","StoneCalendar","Strawberry"],"potions_floor_usage":[50,50],"damage_taken":[{"damage":2.0,"enemies":"Small Slimes","floor":1.0,"turns":6.0},{"damage":1.0,"enemies":"Cultist","floor":5.0,"turns":3.0},{"damage":0.0,"enemies":"2 Louse","floor":7.0,"turns":2.0},{"damage":5.0,"enemies":"Exordium Thugs","floor":8.0,"turns":4.0},{"damage":0.0,"enemies":"Blue Slaver","floor":11.0,"turns":2.0},{"damage":7.0,"enemies":"Gremlin Gang","floor":13.0,"turns":3.0},{"damage":20.0,"enemies":"Slime Boss","floor":16.0,"turns":7.0},{"damage":14.0,"enemies":"Chosen","floor":18.0,"turns":5.0},{"damage":10.0,"enemies":"2 Thieves","floor":20.0,"turns":3.0},{"damage":32.0,"enemies":"Snake Plant","floor":22.0,"turns":3.0},{"damage":0.0,"enemies":"Gremlin Leader","floor":24.0,"turns":4.0},{"damage":18.0,"enemies":"3 Cultists","floor":29.0,"turns":5.0},{"damage":0.0,"enemies":"Centurion and Healer","floor":30.0,"turns":3.0},{"damage":27.0,"enemies":"Collector","floor":33.0,"turns":6.0},{"damage":15.0,"enemies":"3 Shapes","floor":35.0,"turns":3.0},{"damage":14.0,"enemies":"3 Darklings","floor":37.0,"turns":3.0},{"damage":28.0,"enemies":"2 Orb Walkers","floor":39.0,"turns":3.0},{"damage":5.0,"enemies":"4 Shapes","floor":41.0,"turns":5.0},{"damage":10.0,"enemies":"Sphere and 2 Shapes","floor":42.0,"turns":3.0},{"damage":0,"enemies":"Transient","floor":48,"turns":5},{"damage":62,"enemies":"Donu and Deca","floor":50,"turns":5}],"seed_played":"4675884334554652750","potions_obtained":[{"floor":8.0,"key":"Poison Potion"},{"floor":11.0,"key":"Ancient Potion"},{"floor":13.0,"key":"PowerPotion"},{"floor":16.0,"key":"Regen Potion"},{"floor":24.0,"key":"GamblersBrew"},{"floor":30.0,"key":"SmokeBomb"},{"floor":33.0,"key":"SpeedPotion"},{"floor":37.0,"key":"PowerPotion"}],"is_trial":false,"path_per_floor":["M","?","$","$","M","R","M","M","T","R","M","R","M","?","R","B",null,"M","$","M","?","M","R","E","R","T","?","R","M","M","?","R","B",null,"M","T","M","?","?","$","M","M","T","R","$","R","?","M","R","B",null],"character_chosen":"IRONCLAD","items_purchased":["Ancient Potion"],"campfire_rested":0,"item_purchase_floors":[40],"current_hp_per_floor":[80,80,80,80,80,80,80,80,80,80,80,80,79,84,84,71,85,77,77,73,73,47,47,65,65,75,75,75,63,69,69,69,73,95,86,86,78,78,56,56,57,53,60,60,60,60,60,66,66,35],"gold":301,"neow_bonus":"RANDOM_COMMON_RELIC","is_prod":false,"is_daily":false,"chose_seed":false,"campfire_upgraded":11,"win_rate":0,"timestamp":1556594883,"path_taken":["M","?","?","$","M","R","M","M","T","R","M","R","M","?","R","BOSS","M","$","M","?","?","R","E","R","T","?","R","?","M","?","R","BOSS","M","?","M","?","?","$","?","M","T","R","$","R","?","M","R","BOSS"],"build_version":"2019-01-23","purchased_purges":4,"victory":true,"max_hp_per_floor":[80,80,80,80,80,80,80,80,80,80,80,80,80,85,85,85,85,85,85,85,85,85,85,85,85,95,95,95,95,95,95,95,95,95,95,95,95,95,95,95,95,95,102,102,102,102,102,102,102,102],"card_choices":[{"not_picked":["Havoc","Shrug It Off"],"picked":"Twin Strike","floor":1.0},{"not_picked":["Heavy Blade","Clash"],"picked":"Flex","floor":5.0},{"not_picked":["Rampage","Rage"],"picked":"Flex","floor":7.0},{"not_picked":["Clothesline","Body Slam"],"picked":"Flex","floor":8.0},{"not_picked":["Metallicize","Entrench"],"picked":"Clash","floor":11.0},{"not_picked":["Iron Wave","Shrug It Off"],"picked":"Limit Break","floor":13.0},{"not_picked":["Dark Embrace","Bludgeon"],"picked":"Limit Break","floor":16.0},{"not_picked":["Clothesline","Twin Strike","Thunderclap"],"picked":"SKIP","floor":18.0},{"not_picked":["Combust","Headbutt"],"picked":"Clash","floor":20.0},{"not_picked":["Inflame","Wild Strike+1"],"picked":"Clash","floor":22.0},{"not_picked":["Anger+1","Warcry","Barricade"],"picked":"SKIP","floor":24.0},{"not_picked":["Body Slam","Thunderclap+1","Iron Wave"],"picked":"SKIP","floor":29.0},{"not_picked":["Wild Strike","Pommel Strike+1","Clothesline"],"picked":"SKIP","floor":30.0},{"not_picked":["Perfected Strike+1","Pommel Strike"],"picked":"Battle Trance+1","floor":35.0},{"not_picked":["Entrench","Blood for Blood","Hemokinesis"],"picked":"SKIP","floor":37.0},{"not_picked":["Combust+1","Pommel Strike+1","Body Slam+1"],"picked":"SKIP","floor":42.0},{"not_picked":["Dark Shackles","Secret Technique"],"picked":"Trip","floor":47},{"not_picked":["Havoc","Combust","Warcry"],"picked":"SKIP","floor":48}],"player_experience":1328635,"relics_obtained":[{"floor":9.0,"key":"Pantograph"},{"floor":24.0,"key":"Blue Candle"},{"floor":26.0,"key":"Pear"},{"floor":36.0,"key":"PreservedInsect"},{"floor":39.0,"key":"StoneCalendar"},{"floor":43.0,"key":"Strawberry"}],"event_choices":[{"damage_healed":0.0,"max_hp_gain":0.0,"max_hp_loss":0.0,"gold_gain":0.0,"event_name":"The Woman in Blue","player_choice":"Bought 0 Potions","floor":2.0,"gold_loss":0.0,"damage_taken":0.0},{"damage_healed":0.0,"max_hp_gain":5.0,"max_hp_loss":0.0,"gold_gain":0.0,"event_name":"Big Fish","player_choice":"Donut","floor":14.0,"gold_loss":0.0,"damage_taken":0.0},{"damage_healed":0.0,"max_hp_gain":0.0,"max_hp_loss":0.0,"gold_gain":0.0,"cards_transformed":["Strike_R"],"event_name":"Transmorgrifier","player_choice":"Transformed","floor":21.0,"gold_loss":0.0,"damage_taken":0.0,"cards_obtained":["Limit Break"]},{"damage_healed":0.0,"max_hp_gain":0.0,"max_hp_loss":0.0,"gold_gain":0.0,"event_name":"WeMeetAgain","player_choice":"Gave Potion","floor":27.0,"gold_loss":0.0,"damage_taken":0.0,"relics_obtained":["Art of War"]},{"damage_healed":0.0,"max_hp_gain":0.0,"max_hp_loss":0.0,"gold_gain":100.0,"event_name":"Golden Shrine","player_choice":"Pray","floor":31.0,"gold_loss":0.0,"damage_taken":0.0},{"cards_removed":["Strike_R"],"damage_healed":0.0,"max_hp_gain":0.0,"max_hp_loss":0.0,"gold_gain":0.0,"event_name":"Falling","player_choice":"Removed Attack","floor":38.0,"gold_loss":0.0,"damage_taken":0.0},{"damage_healed":0.0,"max_hp_gain":0.0,"max_hp_loss":0.0,"gold_gain":0.0,"event_name":"Mysterious Sphere","player_choice":"Fight","floor":39.0,"gold_loss":0.0,"damage_taken":0.0},{"damage_healed":0,"gold_gain":0,"player_choice":"Memory 1","damage_taken":0,"max_hp_gain":0,"max_hp_loss":0,"event_name":"SensoryStone","floor":47,"gold_loss":0}],"is_beta":false,"boss_relics":[{"not_picked":["Velvet Choker","Runic Pyramid"],"picked":"Coffee Dripper"},{"not_picked":["White Beast Statue","Runic Cube"],"picked":"Empty Cage"}],"items_purged_floors":[4,19,40,45],"is_endless":false,"potions_floor_spawned":[8,11,13,16,22,24,30,33,37,39],"ascension_level":0}