{"gold_per_floor":[367,119,130,130,150,177,194,194,218,253,253,253,253,272,272,370,370,370,113,113,113,113,113,113,113,113,113,113,113,113,113,113,113,113,113,113,113,113,76,76,76,76,76,76,76,76,76,76,76,76],"floor_reached":51,"playtime":2141,"items_purged":["Doubt","Strike_R"],"score":862,"play_id":"b7c77b78-b18a-4e66-9dfd-eb91b9e6e947","local_time":"20190506020313","is_ascension_mode":false,"campfire_choices":[{"data":"Armaments","floor":8,"key":"SMITH"},{"data":"Inflame","floor":11,"key":"SMITH"},{"data":"Demon Form","floor":15,"key":"SMITH"},{"data":"Immolate","floor":28,"key":"SMITH"},{"data":"Offering","floor":30,"key":"SMITH"},{"data":"Clothesline","floor":32,"key":"SMITH"},{"data":"Clothesline","floor":42,"key":"SMITH"},{"data":"Apotheosis","floor":45,"key":"SMITH"},{"floor":49,"key":"REST"}],"neow_cost":"CURSE","seed_source_timestamp":161833600901700,"circlet_count":0,"master_deck":["Strike_R","Strike_R","Strike_R","Defend_R","Defend_R","Defend_R","Bash","Armaments+1","Headbutt","Ghostly Armor","Armaments+1","Inflame+1","Demon Form+1","Battle Trance","Immolate+1","Clothesline+1","Offering+1","Disarm+1","Spot Weakness","Clothesline+1","Metallicize+1","Juggernaut","Warcry+1","Corruption+1","Immolate","Carnage+1","Apotheosis+1","Thinking Ahead","Feel No Pain","True Grit+1","Uppercut","Feel No Pain+1","Feel No Pain"],"relics":["Burning Blood","Happy Flower","Juzu Bracelet","Boot","Ancient Tea Set","Ectoplasm","Dodecahedron","Meat on the Bone","Mark of Pain","Ice Cream","Toxic Egg 2","Du-Vu Doll","Red Skull","Magic Flower"],"potions_floor_usage":[6,10,22,23,25,25,50,50],"damage_taken":[{"damage":3,"enemies":"Jaw Worm","floor":1,"turns":6},{"damage":1,"enemies":"Cultist","floor":3,"turns":3},{"damage":4,"enemies":"2 Louse","floor":5,"turns":3},{"damage":24,"enemies":"Lagavulin","floor":6,"turns":10},{"damage":12,"enemies":"Lots of Slimes","floor":7,"turns":5},{"damage":16,"enemies":"3 Sentries","floor":10,"turns":8},{"damage":2,"enemies":"Blue Slaver","floor":14,"turns":4},{"damage":11,"enemies":"The Guardian","floor":16,"turns":8},{"damage":5,"enemies":"Shell Parasite","floor":18,"turns":5},{"damage":6,"enemies":"Spheric Guardian","floor":21,"turns":3},{"damage":0,"enemies":"Chosen and Byrds","floor":22,"turns":6},{"damage":7,"enemies":"Book of Stabbing","floor":23,"turns":4},{"damage":11,"enemies":"Snake Plant","floor":24,"turns":4},{"damage":26,"enemies":"Slavers","floor":25,"turns":4},{"damage":6,"enemies":"Cultist and Chosen","floor":27,"turns":3},{"damage":15,"enemies":"Snecko","floor":29,"turns":5},{"damage":4,"enemies":"Snake Plant","floor":31,"turns":4},{"damage":6,"enemies":"Champ","floor":33,"turns":8},{"damage":9,"enemies":"3 Shapes","floor":35,"turns":2},{"damage":22,"enemies":"2 Orb Walkers","floor":37,"turns":4},{"damage":28,"enemies":"Nemesis","floor":40,"turns":7},{"damage":0,"enemies":"3 Darklings","floor":41,"turns":3},{"damage":10,"enemies":"Sphere and 2 Shapes","floor":44,"turns":3},{"damage":6,"enemies":"Giant Head","floor":46,"turns":6},{"damage":8,"enemies":"4 Shapes","floor":47,"turns":3},{"damage":20,"enemies":"Nemesis","floor":48,"turns":7},{"damage":62,"enemies":"Donu and Deca","floor":50,"turns":7}],"seed_played":"-9095356112087091328","potions_obtained":[{"floor":5,"key":"GamblersBrew"},{"floor":7,"key":"Poison Potion"},{"floor":16,"key":"Fire Potion"},{"floor":18,"key":"FearPotion"},{"floor":22,"key":"EssenceOfSteel"},{"floor":23,"key":"BloodPotion"},{"floor":24,"key":"PowerPotion"},{"floor":29,"key":"PowerPotion"},{"floor":41,"key":"BloodPotion"},{"floor":47,"key":"Weak Potion"}],"is_trial":false,"path_per_floor":["M","$","M","?","M","E","M","R","T","E","R","?","?","M","R","B",null,"M","$","?","M","M","E","M","E","T","M","R","M","R","M","R","B",null,"M","?","?","?","$","E","M","R","T","M","R","E","M","E","R","B",null],"character_chosen":"IRONCLAD","items_purchased":["Headbutt","Happy Flower","Offering","Feel No Pain"],"campfire_rested":1,"item_purchase_floors":[2,2,19,39],"current_hp_per_floor":[80,80,80,85,85,67,61,61,61,51,51,51,44,48,48,43,85,85,85,77,77,83,82,77,65,65,65,65,56,56,58,58,58,85,82,82,66,56,56,46,52,52,52,60,60,60,58,56,81,58],"gold":76,"neow_bonus":"TWO_FIFTY_GOLD","is_prod":false,"is_daily":false,"chose_seed":false,"campfire_upgraded":8,"win_rate":1,"timestamp":1557133393,"path_taken":["M","$","M","?","M","E","M","R","T","E","R","?","?","M","R","BOSS","M","$","?","M","M","E","M","E","T","M","R","M","R","M","R","BOSS","M","?","?","?","?","E","M","R","T","M","R","E","M","E","R","BOSS"],"build_version":"2019-01-23","purchased_purges":2,"victory":true,"max_hp_per_floor":[80,80,80,85,85,85,85,85,85,85,85,85,85,85,85,85,85,85,85,85,85,85,85,85,85,85,85,85,85,85,85,85,85,85,85,85,85,85,85,85,85,85,85,85,85,85,85,85,85,85],"card_choices":[{"not_picked":["Warcry","Metallicize"],"picked":"Armaments","floor":1},{"not_picked":["Infernal Blade","Thunderclap","Sentinel"],"picked":"SKIP","floor":3},{"not_picked":["Entrench","Pummel"],"picked":"Ghostly Armor","floor":5},{"not_picked":["Heavy Blade","Blood for Blood"],"picked":"Armaments","floor":6},{"not_picked":["Fire Breathing","Cleave"],"picked":"Inflame","floor":7},{"not_picked":["Flex","Berserk"],"picked":"Demon Form","floor":10},{"not_picked":["Flex","Heavy Blade"],"picked":"Battle Trance","floor":14},{"not_picked":["Impervious","Demon Form"],"picked":"Immolate","floor":16},{"not_picked":["Second Wind","Wild Strike"],"picked":"Clothesline","floor":18},{"not_picked":["Thunderclap","Dual Wield"],"picked":"Disarm+1","floor":21},{"not_picked":["Twin Strike","True Grit"],"picked":"Spot Weakness","floor":22},{"not_picked":["Rage","Thunderclap"],"picked":"Clothesline","floor":23},{"not_picked":["Perfected Strike","Twin Strike"],"picked":"Metallicize+1","floor":24},{"not_picked":["Warcry","Rupture"],"picked":"Juggernaut","floor":25},{"not_picked":["Iron Wave","Bloodletting+1","Wild Strike"],"picked":"SKIP","floor":27},{"not_picked":["Rage","Inflame"],"picked":"Warcry+1","floor":29},{"not_picked":["Havoc+1","Flex"],"picked":"Corruption+1","floor":31},{"not_picked":["Bludgeon","Dark Embrace"],"picked":"Immolate","floor":33},{"not_picked":["Warcry","Armaments+1"],"picked":"Carnage+1","floor":35},{"not_picked":["Flash of Steel","Magnetism"],"picked":"Apotheosis","floor":38},{"not_picked":["The Bomb","Purity"],"picked":"Thinking Ahead","floor":38},{"not_picked":["Clash","Iron Wave+1"],"picked":"True Grit+1","floor":40},{"not_picked":["Perfected Strike+1","Cleave+1"],"picked":"Uppercut","floor":41},{"not_picked":["Sever Soul","Rampage","Bloodletting+1"],"picked":"SKIP","floor":44},{"not_picked":["Carnage+1","Armaments+1"],"picked":"Feel No Pain+1","floor":46},{"not_picked":["Havoc+1","Entrench+1"],"picked":"Feel No Pain","floor":47},{"not_picked":["Bludgeon","Thunderclap+1","Pommel Strike+1"],"picked":"SKIP","floor":48}],"player_experience":719447,"relics_obtained":[{"floor":6,"key":"Juzu Bracelet"},{"floor":9,"key":"Boot"},{"floor":10,"key":"Ancient Tea Set"},{"floor":23,"key":"Dodecahedron"},{"floor":25,"key":"Meat on the Bone"},{"floor":37,"key":"Ice Cream"},{"floor":40,"key":"Toxic Egg 2"},{"floor":43,"key":"Du-Vu Doll"},{"floor":46,"key":"Red Skull"},{"floor":48,"key":"Magic Flower"}],"event_choices":[{"damage_healed":0,"gold_gain":0,"player_choice":"Donut","damage_taken":0,"max_hp_gain":5,"max_hp_loss":0,"event_name":"Big Fish","floor":4,"gold_loss":0},{"damage_healed":0,"gold_gain":0,"player_choice":"Upgraded","damage_taken":0,"max_hp_gain":0,"max_hp_loss":0,"event_name":"Upgrade Shrine","floor":12,"gold_loss":0,"cards_upgraded":["Armaments"]},{"cards_removed":["Strike_R"],"damage_healed":0,"gold_gain":0,"player_choice":"Card Removal","damage_taken":7,"max_hp_gain":0,"max_hp_loss":0,"event_name":"Golden Wing","floor":13,"gold_loss":0},{"damage_healed":0,"gold_gain":75,"player_choice":"Touch","damage_taken":8,"max_hp_gain":0,"max_hp_loss":0,"event_name":"FaceTrader","floor":20,"gold_loss":0},{"cards_removed":["Defend_R"],"damage_healed":0,"gold_gain":0,"player_choice":"Removed Skill","damage_taken":0,"max_hp_gain":0,"max_hp_loss":0,"event_name":"Falling","floor":36,"gold_loss":0},{"damage_healed":0,"gold_gain":0,"player_choice":"Fight","damage_taken":0,"max_hp_gain":0,"max_hp_loss":0,"event_name":"Mysterious Sphere","floor":37,"gold_loss":0},{"damage_healed":0,"gold_gain":0,"player_choice":"Memory 3","damage_taken":10,"max_hp_gain":0,"max_hp_loss":0,"event_name":"SensoryStone","floor":38,"gold_loss":0}],"is_beta":false,"boss_relics":[{"not_picked":["Lizard Tail","Empty Cage"],"picked":"Ectoplasm"},{"not_picked":["Velvet Choker","Philosopher\u0027s Stone"],"picked":"Mark of Pain"}],"items_purged_floors":[2,19],"is_endless":false,"potions_floor_spawned":[5,7,16,18,22,23,24,29,41,47],"ascension_level":0}