{"gold_per_floor":[114,124,138,88,99,99,133,133,133,133,144,18,18,32,32,32],"floor_reached":16,"playtime":860,"items_purged":["Strike_R"],"score":133,"play_id":"93472a58-bc81-47a9-bed0-d15ed5c50b7c","local_time":"20190221195303","is_ascension_mode":true,"campfire_choices":[{"floor":6,"key":"REST"},{"floor":8,"key":"REST"},{"data":"Evolve","floor":13,"key":"SMITH"},{"floor":15,"key":"REST"}],"neow_cost":"NONE","seed_source_timestamp":260383509941667,"circlet_count":0,"master_deck":["Strike_R","Strike_R","Strike_R","Defend_R","Defend_R","Defend_R","Defend_R","Bash","Whirlwind+1","Iron Wave","Rampage","Cleave","Evolve+1"],"relics":["Burning Blood","Smiling Mask","Orichalcum"],"potions_floor_usage":[5,16],"damage_taken":[{"damage":11,"enemies":"Cultist","floor":1,"turns":4},{"damage":0,"enemies":"Small Slimes","floor":2,"turns":2},{"damage":10,"enemies":"2 Louse","floor":3,"turns":3},{"damage":48,"enemies":"Exordium Thugs","floor":5,"turns":5},{"damage":40,"enemies":"3 Sentries","floor":7,"turns":8},{"damage":10,"enemies":"Looter","floor":11,"turns":3},{"damage":9,"enemies":"Gremlin Gang","floor":14,"turns":3},{"damage":61,"enemies":"Hexaghost","floor":16,"turns":9}],"seed_played":"688708907354711990","potions_obtained":[{"floor":2,"key":"Strength Potion"},{"floor":11,"key":"PowerPotion"},{"floor":14,"key":"EssenceOfSteel"}],"is_trial":false,"path_per_floor":["M","M","M","?","M","R","E","R","T","?","M","$","R","M","R","B"],"character_chosen":"IRONCLAD","items_purchased":["Evolve"],"campfire_rested":3,"item_purchase_floors":[12],"current_hp_per_floor":[67,73,69,69,27,51,17,41,41,41,37,37,37,34,58,0],"gold":32,"neow_bonus":"THREE_CARDS","is_prod":false,"is_daily":false,"chose_seed":false,"campfire_upgraded":1,"win_rate":0,"timestamp":1550800383,"path_taken":["M","M","?","?","M","R","E","R","T","?","M","$","R","M","R","BOSS"],"build_version":"2019-01-23","purchased_purges":1,"victory":false,"max_hp_per_floor":[80,80,80,80,80,80,80,80,80,80,80,80,80,80,80,80],"card_choices":[{"not_picked":["Body Slam","Clash"],"picked":"Whirlwind","floor":1},{"not_picked":["Armaments","Headbutt","Clash"],"picked":"SKIP","floor":2},{"not_picked":["Armaments","Warcry","Perfected Strike"],"picked":"SKIP","floor":3},{"not_picked":["Body Slam","Sever Soul"],"picked":"Iron Wave","floor":5},{"not_picked":["Headbutt","Warcry"],"picked":"Rampage","floor":7},{"not_picked":["Body Slam","Offering"],"picked":"Cleave","floor":11},{"not_picked":["Body Slam","Wild Strike","Sever Soul"],"picked":"SKIP","floor":14}],"player_experience":393592,"relics_obtained":[{"floor":7,"key":"Smiling Mask"},{"floor":9,"key":"Orichalcum"}],"event_choices":[{"cards_removed":["Strike_R"],"damage_healed":0,"gold_gain":0,"player_choice":"Card Removal","damage_taken":0,"max_hp_gain":0,"max_hp_loss":0,"event_name":"The Cleric","floor":4,"gold_loss":50},{"damage_healed":0,"gold_gain":0,"player_choice":"Upgraded","damage_taken":0,"max_hp_gain":0,"max_hp_loss":0,"event_name":"Upgrade Shrine","floor":10,"gold_loss":0,"cards_upgraded":["Whirlwind"]}],"is_beta":false,"boss_relics":[],"items_purged_floors":[12],"is_endless":false,"potions_floor_spawned":[2,11,14],"killed_by":"Hexaghost","ascension_level":6}