{"gold_per_floor":[16,16,16,32,48,48,74,74,74,90,90,90,90,118,118,220,220,240,166,177,177,196,230,249,584,633,633,412,440,243,260,260,363,363,398,141,191,191,217,217,253,39,115,115,115,147,147,177,177,215],"floor_reached":50,"playtime":4103,"items_purged":["Defend_R","Voices","Languid"],"score":658,"play_id":"ea6f266f-e879-4088-938d-fd3ef11016be","local_time":"20190506205906","is_ascension_mode":true,"campfire_choices":[{"data":"Armaments","floor":6,"key":"SMITH"},{"data":"Perfected Strike","floor":11,"key":"SMITH"},{"data":"Neutralize","floor":13,"key":"SMITH"},{"floor":15,"key":"DIG"},{"data":"Fire Breathing","floor":27,"key":"SMITH"},{"floor":32,"key":"REST"},{"floor":40,"key":"REST"},{"data":"Exhume","floor":44,"key":"SMITH"},{"floor":49,"key":"REST"}],"neow_cost":"NO_GOLD","seed_source_timestamp":374290515546300,"circlet_count":0,"master_deck":["Strike_R+1","Strike_R+1","Strike_R+1","Strike_R+1","Strike_R+1","Defend_R+1","Armaments+1","Survivor+1","Neutralize+1","Perfected Strike+1","Offering+1","Immolate+1","Wild Strike+1","Fire Breathing+1","Sever Soul+1","Battle Trance+1","Burning Pact+1","Violence+1","Exhume+1","Harmlessness","Purity+1","Pommel Strike+1","ReplayTheSpireMod:Strike From Hell+1"],"relics":["Black Blood","Sundial","Replay:Accelerometer","Bottled Lightning","Whetstone","Pear","Replay:Cursed D8","Regal Pillow","Another Sword","Old Coin","ReplayFunnel","Blue Doll","Paper Frog","ReplayTheSpireMod:ShopPack","Replay:Grab Bag","ChewingGum","Mark of Pain","Calling Bell","Bandana","ReplayTheSpireMod:Bottled Snecko","Unceasing Top","Membership Card","Replay:Mystery Machine","Mercury Hourglass","Garlic","Mark of the Bloom"],"potions_floor_usage":[5,16,20,22,29,33,37],"damage_taken":[{"damage":0,"enemies":"Small Slimes","floor":1,"turns":4},{"damage":1,"enemies":"Jaw Worm","floor":4,"turns":5},{"damage":0,"enemies":"Cultist","floor":5,"turns":3},{"damage":14,"enemies":"Lagavulin","floor":7,"turns":9},{"damage":10,"enemies":"Lots of Slimes","floor":10,"turns":6},{"damage":18,"enemies":"3 Sentries","floor":14,"turns":6},{"damage":56,"enemies":"Hexaghost","floor":16,"turns":11},{"damage":6,"enemies":"3 Byrds","floor":18,"turns":3},{"damage":7,"enemies":"Chosen","floor":20,"turns":3},{"damage":6,"enemies":"Snecko","floor":22,"turns":3},{"damage":15,"enemies":"Gremlin Leader","floor":23,"turns":3},{"damage":17,"enemies":"Centurion and Healer","floor":24,"turns":4},{"damage":20,"enemies":"Slavers","floor":25,"turns":3},{"damage":12,"enemies":"Book of Stabbing","floor":29,"turns":4},{"damage":8,"enemies":"Chosen and Byrds","floor":31,"turns":3},{"damage":75,"enemies":"Automaton","floor":33,"turns":7},{"damage":41,"enemies":"3 Darklings","floor":35,"turns":4},{"damage":62,"enemies":"3 Shapes","floor":37,"turns":2},{"damage":4,"enemies":"3 Darklings","floor":41,"turns":2},{"damage":10,"enemies":"Sphere and 2 Shapes","floor":46,"turns":2},{"damage":6,"enemies":"Jaw Worm Horde","floor":48,"turns":1},{"damage":82,"enemies":"Time Eater","floor":50,"turns":5}],"seed_played":"5629473014857404780","potions_obtained":[{"floor":1,"key":"SteroidPotion"},{"floor":5,"key":"Fruit Juice"},{"floor":16,"key":"SteroidPotion"},{"floor":18,"key":"SkillPotion"},{"floor":20,"key":"Fire Potion"},{"floor":25,"key":"Weak Potion"},{"floor":31,"key":"Milkshake"},{"floor":35,"key":"Block Potion"},{"floor":37,"key":"Energy Potion"},{"floor":46,"key":"construct:ShiftPotion"}],"is_trial":false,"path_per_floor":["M","?","T","M","M","R","E","?","T","M","R","?","R","E","R","B",null,"M","$","M","?","M","E","M","E","T","R","$","E","$","M","R","B",null,"M","$","M","?","T","R","M","$","T","R","?","M","?","M","R","B"],"character_chosen":"IRONCLAD","items_purchased":["Fire Breathing","Blue Doll","Burning Pact","ReplayTheSpireMod:ShopPack","Membership Card","Mercury Hourglass","Pommel Strike"],"campfire_rested":3,"item_purchase_floors":[19,28,28,30,36,42,42],"current_hp_per_floor":[96,96,96,96,101,101,93,86,86,82,82,82,82,70,80,30,111,111,111,110,110,110,101,90,76,76,76,76,70,70,68,111,42,111,80,80,28,28,28,76,82,82,82,82,82,82,82,76,76,0],"gold":215,"neow_bonus":"TWENTY_PERCENT_HP_BONUS","is_prod":false,"is_daily":false,"chose_seed":false,"campfire_upgraded":5,"win_rate":0,"timestamp":1557140346,"path_taken":["M","?","?","?","M","R","E","?","T","M","R","?","R","E","R","BOSS","M","$","M","?","M","E","M","E","T","R","$","E","?","M","R","BOSS","M","$","?","?","?","R","M","$","T","R","?","M","?","?","R","BOSS"],"build_version":"2019-01-23","purchased_purges":3,"victory":false,"max_hp_per_floor":[96,96,96,96,101,101,101,101,101,101,101,101,101,101,111,111,111,111,111,111,111,111,111,111,111,111,111,111,111,111,111,111,111,111,111,111,111,111,111,111,111,111,111,111,111,111,111,111,111,111],"card_choices":[{"not_picked":["Defy Death","Thunderclap"],"picked":"Armaments","floor":1},{"not_picked":["Clothesline","Twin Strike"],"picked":"Perfected Strike","floor":4},{"not_picked":["Hemokinesis","Iron Wave","True Grit"],"picked":"SKIP","floor":5},{"not_picked":["Cleave","Blood for Blood","Warcry"],"picked":"SKIP","floor":7},{"not_picked":["Clothesline","Thunderclap","Body Slam"],"picked":"SKIP","floor":10},{"not_picked":["Body Slam","Second Wind"],"picked":"Offering","floor":14},{"not_picked":["Hemogenesis","Impervious"],"picked":"Immolate","floor":16},{"not_picked":["Anger","Havoc+1"],"picked":"Wild Strike","floor":18},{"not_picked":["Headbutt+1","Havoc"],"picked":"Sever Soul","floor":20},{"not_picked":["Shrug It Off","Whirlwind","Dropkick"],"picked":"SKIP","floor":22},{"not_picked":["Run Through+1","Entrench+1"],"picked":"Battle Trance","floor":23},{"not_picked":["Thunderclap","Body Slam+1","Run Through"],"picked":"SKIP","floor":24},{"not_picked":["ReplayTheSpireMod:Muscle Training","Anger","Perfected Strike"],"picked":"SKIP","floor":25},{"not_picked":["Immolate","Defy Death","Corruption"],"picked":"SKIP","floor":29},{"not_picked":["ReplayTheSpireMod:Brewmster","Sadistic Nature"],"picked":"Violence","floor":30},{"not_picked":["Body Slam","Headbutt+1","Perfected Strike+1"],"picked":"SKIP","floor":31},{"not_picked":["Eclipse","Dark Embrace"],"picked":"Exhume","floor":33},{"not_picked":["Rupture","Feel No Pain+1","Inflame+1"],"picked":"SKIP","floor":35},{"not_picked":["Body Slam","Burning Pact","Thunderclap+1"],"picked":"SKIP","floor":37},{"not_picked":["Crow Ritual","Trip"],"picked":"Purity","floor":38},{"not_picked":["Run Through+1","Shrug It Off","Iron Wave+1"],"picked":"SKIP","floor":41},{"not_picked":["Shrug It Off+1","Entrench+1"],"picked":"ReplayTheSpireMod:Strike From Hell","floor":46},{"not_picked":["Feel No Pain+1","ReplayTheSpireMod:Limb From Limb+1","Flex+1"],"picked":"SKIP","floor":48}],"player_experience":138877,"relics_obtained":[{"floor":3,"key":"Sundial"},{"floor":7,"key":"Replay:Accelerometer"},{"floor":9,"key":"Bottled Lightning"},{"floor":14,"key":"Whetstone"},{"floor":15,"key":"Pear"},{"floor":23,"key":"Another Sword"},{"floor":25,"key":"Old Coin"},{"floor":26,"key":"ReplayFunnel"},{"floor":29,"key":"Paper Frog"},{"floor":34,"key":"Bandana"},{"floor":34,"key":"ReplayTheSpireMod:Bottled Snecko"},{"floor":34,"key":"Unceasing Top"},{"floor":39,"key":"Replay:Mystery Machine"},{"floor":43,"key":"Garlic"}],"event_choices":[{"cards_removed":["Defend_R"],"damage_healed":0,"gold_gain":0,"player_choice":"Card Removal","damage_taken":7,"max_hp_gain":0,"max_hp_loss":0,"event_name":"Golden Wing","floor":8,"gold_loss":0},{"cards_removed":["Defend_R"],"damage_healed":0,"gold_gain":0,"player_choice":"Forget","damage_taken":0,"max_hp_gain":0,"max_hp_loss":0,"event_name":"Living Wall","floor":12,"gold_loss":0},{"damage_healed":0,"gold_gain":0,"player_choice":"Gave Potion","damage_taken":0,"relics_obtained":["Regal Pillow"],"max_hp_gain":0,"max_hp_loss":0,"event_name":"WeMeetAgain","floor":21,"gold_loss":0},{"damage_healed":0,"gold_gain":0,"player_choice":"Memory 1","damage_taken":0,"max_hp_gain":0,"max_hp_loss":0,"event_name":"SensoryStone","floor":38,"gold_loss":0},{"damage_healed":0,"gold_gain":0,"player_choice":"Ignored","damage_taken":0,"max_hp_gain":0,"max_hp_loss":0,"event_name":"Mysterious Sphere","floor":45,"gold_loss":0},{"damage_healed":0,"gold_gain":0,"player_choice":"Upgrade","damage_taken":0,"relics_obtained":["Mark of the Bloom"],"max_hp_gain":0,"max_hp_loss":0,"event_name":"MindBloom","floor":47,"gold_loss":0,"cards_upgraded":["Strike_R","Strike_R","Strike_R","Defend_R","Survivor","Offering","Immolate","Wild Strike","Sever Soul","Battle Trance","Burning Pact","Violence","Purity","Pommel Strike","ReplayTheSpireMod:Strike From Hell"]}],"is_beta":false,"boss_relics":[{"not_picked":["Philosopher\u0027s Stone","Runic Dome"],"picked":"Replay:Cursed D8"},{"not_picked":["Runesmith:UraniumAnvil","Abe\u0027s Treasure"],"picked":"Replay:Grab Bag"},{"not_picked":["Velvet Choker","ReplayTheSpireMod:Onyx Gauntlets"],"picked":"ChewingGum"},{"not_picked":["Replay:Bronze Core","ReplayTheSpireMod:DimensionalGlitch"],"picked":"Mark of Pain"},{"not_picked":["Eternal Feather","Replay:Drink Me"],"picked":"Calling Bell"},{"not_picked":["Ring of Chaos","Runic Cube"],"picked":"Black Blood"}],"items_purged_floors":[30,36,42],"is_endless":false,"potions_floor_spawned":[1,5,16,18,20,25,31,35,37,46],"killed_by":"Time Eater","ascension_level":1}