{"gold_per_floor":[121,145,211,398,428,440,470,500,512,524,554,600,612,643,655,769,781,812,824,852,882,914,926,948,960,1048,1060,1072,1084,1115,1140,1152,1265,1277,1299,662,662,681,681,696,696,621,648,660,660,660,675,205,205,205],"floor_reached":51,"playtime":1817,"items_purged":["Pain","Writhe"],"score":678,"play_id":"92173497-978e-4178-a149-c364ccf9f9d6","local_time":"20190424093402","is_ascension_mode":false,"campfire_choices":[{"data":"Neutralize","floor":6.0,"key":"SMITH"},{"data":"Blade Dance","floor":10.0,"key":"SMITH"},{"data":"Dodge and Roll","floor":13.0,"key":"SMITH"},{"data":"Footwork","floor":15.0,"key":"SMITH"},{"data":"Glass Knife","floor":23.0,"key":"SMITH"},{"data":"Infinite Blades","floor":27.0,"key":"SMITH"},{"data":"Dash","floor":29.0,"key":"SMITH"},{"floor":32.0,"key":"REST"},{"data":"Dash","floor":41,"key":"SMITH"},{"floor":49,"key":"REST"}],"neow_cost":"NONE","seed_source_timestamp":0,"circlet_count":0,"master_deck":["Defend_G","Defend_G","Defend_G","Defend_G","Defend_G","Strike_G","Strike_G","Strike_G","Strike_G","Strike_G","Survivor","Neutralize+1","Infinite Blades+1","Dash+1","Dodge and Roll+1","Blade Dance+1","Predator","Footwork+1","Glass Knife+1","Dash+1","Noxious Fumes+1","Crippling Poison+1","Deadly Poison+1","Night Terror","Riddle With Holes","Parasite","Dash","Deadly Poison","Sucker Punch","Expertise","Caltrops"],"special_seed":0,"relics":["Ring of the Snake","MawBank","Pantograph","Mercury Hourglass","Snecko Eye","Question Card","Shuriken","Sozu","TwistedFunnel","Bag of Preparation","Bird Faced Urn","WarpedTongs","Centennial Puzzle","Paper Crane","Pen Nib"],"potions_floor_usage":[44,50],"damage_taken":[{"damage":0.0,"enemies":"Small Slimes","floor":1.0,"turns":3.0},{"damage":0.0,"enemies":"2 Louse","floor":2.0,"turns":2.0},{"damage":1.0,"enemies":"Cultist","floor":5.0,"turns":4.0},{"damage":8.0,"enemies":"2 Fungi Beasts","floor":7.0,"turns":5.0},{"damage":5.0,"enemies":"Large Slime","floor":8.0,"turns":6.0},{"damage":4.0,"enemies":"Red Slaver","floor":11.0,"turns":5.0},{"damage":14.0,"enemies":"3 Sentries","floor":12.0,"turns":11.0},{"damage":3.0,"enemies":"Exordium Wildlife","floor":14.0,"turns":5.0},{"damage":1.0,"enemies":"Hexaghost","floor":16.0,"turns":11.0},{"damage":13.0,"enemies":"2 Thieves","floor":18.0,"turns":4.0},{"damage":0.0,"enemies":"3 Byrds","floor":20.0,"turns":4.0},{"damage":3.0,"enemies":"Centurion and Healer","floor":21.0,"turns":6.0},{"damage":3.0,"enemies":"Snecko","floor":22.0,"turns":5.0},{"damage":0.0,"enemies":"3 Cultists","floor":24.0,"turns":3.0},{"damage":24.0,"enemies":"Snake Plant","floor":30.0,"turns":3.0},{"damage":0.0,"enemies":"Chosen and Byrds","floor":31.0,"turns":3.0},{"damage":26.0,"enemies":"Collector","floor":33.0,"turns":9.0},{"damage":10.0,"enemies":"3 Darklings","floor":35.0,"turns":3.0},{"damage":7.0,"enemies":"3 Shapes","floor":38.0,"turns":2.0},{"damage":34,"enemies":"Writhing Mass","floor":40,"turns":6},{"damage":0,"enemies":"Jaw Worm Horde","floor":44,"turns":3},{"damage":1,"enemies":"4 Shapes","floor":47,"turns":4},{"damage":25,"enemies":"Awakened One","floor":50,"turns":13}],"seed_played":"-3084773964791505262","potions_obtained":[{"floor":5.0,"key":"EssenceOfSteel"},{"floor":7.0,"key":"SpeedPotion"},{"floor":11.0,"key":"LiquidBronze"},{"floor":16.0,"key":"FearPotion"},{"floor":18.0,"key":"Regen Potion"},{"floor":22.0,"key":"Poison Potion"},{"floor":31.0,"key":"Explosive Potion"},{"floor":33.0,"key":"Swift Potion"}],"is_trial":false,"path_per_floor":["M","M","?","?","M","R","M","M","T","R","M","E","R","M","R","B",null,"M","?","M","M","M","R","M","?","T","R","?","R","M","M","R","B",null,"M","$","?","M","?","M","R","$","T","M","?","T","M","$","R","B",null],"character_chosen":"THE_SILENT","items_purchased":["TwistedFunnel","Bag of Preparation","Bird Faced Urn","Deadly Poison","Pen Nib","Sucker Punch","Expertise","Caltrops"],"campfire_rested":2,"item_purchase_floors":[36,36,36,48,48,48,48,48],"current_hp_per_floor":[70,70,70,70,69,69,61,56,56,56,52,38,38,35,35,59,70,57,57,57,54,51,51,51,51,51,51,51,51,27,36,57,44,70,60,60,60,57,57,33,33,33,33,37,55,55,60,60,70,45],"gold":205,"neow_bonus":"RANDOM_COMMON_RELIC","is_prod":false,"is_daily":false,"chose_seed":false,"campfire_upgraded":8,"win_rate":0,"timestamp":1556120042,"path_taken":["M","M","?","?","M","R","M","M","T","R","M","E","R","M","R","BOSS","M","?","?","M","M","R","M","?","T","R","?","R","M","M","R","BOSS","M","$","?","M","?","?","R","$","T","M","?","?","?","$","R","BOSS"],"build_version":"2019-01-23","purchased_purges":2,"victory":true,"max_hp_per_floor":[70,70,70,70,70,70,70,70,70,70,70,70,70,70,70,70,70,70,70,70,70,70,70,70,70,70,70,70,70,70,70,70,70,70,70,70,70,70,70,70,70,70,70,70,70,70,70,70,70,70],"card_choices":[{"not_picked":["Outmaneuver","Dagger Throw"],"picked":"Infinite Blades","floor":1.0},{"not_picked":["All Out Attack","Dodge and Roll"],"picked":"Dash","floor":2.0},{"not_picked":["Finisher","Bullet Time","Flying Knee"],"picked":"SKIP","floor":5.0},{"not_picked":["Finisher","Bullet Time","Flying Knee"],"picked":"SKIP","floor":5.0},{"not_picked":["All Out Attack","Outmaneuver"],"picked":"Dodge and Roll","floor":7.0},{"not_picked":["Heel Hook","Outmaneuver"],"picked":"Blade Dance","floor":8.0},{"not_picked":["Flechettes","Escape Plan"],"picked":"Predator","floor":11.0},{"not_picked":["Concentrate","Dagger Throw","Dodge and Roll"],"picked":"SKIP","floor":12.0},{"not_picked":["Dagger Throw","Poisoned Stab"],"picked":"Footwork","floor":14.0},{"not_picked":["Storm of Steel","Adrenaline"],"picked":"Glass Knife","floor":16.0},{"not_picked":["PiercingWail","Prepared"],"picked":"Dash","floor":18.0},{"not_picked":["Reflex","Calculated Gamble","Deflect+1"],"picked":"SKIP","floor":20.0},{"not_picked":["Leg Sweep","Underhanded Strike"],"picked":"Noxious Fumes+1","floor":21.0},{"not_picked":["Sucker Punch+1","Slice"],"picked":"Crippling Poison+1","floor":22.0},{"not_picked":["Poisoned Stab","Expertise"],"picked":"Deadly Poison+1","floor":24.0},{"not_picked":["Deflect","Prepared+1","Bouncing Flask"],"picked":"Leg Sweep","floor":30.0},{"not_picked":["Dagger Throw","Tactician","Flying Knee","Blade Dance"],"picked":"SKIP","floor":31.0},{"not_picked":["Unload","Venomology","Storm of Steel"],"picked":"Night Terror","floor":33.0},{"not_picked":["Prepared","Endless Agony+1","Cloak And Dagger+1","PiercingWail"],"picked":"SKIP","floor":35.0},{"not_picked":["Deflect+1","Reflex","Acrobatics"],"picked":"Riddle With Holes","floor":38.0},{"not_picked":["PiercingWail+1","Underhanded Strike+1","Blade Dance"],"picked":"Dash","floor":40},{"not_picked":["Dagger Throw","Prepared","Bane","Heel Hook+1"],"picked":"SKIP","floor":44},{"not_picked":["Cloak And Dagger","Infinite Blades","Bane+1","Sucker Punch+1"],"picked":"SKIP","floor":47}],"player_experience":1299101,"relics_obtained":[{"floor":9.0,"key":"Pantograph"},{"floor":12.0,"key":"Mercury Hourglass"},{"floor":26.0,"key":"Question Card"},{"floor":43,"key":"Centennial Puzzle"},{"floor":46,"key":"Paper Crane"}],"event_choices":[{"damage_healed":0.0,"max_hp_gain":0.0,"max_hp_loss":0.0,"gold_gain":54.0,"event_name":"Golden Wing","player_choice":"Gained Gold","floor":3.0,"gold_loss":0.0,"damage_taken":0.0},{"damage_healed":0.0,"max_hp_gain":0.0,"max_hp_loss":0.0,"gold_gain":175.0,"event_name":"Liars Game","player_choice":"AGREE","floor":4.0,"gold_loss":0.0,"damage_taken":0.0,"cards_obtained":["Doubt"]},{"cards_removed":["Doubt"],"damage_healed":0.0,"max_hp_gain":0.0,"max_hp_loss":0.0,"gold_gain":0.0,"event_name":"Purifier","player_choice":"Purged","floor":19.0,"gold_loss":0.0,"damage_taken":0.0},{"damage_healed":0.0,"max_hp_gain":0.0,"max_hp_loss":0.0,"gold_gain":0.0,"event_name":"Ghosts","player_choice":"Ignored","floor":25.0,"gold_loss":0.0,"damage_taken":0.0},{"damage_healed":0.0,"max_hp_gain":0.0,"max_hp_loss":0.0,"gold_gain":0.0,"event_name":"WeMeetAgain","player_choice":"Gave Potion","floor":28.0,"gold_loss":0.0,"damage_taken":0.0,"relics_obtained":["Shuriken"]},{"cards_removed":["Leg Sweep"],"damage_healed":0.0,"max_hp_gain":0.0,"max_hp_loss":0.0,"gold_gain":0.0,"event_name":"Falling","player_choice":"Removed Skill","floor":37.0,"gold_loss":0.0,"damage_taken":0.0},{"damage_healed":0.0,"max_hp_gain":0.0,"max_hp_loss":0.0,"gold_gain":0.0,"event_name":"Accursed Blacksmith","player_choice":"Rummage","floor":39.0,"gold_loss":0.0,"damage_taken":0.0,"relics_obtained":["WarpedTongs"],"cards_obtained":["Pain"]},{"damage_healed":18,"gold_gain":0,"player_choice":"Writhe","damage_taken":0,"max_hp_gain":0,"max_hp_loss":0,"event_name":"Winding Halls","floor":45,"gold_loss":0,"cards_obtained":["Writhe"]}],"is_beta":false,"boss_relics":[{"not_picked":["Tiny House","Runic Pyramid"],"picked":"Snecko Eye"},{"not_picked":["Philosopher\u0027s Stone","WristBlade"],"picked":"Sozu"}],"items_purged_floors":[42,48],"is_endless":false,"potions_floor_spawned":[5,7,11,16,18,22,31,33,40,47],"ascension_level":0}