{"gold_per_floor":[116,86,104,118,43,43,43,43,43,61,61,81,81,100,100,196,196,196,111,111,11,11,11,11,0,0,0,0,0,0,0,0,0,0,0,0,0,0,0,0,0,0,0,0,0,0,0,0,0,0],"floor_reached":50,"playtime":4867,"items_purged":["Strike_G","Defend_G"],"score":1050,"play_id":"86bb8198-d3bc-4fc4-a653-1b5f8ae976fd","local_time":"20190430133533","is_ascension_mode":false,"campfire_choices":[{"data":"Blur","floor":6,"key":"SMITH"},{"data":"Survivor","floor":8,"key":"SMITH"},{"data":"Caltrops","floor":11,"key":"SMITH"},{"floor":15,"key":"DIG"},{"data":"Cloak And Dagger","floor":23,"key":"SMITH"},{"floor":27,"key":"REST"},{"data":"Reflex","floor":30,"key":"SMITH"},{"data":"Underhanded Strike","floor":32,"key":"SMITH"},{"data":"Cloak And Dagger","floor":40,"key":"SMITH"},{"floor":47,"key":"REST"},{"data":"Accuracy","floor":49,"key":"SMITH"}],"neow_cost":"NONE","seed_source_timestamp":55991885087600,"circlet_count":0,"master_deck":["Defend_G+1","Defend_G","Defend_G","Defend_G","Strike_G","Strike_G","Strike_G","Strike_G","Survivor+1","Neutralize","Blur+1","Escape Plan+1","Caltrops+1","Slice","Cloak And Dagger+1","After Image+1","Underhanded Strike+1","Reflex+1","Slice+1","Envenom+1","Cloak And Dagger+1","Underhanded Strike","Noxious Fumes+1","Forethought","Guardian:Gem_Green","Accuracy+1"],"relics":["Snecko Scales","Golden Egg","construct:RocketBooster","Ectoplasm","Darkstone Periapt","Nilry\u0027s Codex","Dream Catcher","construct:FoamFinger","Orrery","Blue Doll","PreservedInsect"],"potions_floor_usage":[16,16,16,29,38,38,50],"damage_taken":[{"damage":0,"enemies":"Jaw Worm","floor":1,"turns":4},{"damage":0,"enemies":"Cultist","floor":3,"turns":3},{"damage":0,"enemies":"Small Slimes","floor":4,"turns":3},{"damage":0,"enemies":"Blue Slaver","floor":10,"turns":5},{"damage":2,"enemies":"2 Fungi Beasts","floor":12,"turns":3},{"damage":0,"enemies":"Looter","floor":14,"turns":3},{"damage":11,"enemies":"Hexaghost","floor":16,"turns":7},{"damage":0,"enemies":"Spheric Guardian","floor":18,"turns":5},{"damage":0,"enemies":"Chosen","floor":28,"turns":4},{"damage":0,"enemies":"Slavers","floor":29,"turns":6},{"damage":0,"enemies":"3 Cultists","floor":31,"turns":4},{"damage":0,"enemies":"Pondfish","floor":33,"turns":8},{"damage":0,"enemies":"3 Shapes","floor":35,"turns":4},{"damage":0,"enemies":"Orb Walker","floor":37,"turns":4},{"damage":0,"enemies":"Transient","floor":38,"turns":5},{"damage":14,"enemies":"Spire Growth","floor":41,"turns":5},{"damage":6,"enemies":"3 Darklings","floor":46,"turns":5},{"damage":0,"enemies":"Transient","floor":48,"turns":5},{"damage":75,"enemies":"Time Eater","floor":50,"turns":10}],"seed_played":"7530236119377455481","potions_obtained":[{"floor":4,"key":"PowerPotion"},{"floor":10,"key":"Reflective Coating"},{"floor":12,"key":"SkillPotion"},{"floor":16,"key":"Block Potion"},{"floor":18,"key":"Regen Potion"},{"floor":28,"key":"Adrenaline Potion"},{"floor":37,"key":"EntropicBrew"},{"floor":46,"key":"Doom Potion"}],"is_trial":false,"path_per_floor":["M","?","M","M","$","R","?","R","T","M","R","M","?","M","R","B",null,"M","?","?","$","?","R","?","?","T","R","M","E","R","M","R","B",null,"M","?","M","M","?","R","M","?","T","?","$","M","R","M","R","B"],"character_chosen":"THE_SILENT","items_purchased":[],"campfire_rested":2,"item_purchase_floors":[],"current_hp_per_floor":[70,70,70,70,70,70,70,70,70,70,70,68,73,73,73,62,75,75,75,75,75,75,75,59,59,59,75,75,75,75,75,75,75,75,75,75,75,75,75,75,61,61,61,61,61,55,75,75,75,0],"gold":0,"neow_bonus":"BOSS_RELIC","is_prod":false,"is_daily":false,"chose_seed":false,"campfire_upgraded":8,"win_rate":0.0,"timestamp":1556588133,"path_taken":["M","?","M","M","$","R","?","R","T","?","R","?","?","M","R","BOSS","M","?","?","$","?","R","?","?","T","R","M","E","R","M","R","BOSS","M","?","M","?","?","R","?","?","T","?","$","?","R","?","R","BOSS"],"build_version":"2019-01-23","purchased_purges":2,"victory":false,"max_hp_per_floor":[70,70,70,70,70,70,70,70,70,70,70,70,75,75,75,75,75,75,75,75,75,75,75,75,75,75,75,75,75,75,75,75,75,75,75,75,75,75,75,75,75,75,75,75,75,75,75,75,75,75],"card_choices":[{"not_picked":["PiercingWail","Flying Knee","Bane"],"picked":"SKIP","floor":1},{"not_picked":["ReplayTheSpireMod:Scrap Shanks","Accuracy"],"picked":"Blur","floor":3},{"not_picked":["Slice","Expertise"],"picked":"Escape Plan","floor":4},{"not_picked":["Flying Knee","Heel Hook"],"picked":"Caltrops","floor":10},{"not_picked":["Prepared","Sucker Punch"],"picked":"Slice","floor":12},{"not_picked":["Bane","Blade Dance"],"picked":"Cloak And Dagger","floor":14},{"not_picked":["Poison Darts","Replay:Bag of Tricks"],"picked":"After Image","floor":16},{"not_picked":["Accuracy","PiercingWail","Dodge and Roll"],"picked":"SKIP","floor":18},{"not_picked":["Skewer+1","Acrobatics"],"picked":"Underhanded Strike","floor":27},{"not_picked":["Sucker Punch+1","Backstab"],"picked":"Reflex","floor":28},{"not_picked":["Prepared","Sneak Up+1"],"picked":"Slice+1","floor":29},{"not_picked":["Dagger Spray","Tactician"],"picked":"Fluid Movement","floor":31},{"not_picked":["Adrenaline","Storm of Steel"],"picked":"Envenom","floor":33},{"not_picked":["Hidden Blade","Outmaneuver"],"picked":"Cloak And Dagger","floor":34},{"not_picked":["Skewer","PiercingWail"],"picked":"Underhanded Strike","floor":34},{"not_picked":["Dagger Throw","Well Laid Plans+1"],"picked":"Noxious Fumes","floor":34},{"not_picked":["Quick Slash","Catalyst","Calculated Gamble"],"picked":"SKIP","floor":35},{"not_picked":["Underhanded Strike+1","Sucker Punch","Predator+1"],"picked":"SKIP","floor":37},{"not_picked":["Catalyst","ReplayTheSpireMod:Speed Training+1","Poisoned Stab+1"],"picked":"SKIP","floor":38},{"not_picked":["Heel Hook+1","Deflect","Bane"],"picked":"SKIP","floor":41},{"not_picked":["Deep Breath","Trip"],"picked":"Forethought","floor":42},{"not_picked":["Noxious Fumes+1","Deadly Poison+1","Quick Slash+1"],"picked":"SKIP","floor":46},{"not_picked":["Doppelganger","Well Laid Plans+1"],"picked":"Accuracy","floor":48}],"player_experience":118139,"relics_obtained":[{"floor":9,"key":"Golden Egg"},{"floor":15,"key":"construct:RocketBooster"},{"floor":24,"key":"Nilry\u0027s Codex"},{"floor":26,"key":"Dream Catcher"},{"floor":29,"key":"construct:FoamFinger"},{"floor":43,"key":"PreservedInsect"}],"event_choices":[{"damage_healed":0,"gold_gain":0,"player_choice":"Left Gold","damage_taken":0,"max_hp_gain":0,"max_hp_loss":0,"event_name":"World of Goop","floor":2,"gold_loss":30},{"damage_healed":0,"gold_gain":0,"player_choice":"Upgraded","damage_taken":0,"max_hp_gain":0,"max_hp_loss":0,"event_name":"Upgrade Shrine","floor":7,"gold_loss":0,"cards_upgraded":["Escape Plan"]},{"damage_healed":0,"gold_gain":0,"player_choice":"Donut","damage_taken":0,"max_hp_gain":5,"max_hp_loss":0,"event_name":"Big Fish","floor":13,"gold_loss":0},{"damage_healed":0,"gold_gain":0,"player_choice":"Obtained Relic","damage_taken":0,"relics_obtained":["Darkstone Periapt"],"max_hp_gain":0,"max_hp_loss":0,"event_name":"Addict","floor":19,"gold_loss":85},{"damage_healed":0,"gold_gain":0,"player_choice":"Ignored","damage_taken":0,"max_hp_gain":0,"max_hp_loss":0,"event_name":"Beggar","floor":22,"gold_loss":0},{"damage_healed":0,"gold_gain":0,"player_choice":"Obtained Book","damage_taken":16,"max_hp_gain":0,"max_hp_loss":0,"event_name":"Cursed Tome","floor":24,"gold_loss":0},{"damage_healed":0,"gold_gain":0,"player_choice":"Paid Fearfully","damage_taken":0,"max_hp_gain":0,"max_hp_loss":0,"event_name":"Masked Bandits","floor":25,"gold_loss":11},{"damage_healed":0,"gold_gain":0,"player_choice":"Forge","damage_taken":0,"max_hp_gain":0,"max_hp_loss":0,"event_name":"Accursed Blacksmith","floor":36,"gold_loss":0,"cards_upgraded":["Noxious Fumes"]},{"damage_healed":0,"gold_gain":0,"player_choice":"Gave Potion","damage_taken":0,"relics_obtained":["Blue Doll"],"max_hp_gain":0,"max_hp_loss":0,"event_name":"WeMeetAgain","floor":39,"gold_loss":0},{"damage_healed":0,"gold_gain":0,"player_choice":"Memory 1","damage_taken":0,"max_hp_gain":0,"max_hp_loss":0,"event_name":"SensoryStone","floor":42,"gold_loss":0}],"is_beta":false,"boss_relics":[{"not_picked":["Ring of Chaos","Runic Pyramid"],"picked":"Ectoplasm"},{"not_picked":["Fusion Hammer","ReplayTheSpireMod:DimensionalGlitch"],"picked":"Orrery"}],"items_purged_floors":[5,21],"is_endless":false,"potions_floor_spawned":[4,10,12,16,18,28,37,46],"killed_by":"Time Eater","ascension_level":0}