{"gold_per_floor":[115,115,115,115,133,133,133,145,171,25,41,52,78,78,78,174,174,194,109,109,129,29,29,29,40,40,40,60,75,75,94,94,191,191,201,161,177,188,63,63,92,92,92,92,102,102,102,115,115,115],"floor_reached":51,"playtime":3111,"items_purged":["Strike_G","Parasite","Strike_G"],"score":735,"play_id":"7e7e7d71-77a3-4b5e-a103-a5c054e61547","local_time":"20190116012254","is_ascension_mode":true,"campfire_choices":[{"data":"Neutralize","floor":6,"key":"SMITH"},{"data":"Accuracy","floor":15,"key":"SMITH"},{"data":"Blade Dance","floor":23,"key":"SMITH"},{"data":"Blade Dance","floor":27,"key":"SMITH"},{"data":"Blade Dance","floor":30,"key":"SMITH"},{"data":"Burst","floor":32,"key":"SMITH"},{"data":"Cloak And Dagger","floor":40,"key":"SMITH"},{"data":"Phantasmal Killer","floor":42,"key":"SMITH"},{"data":"Backflip","floor":44,"key":"SMITH"},{"data":"Tactician","floor":47,"key":"SMITH"},{"data":"Defend_G","floor":49,"key":"SMITH"}],"neow_cost":"NONE","seed_source_timestamp":499837379887651,"circlet_count":0,"master_deck":["Defend_G+1","Defend_G","Defend_G","Defend_G","Defend_G+1","Strike_G","Survivor+1","Neutralize+1","Blade Dance+1","Flying Knee","Finisher","Blade Dance+1","Accuracy+1","Backflip+1","Cloak And Dagger+1","Phantasmal Killer+1","Burst+1","Blade Dance+1","Backflip+1","Prepared+1","Backstab+1","Backstab+1","Tactician+1","Footwork+1"],"relics":["Ring of the Snake","Bag of Marbles","Gambling Chip","WristBlade","Singing Bowl","Molten Egg 2","Philosopher\u0027s Stone","Pen Nib","Mango"],"potions_floor_usage":[33,33,50],"damage_taken":[{"damage":5,"enemies":"Small Slimes","floor":1,"turns":4},{"damage":2,"enemies":"2 Louse","floor":5,"turns":4},{"damage":0,"enemies":"Cultist","floor":8,"turns":3},{"damage":0,"enemies":"Large Slime","floor":11,"turns":4},{"damage":0,"enemies":"2 Fungi Beasts","floor":12,"turns":3},{"damage":18,"enemies":"Gremlin Nob","floor":13,"turns":4},{"damage":11,"enemies":"Hexaghost","floor":16,"turns":8},{"damage":0,"enemies":"3 Byrds","floor":18,"turns":5},{"damage":5,"enemies":"Chosen","floor":21,"turns":3},{"damage":3,"enemies":"Snecko","floor":25,"turns":4},{"damage":0,"enemies":"Sentry and Sphere","floor":28,"turns":3},{"damage":0,"enemies":"Centurion and Healer","floor":29,"turns":3},{"damage":0,"enemies":"Shelled Parasite and Fungi","floor":31,"turns":2},{"damage":59,"enemies":"Champ","floor":33,"turns":10},{"damage":0,"enemies":"Orb Walker","floor":35,"turns":1},{"damage":1,"enemies":"3 Shapes","floor":37,"turns":2},{"damage":0,"enemies":"Maw","floor":38,"turns":4},{"damage":25,"enemies":"Reptomancer","floor":41,"turns":5},{"damage":0,"enemies":"3 Darklings","floor":45,"turns":1},{"damage":0,"enemies":"Sphere and 2 Shapes","floor":48,"turns":2},{"damage":33,"enemies":"Awakened One","floor":50,"turns":9}],"seed_played":"-8122616146337059838","potions_obtained":[{"floor":8,"key":"Dexterity Potion"},{"floor":12,"key":"SneckoOil"},{"floor":16,"key":"Block Potion"},{"floor":21,"key":"Regen Potion"},{"floor":38,"key":"Swift Potion"}],"is_trial":false,"path_per_floor":["M","?","?","?","M","R","?","M","T","$","M","M","E","?","R","B",null,"M","?","?","M","$","R","?","M","T","R","M","M","R","M","R","B",null,"M","?","M","M","$","R","E","R","T","R","M","?","R","M","R","B",null],"character_chosen":"THE_SILENT","items_purchased":["Accuracy"],"campfire_rested":0,"item_purchase_floors":[10],"current_hp_per_floor":[65,70,70,55,53,53,53,53,53,53,53,53,35,53,53,42,75,75,75,75,70,70,70,70,69,69,69,71,73,73,73,73,16,80,82,82,83,83,83,83,58,58,72,72,72,72,72,72,72,54],"gold":115,"neow_bonus":"TRANSFORM_CARD","is_prod":false,"is_daily":false,"chose_seed":false,"campfire_upgraded":11,"win_rate":0,"timestamp":1547623374,"path_taken":["M","?","?","?","M","R","?","?","T","$","M","M","E","?","R","BOSS","M","?","?","M","$","R","?","M","T","R","M","M","R","M","R","BOSS","M","?","?","M","$","R","E","R","T","R","M","?","R","M","R","BOSS"],"build_version":"2019-01-10","purchased_purges":3,"victory":true,"max_hp_per_floor":[70,75,75,75,75,75,75,75,75,75,75,75,75,75,75,75,75,75,75,75,75,72,72,72,74,74,74,76,78,78,78,78,80,80,82,82,84,84,84,84,84,84,98,98,98,98,98,98,98,98],"card_choices":[{"not_picked":["Underhanded Strike","Riddle With Holes"],"picked":"Blade Dance","floor":1},{"not_picked":["Deflect","Poisoned Stab"],"picked":"Flying Knee","floor":5},{"not_picked":["Dodge and Roll","Sucker Punch"],"picked":"Blade Dance","floor":8},{"not_picked":["Quick Slash","Deflect"],"picked":"Backflip","floor":11},{"not_picked":["Sucker Punch","Slice"],"picked":"Cloak And Dagger","floor":12},{"not_picked":["Quick Slash","All Out Attack"],"picked":"Phantasmal Killer","floor":13},{"not_picked":["Unload","After Image"],"picked":"Burst","floor":16},{"not_picked":["Dodge and Roll","Dagger Spray"],"picked":"Blade Dance","floor":18},{"not_picked":["PiercingWail+1","Underhanded Strike+1"],"picked":"Backflip","floor":21},{"not_picked":["Caltrops","Tactician","Predator"],"picked":"Singing Bowl","floor":25},{"not_picked":["Caltrops","Noxious Fumes+1","Deflect"],"picked":"Singing Bowl","floor":28},{"not_picked":["Bane+1","Prepared","Dagger Throw+1"],"picked":"Singing Bowl","floor":29},{"not_picked":["Sucker Punch+1","Reflex"],"picked":"Prepared+1","floor":31},{"not_picked":["Unload+1","Burst","Malaise"],"picked":"Singing Bowl","floor":33},{"not_picked":["Dash+1","Deadly Poison","Dodge and Roll+1"],"picked":"Singing Bowl","floor":35},{"not_picked":["Dodge and Roll","Deadly Poison+1","Endless Agony+1"],"picked":"Singing Bowl","floor":37},{"not_picked":["Dagger Spray+1","Flying Knee+1"],"picked":"Backstab+1","floor":38},{"not_picked":["Dodge and Roll","A Thousand Cuts"],"picked":"Backstab+1","floor":41},{"not_picked":["Poisoned Stab+1","Sucker Punch+1"],"picked":"Tactician","floor":45},{"not_picked":["Outmaneuver+1","Slice+1"],"picked":"Footwork+1","floor":48}],"player_experience":217483,"relics_obtained":[{"floor":9,"key":"Bag of Marbles"},{"floor":13,"key":"Gambling Chip"},{"floor":26,"key":"Molten Egg 2"},{"floor":41,"key":"Pen Nib"},{"floor":43,"key":"Mango"}],"event_choices":[{"damage_healed":0,"gold_gain":0,"player_choice":"Donut","damage_taken":0,"max_hp_gain":5,"max_hp_loss":0,"event_name":"Big Fish","floor":2,"gold_loss":0},{"damage_healed":0,"gold_gain":0,"player_choice":"Ignored","damage_taken":0,"max_hp_gain":0,"max_hp_loss":0,"event_name":"Liars Game","floor":3,"gold_loss":0},{"damage_healed":0,"gold_gain":0,"player_choice":"Entered Light","damage_taken":15,"max_hp_gain":0,"max_hp_loss":0,"event_name":"Shining Light","floor":4,"gold_loss":0,"cards_upgraded":["Flying Knee","Survivor"]},{"damage_healed":0,"gold_gain":0,"cards_transformed":["Strike_G"],"player_choice":"Transformed","damage_taken":0,"max_hp_gain":0,"max_hp_loss":0,"event_name":"Transmorgrifier","floor":7,"gold_loss":0,"cards_obtained":["Finisher"]},{"damage_healed":18,"gold_gain":0,"player_choice":"Healed and dodged fight","damage_taken":0,"max_hp_gain":0,"max_hp_loss":0,"event_name":"Mushrooms","floor":14,"gold_loss":0,"cards_obtained":["Parasite"]},{"damage_healed":0,"gold_gain":0,"player_choice":"Obtained Relic","damage_taken":0,"relics_obtained":["Singing Bowl"],"max_hp_gain":0,"max_hp_loss":0,"event_name":"Addict","floor":19,"gold_loss":85},{"damage_healed":0,"gold_gain":0,"player_choice":"Ignored","damage_taken":0,"max_hp_gain":0,"max_hp_loss":0,"event_name":"The Mausoleum","floor":20,"gold_loss":0},{"damage_healed":0,"gold_gain":0,"player_choice":"Ignored","damage_taken":0,"max_hp_gain":0,"max_hp_loss":0,"event_name":"Vampires","floor":24,"gold_loss":0},{"damage_healed":0,"gold_gain":0,"player_choice":"Upgraded Two","damage_taken":0,"max_hp_gain":0,"max_hp_loss":0,"event_name":"Designer","floor":36,"gold_loss":40,"cards_upgraded":["Backflip","Defend_G"]},{"cards_removed":["Flying Knee"],"damage_healed":0,"gold_gain":0,"player_choice":"Removed Attack","damage_taken":0,"max_hp_gain":0,"max_hp_loss":0,"event_name":"Falling","floor":46,"gold_loss":0}],"is_beta":false,"boss_relics":[{"not_picked":["Empty Cage","White Beast Statue"],"picked":"WristBlade"},{"not_picked":["Eternal Feather","Tiny House"],"picked":"Philosopher\u0027s Stone"}],"items_purged_floors":[10,22,39],"is_endless":false,"potions_floor_spawned":[8,12,16,21,29,38],"ascension_level":1}