{"gold_per_floor":[112,112,33,33,45,45,74,74,142,142,92,124,124,135,135,236,236,248,248,248,264,264,264,297,297,324,324,356,210,226,242,242,345,345,364,46,46,59,159,192,192,208,234,234,54,84,84,84,84,84],"floor_reached":51,"playtime":3951,"items_purged":["Strike_G+1","Strike_G+1"],"score":1040,"play_id":"9b2f9f0a-0a6e-4079-a535-9a83230a48b8","local_time":"20190429000010","is_ascension_mode":true,"campfire_choices":[{"data":"Noxious Fumes","floor":6,"key":"SMITH"},{"data":"Sucker Punch","floor":8,"key":"SMITH"},{"data":"Neutralize","floor":10,"key":"SMITH"},{"floor":13,"key":"REST"},{"floor":15,"key":"REST"},{"floor":23,"key":"REST"},{"data":"Crippling Poison","floor":25,"key":"SMITH"},{"floor":27,"key":"REST"},{"data":"Caltrops","floor":32,"key":"SMITH"},{"data":"Burst","floor":41,"key":"SMITH"},{"floor":49,"key":"DIG"}],"neow_cost":"NONE","seed_source_timestamp":180843398191672,"circlet_count":0,"master_deck":["Defend_G+1","Defend_G+1","Defend_G+1","Defend_G+1","Defend_G+1","Strike_G+1","Strike_G+1","Survivor","Neutralize+1","Noxious Fumes+1","Blur","Sucker Punch+1","Catalyst","Backstab","Cloak And Dagger+1","Adrenaline","PiercingWail","Outmaneuver+1","Crippling Poison+1","Dodge and Roll","Caltrops+1","Burst+1","Backflip+1","Leg Sweep","Bandage Up","Deadly Poison","Deadly Poison+1","PiercingWail+1","Deadly Poison+1","Catalyst","Poisoned Stab+1","Decay"],"relics":["Ring of the Snake","NeowsBlessing","Ornamental Fan","Mango","Dodecahedron","FossilizedHelix","Philosopher\u0027s Stone","Nilry\u0027s Codex","Mummified Hand","War Paint","Regal Pillow","Eternal Feather","TwistedFunnel","Shovel","Ancient Tea Set","Boot","Anchor","Bronze Scales"],"potions_floor_usage":[12,31,42,50,50],"damage_taken":[{"damage":0,"enemies":"2 Louse","floor":1,"turns":1},{"damage":0,"enemies":"Jaw Worm","floor":5,"turns":1},{"damage":0,"enemies":"3 Sentries","floor":7,"turns":1},{"damage":19,"enemies":"Gremlin Nob","floor":12,"turns":5},{"damage":0,"enemies":"Small Slimes","floor":14,"turns":3},{"damage":7,"enemies":"The Guardian","floor":16,"turns":13},{"damage":5,"enemies":"3 Byrds","floor":18,"turns":6},{"damage":0,"enemies":"2 Thieves","floor":21,"turns":4},{"damage":32,"enemies":"Slavers","floor":24,"turns":8},{"damage":7,"enemies":"Gremlin Leader","floor":28,"turns":7},{"damage":0,"enemies":"Centurion and Healer","floor":30,"turns":5},{"damage":0,"enemies":"Shelled Parasite and Fungi","floor":31,"turns":4},{"damage":61,"enemies":"Collector","floor":33,"turns":11},{"damage":0,"enemies":"3 Shapes","floor":35,"turns":6},{"damage":0,"enemies":"Orb Walker","floor":38,"turns":5},{"damage":7,"enemies":"Mind Bloom Boss Battle","floor":39,"turns":9},{"damage":0,"enemies":"Giant Head","floor":40,"turns":7},{"damage":0,"enemies":"Jaw Worm Horde","floor":42,"turns":6},{"damage":14,"enemies":"Nemesis","floor":46,"turns":5},{"damage":52,"enemies":"Donu and Deca","floor":50,"turns":10}],"seed_played":"-2386806336159470014","potions_obtained":[{"floor":7,"key":"FearPotion"},{"floor":12,"key":"FearPotion"},{"floor":18,"key":"Strength Potion"},{"floor":30,"key":"Regen Potion"},{"floor":33,"key":"Block Potion"},{"floor":35,"key":"Dexterity Potion"},{"floor":46,"key":"SkillPotion"}],"is_trial":false,"path_per_floor":["M","?","$","?","M","R","E","R","T","R","?","E","R","M","R","B",null,"M","?","?","M","?","R","E","R","T","R","E","$","M","M","R","B",null,"M","$","?","M","?","E","R","M","T","?","$","E","?","?","R","B",null],"character_chosen":"THE_SILENT","items_purchased":["Blur","Caltrops","Leg Sweep","Well Laid Plans","TwistedFunnel","Catalyst"],"campfire_rested":4,"item_purchase_floors":[3,29,36,36,36,45],"current_hp_per_floor":[63,45,45,31,31,31,45,45,45,45,45,26,51,51,76,69,80,75,75,75,75,59,84,52,52,52,77,70,70,70,82,82,21,68,68,68,68,72,69,73,84,84,84,84,84,70,70,70,84,36],"gold":84,"neow_bonus":"THREE_ENEMY_KILL","is_prod":false,"is_daily":false,"chose_seed":false,"campfire_upgraded":6,"win_rate":0,"timestamp":1556514010,"path_taken":["M","?","$","?","M","R","E","R","T","R","?","E","R","M","R","BOSS","M","?","?","?","?","R","E","R","T","R","E","$","M","M","R","BOSS","M","$","?","M","?","E","R","M","T","?","$","E","?","?","R","BOSS"],"build_version":"2019-01-23","purchased_purges":2,"victory":true,"max_hp_per_floor":[70,70,70,70,70,70,84,84,84,84,84,84,84,84,84,84,84,84,84,84,84,84,84,84,84,84,84,84,84,84,84,84,84,84,84,84,84,84,84,84,84,84,84,84,84,84,84,84,84,84],"card_choices":[{"not_picked":["Deadly Poison","Escape Plan"],"picked":"Noxious Fumes","floor":1},{"not_picked":["All Out Attack","Prepared"],"picked":"Sucker Punch","floor":5},{"not_picked":["Dagger Spray","Prepared"],"picked":"Catalyst","floor":7},{"not_picked":["Glass Knife","Blade Dance"],"picked":"Backstab","floor":12},{"not_picked":["Noxious Fumes","Slice"],"picked":"Cloak And Dagger","floor":14},{"not_picked":["Grand Finale","Doppelganger"],"picked":"Adrenaline","floor":16},{"not_picked":["Blade Dance","All Out Attack"],"picked":"PiercingWail","floor":18},{"not_picked":["Prepared+1","Predator+1"],"picked":"Outmaneuver","floor":21},{"not_picked":["Bane","Well Laid Plans"],"picked":"Crippling Poison","floor":24},{"not_picked":["Flying Knee","Finisher"],"picked":"Dodge and Roll","floor":28},{"not_picked":["Underhanded Strike","Quick Slash+1","Distraction+1"],"picked":"SKIP","floor":30},{"not_picked":["Eviscerate","Blade Dance+1","Flechettes"],"picked":"SKIP","floor":31},{"not_picked":["Adrenaline","Corpse Explosion"],"picked":"Burst","floor":33},{"not_picked":["Dagger Spray","Bane+1"],"picked":"Backflip+1","floor":35},{"not_picked":["Swift Strike","Magnetism"],"picked":"Bandage Up","floor":37},{"not_picked":["Quick Slash+1","Choke"],"picked":"Deadly Poison","floor":38},{"not_picked":["Outmaneuver+1","Concentrate+1"],"picked":"Deadly Poison+1","floor":39},{"not_picked":["Dash","Deadly Poison"],"picked":"PiercingWail+1","floor":40},{"not_picked":["Infinite Blades","Flechettes+1"],"picked":"Deadly Poison+1","floor":42},{"not_picked":["Cloak And Dagger","Well Laid Plans+1"],"picked":"Poisoned Stab+1","floor":46}],"player_experience":469764,"relics_obtained":[{"floor":7,"key":"Mango"},{"floor":9,"key":"Dodecahedron"},{"floor":12,"key":"FossilizedHelix"},{"floor":22,"key":"Nilry\u0027s Codex"},{"floor":24,"key":"Mummified Hand"},{"floor":26,"key":"War Paint"},{"floor":28,"key":"Regal Pillow"},{"floor":39,"key":"Shovel"},{"floor":40,"key":"Ancient Tea Set"},{"floor":43,"key":"Boot"},{"floor":46,"key":"Anchor"},{"floor":49,"key":"Bronze Scales"}],"event_choices":[{"damage_healed":0,"gold_gain":0,"player_choice":"Success","damage_taken":18,"relics_obtained":["Ornamental Fan"],"max_hp_gain":0,"max_hp_loss":0,"event_name":"Scrap Ooze","floor":2,"gold_loss":0},{"damage_healed":0,"gold_gain":0,"player_choice":"Entered Light","damage_taken":14,"max_hp_gain":0,"max_hp_loss":0,"event_name":"Shining Light","floor":4,"gold_loss":0,"cards_upgraded":["Defend_G","Strike_G"]},{"cards_removed":["Strike_G"],"damage_healed":0,"gold_gain":0,"player_choice":"Card Removal","damage_taken":0,"max_hp_gain":0,"max_hp_loss":0,"event_name":"The Cleric","floor":11,"gold_loss":50},{"damage_healed":0,"gold_gain":0,"player_choice":"Simplicity","damage_taken":0,"max_hp_gain":0,"max_hp_loss":0,"event_name":"Back to Basics","floor":19,"gold_loss":0,"cards_upgraded":["Defend_G","Defend_G","Defend_G","Defend_G","Strike_G","Strike_G","Strike_G"]},{"damage_healed":0,"gold_gain":0,"player_choice":"Bought 0 Potions","damage_taken":0,"max_hp_gain":0,"max_hp_loss":0,"event_name":"The Woman in Blue","floor":20,"gold_loss":0},{"damage_healed":0,"gold_gain":0,"player_choice":"Obtained Book","damage_taken":16,"max_hp_gain":0,"max_hp_loss":0,"event_name":"Cursed Tome","floor":22,"gold_loss":0},{"damage_healed":0,"gold_gain":0,"player_choice":"Memory 1","damage_taken":0,"max_hp_gain":0,"max_hp_loss":0,"event_name":"SensoryStone","floor":37,"gold_loss":0},{"damage_healed":0,"gold_gain":0,"player_choice":"Fight","damage_taken":0,"max_hp_gain":0,"max_hp_loss":0,"event_name":"MindBloom","floor":39,"gold_loss":0},{"damage_healed":0,"gold_gain":0,"player_choice":"Ignored","damage_taken":0,"max_hp_gain":0,"max_hp_loss":0,"event_name":"Tomb of Lord Red Mask","floor":44,"gold_loss":0},{"cards_removed":["Well Laid Plans"],"damage_healed":0,"gold_gain":0,"player_choice":"Removed Power","damage_taken":0,"max_hp_gain":0,"max_hp_loss":0,"event_name":"Falling","floor":47,"gold_loss":0},{"damage_healed":0,"gold_gain":0,"player_choice":"Cursed","damage_taken":0,"max_hp_gain":0,"max_hp_loss":0,"event_name":"Wheel of Change","floor":48,"gold_loss":0,"cards_obtained":["Decay"]}],"is_beta":false,"boss_relics":[{"not_picked":["Runic Pyramid","Astrolabe"],"picked":"Philosopher\u0027s Stone"},{"not_picked":["Calling Bell","Lizard Tail"],"picked":"Eternal Feather"}],"items_purged_floors":[29,45],"is_endless":false,"potions_floor_spawned":[7,12,18,30,33,35,46],"ascension_level":7}