{"gold_per_floor":[110,126,126,138,63,63,75,107,107,7,7,7,33,33,33,128,128,97,97,97,196,196],"floor_reached":22,"playtime":1021,"items_purged":["Strike_G","Defend_G"],"score":291,"play_id":"9007babd-e100-4ac1-acf9-7be28c1ac73b","local_time":"20190507090229","is_ascension_mode":true,"campfire_choices":[{"data":"Accuracy","floor":6,"key":"SMITH"},{"floor":12,"key":"REST"},{"floor":15,"key":"REST"}],"neow_cost":"NONE","seed_source_timestamp":421656524822341,"circlet_count":0,"master_deck":["Defend_G","Defend_G","Defend_G","Defend_G","Strike_G","Strike_G","Strike_G","Strike_G","Survivor","Neutralize","Accuracy+1","Cloak And Dagger","Infinite Blades","Blade Dance+1","Caltrops+1","Burst","Normality","Parasite","Normality","Cloak And Dagger"],"relics":["Ring of the Snake","CultistMask","PreservedInsect","Kunai","Torii","Calling Bell","Bag of Preparation","Pear","Nunchaku","Pantograph"],"potions_floor_usage":[4,8,16,18],"damage_taken":[{"damage":7,"enemies":"Small Slimes","floor":1,"turns":5},{"damage":10,"enemies":"Cultist","floor":2,"turns":4},{"damage":0,"enemies":"2 Louse","floor":4,"turns":1},{"damage":19,"enemies":"Lots of Slimes","floor":7,"turns":6},{"damage":6,"enemies":"Lagavulin","floor":8,"turns":5},{"damage":14,"enemies":"3 Sentries","floor":13,"turns":6},{"damage":21,"enemies":"Hexaghost","floor":16,"turns":9},{"damage":66,"enemies":"2 Thieves","floor":18,"turns":5},{"damage":13,"enemies":"Chosen","floor":22,"turns":3}],"seed_played":"7014238568252399349","potions_obtained":[{"floor":1,"key":"Explosive Potion"},{"floor":7,"key":"SkillPotion"},{"floor":13,"key":"GhostInAJar"},{"floor":16,"key":"GamblersBrew"}],"is_trial":false,"path_per_floor":["M","M","?","M","$","R","M","E","T","$","?","R","E","?","R","B",null,"M","$","T","?","M"],"character_chosen":"THE_SILENT","items_purchased":[],"campfire_rested":2,"item_purchase_floors":[],"current_hp_per_floor":[63,53,53,53,53,53,34,28,28,28,28,51,37,37,60,39,78,12,12,12,12,0],"gold":196,"neow_bonus":"TEN_PERCENT_HP_BONUS","is_prod":false,"is_daily":false,"chose_seed":false,"campfire_upgraded":1,"win_rate":0,"timestamp":1557212549,"path_taken":["M","M","?","M","?","R","M","E","T","$","?","R","E","?","R","BOSS","M","?","?","?","M"],"build_version":"2019-01-23","purchased_purges":2,"victory":false,"max_hp_per_floor":[77,77,77,77,77,77,77,77,77,77,77,77,77,77,77,77,87,87,87,87,87,87],"card_choices":[{"not_picked":["Poisoned Stab","Expertise"],"picked":"Accuracy","floor":1},{"not_picked":["Masterful Stab","Well Laid Plans"],"picked":"Cloak And Dagger","floor":2},{"not_picked":["Predator","Crippling Poison"],"picked":"Infinite Blades","floor":4},{"not_picked":["Dagger Throw","Flying Knee"],"picked":"Blade Dance","floor":7},{"not_picked":["Sucker Punch","Dodge and Roll","Slice"],"picked":"SKIP","floor":8},{"not_picked":["Malaise","Outmaneuver"],"picked":"Caltrops","floor":13},{"not_picked":["Night Terror","Unload"],"picked":"Burst","floor":16},{"not_picked":["Outmaneuver","Endless Agony"],"picked":"Cloak And Dagger","floor":18}],"player_experience":424185,"relics_obtained":[{"floor":8,"key":"PreservedInsect"},{"floor":9,"key":"Kunai"},{"floor":13,"key":"Torii"},{"floor":17,"key":"Bag of Preparation"},{"floor":17,"key":"Pear"},{"floor":17,"key":"Nunchaku"},{"floor":20,"key":"Pantograph"}],"event_choices":[{"damage_healed":0,"gold_gain":0,"player_choice":"Trade","damage_taken":0,"relics_obtained":["CultistMask"],"max_hp_gain":0,"max_hp_loss":0,"event_name":"FaceTrader","floor":3,"gold_loss":0},{"damage_healed":0,"gold_gain":0,"player_choice":"Grow","damage_taken":0,"max_hp_gain":0,"max_hp_loss":0,"event_name":"Living Wall","floor":11,"gold_loss":0,"cards_upgraded":["Blade Dance"]},{"damage_healed":0,"gold_gain":0,"player_choice":"Upgraded","damage_taken":0,"max_hp_gain":0,"max_hp_loss":0,"event_name":"Upgrade Shrine","floor":14,"gold_loss":0,"cards_upgraded":["Caltrops"]},{"damage_healed":0,"gold_gain":99,"player_choice":"Stole From Cult","damage_taken":0,"max_hp_gain":0,"max_hp_loss":0,"event_name":"Nest","floor":21,"gold_loss":0}],"is_beta":false,"boss_relics":[{"not_picked":["Philosopher\u0027s Stone","Sozu"],"picked":"Calling Bell"}],"items_purged_floors":[5,10],"is_endless":false,"potions_floor_spawned":[1,7,13,16],"killed_by":"Chosen","ascension_level":8}