{"gold_per_floor":[118,118,134,144,157,184,200,200],"floor_reached":8,"playtime":745,"items_purged":[],"score":60,"play_id":"818bec5d-c907-4c9d-bf7c-4cc6e4f2a6a6","local_time":"20190504022502","is_ascension_mode":false,"campfire_choices":[],"neow_cost":"NONE","seed_source_timestamp":291046979761396,"circlet_count":0,"master_deck":["Strike_B","Strike_B","Strike_B","Strike_B","Defend_B","Defend_B","Defend_B","Defend_B","Zap","Dualcast","All For One","White Noise","Gash","Conserve Battery","Double Energy","Turbo","Steam"],"relics":["Cracked Core","PreservedInsect"],"potions_floor_usage":[],"damage_taken":[{"damage":0,"enemies":"2 Louse","floor":1,"turns":3},{"damage":7,"enemies":"Small Slimes","floor":3,"turns":2},{"damage":9,"enemies":"Jaw Worm","floor":4,"turns":4},{"damage":7,"enemies":"2 Fungi Beasts","floor":5,"turns":4},{"damage":40,"enemies":"Lagavulin","floor":6,"turns":8},{"damage":9,"enemies":"Blue Slaver","floor":7,"turns":3},{"damage":13,"enemies":"Red Slaver","floor":8,"turns":1}],"seed_played":"-7137656325456768718","potions_obtained":[{"floor":3,"key":"Poison Potion"},{"floor":5,"key":"SpeedPotion"},{"floor":7,"key":"Weak Potion"}],"is_trial":false,"path_per_floor":["M","?","M","M","M","E","M","M"],"character_chosen":"DEFECT","items_purchased":[],"campfire_rested":0,"item_purchase_floors":[],"current_hp_per_floor":[75,80,73,64,57,17,8,0],"gold":200,"neow_bonus":"ONE_RANDOM_RARE_CARD","is_prod":false,"is_daily":false,"chose_seed":false,"campfire_upgraded":0,"win_rate":0.0,"timestamp":1556961902,"path_taken":["M","?","M","M","M","E","M","M"],"build_version":"2019-01-23","purchased_purges":0,"victory":false,"max_hp_per_floor":[75,80,80,80,80,80,80,80],"card_choices":[{"not_picked":["Ball Lightning","Sweeping Beam"],"picked":"White Noise","floor":1},{"not_picked":["Go for the Eyes","Cold Snap"],"picked":"Gash","floor":3},{"not_picked":["Recycle","Reprogram"],"picked":"Conserve Battery","floor":4},{"not_picked":["Cold Snap","Doom and Gloom"],"picked":"Double Energy","floor":5},{"not_picked":["Streamline","Hologram"],"picked":"Turbo","floor":6},{"not_picked":["Barrage","Electrodynamics"],"picked":"Steam","floor":7}],"player_experience":96378,"relics_obtained":[{"floor":6,"key":"PreservedInsect"}],"event_choices":[{"damage_healed":0,"gold_gain":0,"player_choice":"Donut","damage_taken":0,"max_hp_gain":5,"max_hp_loss":0,"event_name":"Big Fish","floor":2,"gold_loss":0}],"is_beta":false,"boss_relics":[],"items_purged_floors":[],"is_endless":false,"potions_floor_spawned":[3,5,7],"killed_by":"Red Slaver","ascension_level":0}