{"gold_per_floor":[112,112,127,140,164,164,197,214,214,389,389,403,403,454,454,555,555,568,580,520,154,169,169,184,184,258,258,19,19,19,37,37,138,138,156,29,0,20,20,20,35,35,60,60,19,30,30,46,46,46],"floor_reached":51,"playtime":2138,"items_purged":["Strike_B","Strike_B","Shame"],"score":845,"play_id":"7dbefd27-7be0-4412-ae42-9f1fab7a422e","local_time":"20190312115009","is_ascension_mode":false,"campfire_choices":[{"data":"Dualcast","floor":6,"key":"SMITH"},{"data":"Go for the Eyes","floor":13,"key":"SMITH"},{"data":"Blizzard","floor":15,"key":"SMITH"},{"data":"Defragment","floor":23,"key":"SMITH"},{"data":"Defragment","floor":32,"key":"SMITH"},{"data":"Rainbow","floor":40,"key":"SMITH"},{"data":"Chaos","floor":44,"key":"SMITH"},{"data":"Thunder Strike","floor":49,"key":"SMITH"}],"neow_cost":"NONE","seed_source_timestamp":2438247409543,"circlet_count":0,"master_deck":["Defend_B","Defend_B","Zap+1","Dualcast+1","Compile Driver+1","Cold Snap+1","Conserve Battery","Blizzard+1","Go for the Eyes+1","All For One","Defragment+1","Rebound+1","Trip","Blizzard","Self Repair","Cold Snap","Chaos+1","Thunder Strike+1","Defragment+1","Rainbow+1","Ghostly","Ghostly","Ghostly","Ghostly","Ghostly","Cold Snap","Biased Cognition+1","White Noise","Cold Snap","Ball Lightning+1","Turbo","Chill","Madness","Madness","Defragment+1","Hologram+1","Panache+1","Capacitor+1"],"relics":["Cracked Core","Orichalcum","Regal Pillow","Symbiotic Virus","Potion Belt","Coffee Dripper","Membership Card","PreservedInsect","Mercury Hourglass","Incense Burner","Whetstone","Frozen Egg 2","Inserter","Red Mask","Boot"],"potions_floor_usage":[7,33,50,50,50,50,50,50,50,50],"damage_taken":[{"damage":0,"enemies":"Cultist","floor":1,"turns":2},{"damage":5,"enemies":"Jaw Worm","floor":3,"turns":2},{"damage":0,"enemies":"2 Louse","floor":4,"turns":2},{"damage":2,"enemies":"3 Sentries","floor":7,"turns":6},{"damage":0,"enemies":"Blue Slaver","floor":8,"turns":3},{"damage":0,"enemies":"Exordium Wildlife","floor":12,"turns":3},{"damage":15,"enemies":"The Guardian","floor":16,"turns":12},{"damage":11,"enemies":"Shell Parasite","floor":18,"turns":4},{"damage":14,"enemies":"2 Thieves","floor":19,"turns":3},{"damage":10,"enemies":"Snake Plant","floor":22,"turns":4},{"damage":11,"enemies":"3 Cultists","floor":24,"turns":5},{"damage":0,"enemies":"Cultist and Chosen","floor":31,"turns":6},{"damage":0,"enemies":"Collector","floor":33,"turns":9},{"damage":0,"enemies":"Orb Walker","floor":35,"turns":3},{"damage":0,"enemies":"3 Shapes","floor":38,"turns":3},{"damage":0,"enemies":"Maw","floor":41,"turns":8},{"damage":0,"enemies":"Sphere and 2 Shapes","floor":46,"turns":5},{"damage":0,"enemies":"Transient","floor":48,"turns":5},{"damage":0,"enemies":"Time Eater","floor":50,"turns":12}],"seed_played":"-7591496321738294949","potions_obtained":[{"floor":4,"key":"Fire Potion"},{"floor":7,"key":"EntropicBrew"},{"floor":12,"key":"PowerPotion"},{"floor":19,"key":"SteroidPotion"},{"floor":24,"key":"EssenceOfSteel"},{"floor":33,"key":"Dexterity Potion"},{"floor":41,"key":"Dexterity Potion"}],"is_trial":false,"path_per_floor":["M","?","M","M","T","R","E","M","T","?","?","M","R","T","R","B",null,"M","M","?","$","M","R","M","?","T","?","$","?","?","M","R","B",null,"M","$","?","M","?","R","M","?","T","R","$","M","?","M","R","B",null],"character_chosen":"DEFECT","items_purchased":["Membership Card","Trip","Blizzard","PreservedInsect","Defragment","Rainbow","Whetstone","Regen Potion","Cold Snap","FocusPotion","Defragment+1"],"campfire_rested":0,"item_purchase_floors":[21,21,21,21,28,28,28,28,36,36,45],"current_hp_per_floor":[75,75,70,70,70,70,68,68,68,68,61,61,61,61,61,46,75,64,50,50,50,40,40,36,36,36,36,36,36,36,37,37,37,37,37,37,37,37,37,37,37,32,32,32,32,37,37,37,37,37],"gold":46,"neow_bonus":"RANDOM_COMMON_RELIC","is_prod":false,"is_daily":false,"chose_seed":false,"campfire_upgraded":8,"win_rate":0,"timestamp":1552413009,"path_taken":["M","?","M","M","?","R","E","M","T","?","?","?","R","?","R","BOSS","M","M","?","$","?","R","M","?","T","?","$","?","?","M","R","BOSS","M","$","?","M","?","R","?","?","T","R","$","M","?","M","R","BOSS"],"build_version":"2019-01-23","purchased_purges":3,"victory":true,"max_hp_per_floor":[75,75,75,75,75,75,75,75,75,75,75,75,75,75,75,75,75,75,75,75,75,75,75,75,75,75,75,75,75,37,37,37,37,37,37,37,37,37,37,37,37,37,37,37,37,37,37,37,37,37],"card_choices":[{"not_picked":["Force Field","Sweeping Beam"],"picked":"Compile Driver","floor":1},{"not_picked":["FTL","Barrage"],"picked":"Cold Snap","floor":3},{"not_picked":["Compile Driver","Double Energy"],"picked":"Conserve Battery","floor":4},{"not_picked":["Streamline","Stack","Barrage"],"picked":"SKIP","floor":7},{"not_picked":["Compile Driver","Leap"],"picked":"Blizzard","floor":8},{"not_picked":["Compile Driver","Beam Cell"],"picked":"Go for the Eyes","floor":12},{"not_picked":["Core Surge","Multi-Cast"],"picked":"All For One","floor":16},{"not_picked":["Hologram","FTL"],"picked":"Defragment","floor":18},{"not_picked":["Scrape","Turbo"],"picked":"Rebound+1","floor":19},{"not_picked":["Sweeping Beam","Turbo"],"picked":"Self Repair","floor":22},{"not_picked":["Rebound","Barrage"],"picked":"Cold Snap","floor":24},{"not_picked":["Heatsinks+1","Storm+1"],"picked":"Cold Snap","floor":31},{"not_picked":["Buffer+1","Core Surge"],"picked":"Biased Cognition+1","floor":33},{"not_picked":["Hologram","Go for the Eyes"],"picked":"White Noise","floor":35},{"not_picked":["BootSequence","Go for the Eyes"],"picked":"Ball Lightning+1","floor":38},{"not_picked":["Storm+1","Rip and Tear+1"],"picked":"Chill","floor":41},{"not_picked":["Redo","Stack+1"],"picked":"Hologram+1","floor":46},{"not_picked":["Violence","Swift Strike"],"picked":"Panache+1","floor":47},{"not_picked":["Redo","Hello World+1"],"picked":"Capacitor+1","floor":48}],"player_experience":1043096,"relics_obtained":[{"floor":5,"key":"Regal Pillow"},{"floor":9,"key":"Symbiotic Virus"},{"floor":14,"key":"Potion Belt"},{"floor":26,"key":"Mercury Hourglass"},{"floor":43,"key":"Boot"}],"event_choices":[{"damage_healed":0,"gold_gain":0,"player_choice":"Grow","damage_taken":0,"max_hp_gain":0,"max_hp_loss":0,"event_name":"Living Wall","floor":2,"gold_loss":0,"cards_upgraded":["Zap"]},{"damage_healed":0,"gold_gain":175,"player_choice":"AGREE","damage_taken":0,"max_hp_gain":0,"max_hp_loss":0,"event_name":"Liars Game","floor":10,"gold_loss":0,"cards_obtained":["Doubt"]},{"cards_removed":["Doubt"],"damage_healed":0,"gold_gain":0,"player_choice":"Card Removal","damage_taken":7,"max_hp_gain":0,"max_hp_loss":0,"event_name":"Golden Wing","floor":11,"gold_loss":0},{"cards_removed":["Strike_B"],"damage_healed":0,"gold_gain":0,"player_choice":"Single Remove","damage_taken":0,"max_hp_gain":0,"max_hp_loss":0,"event_name":"Designer","floor":20,"gold_loss":60},{"damage_healed":0,"gold_gain":0,"cards_transformed":["Strike_B","Defend_B"],"player_choice":"Became Test Subject","damage_taken":0,"max_hp_gain":0,"max_hp_loss":0,"event_name":"Drug Dealer","floor":25,"gold_loss":0,"cards_obtained":["Chaos","Thunder Strike"]},{"damage_healed":0,"gold_gain":0,"player_choice":"Opened","damage_taken":0,"relics_obtained":["Incense Burner"],"max_hp_gain":0,"max_hp_loss":0,"event_name":"The Mausoleum","floor":27,"gold_loss":0},{"damage_healed":0,"gold_gain":0,"player_choice":"Stole Relic","damage_taken":0,"relics_obtained":["Frozen Egg 2"],"max_hp_gain":0,"max_hp_loss":0,"event_name":"Addict","floor":29,"gold_loss":0,"cards_obtained":["Shame"]},{"damage_healed":0,"gold_gain":0,"player_choice":"Became a Ghost","damage_taken":0,"max_hp_gain":0,"max_hp_loss":38,"event_name":"Ghosts","floor":30,"gold_loss":0,"cards_obtained":["Ghostly","Ghostly","Ghostly","Ghostly","Ghostly"]},{"damage_healed":0,"gold_gain":0,"player_choice":"Paid","damage_taken":0,"relics_obtained":["Red Mask"],"max_hp_gain":0,"max_hp_loss":0,"event_name":"Tomb of Lord Red Mask","floor":37,"gold_loss":29},{"damage_healed":0,"gold_gain":0,"cards_transformed":["Defend_B"],"player_choice":"Transformed","damage_taken":0,"max_hp_gain":0,"max_hp_loss":0,"event_name":"Transmorgrifier","floor":39,"gold_loss":0,"cards_obtained":["Turbo"]},{"damage_healed":0,"gold_gain":0,"player_choice":"Embrace Madness","damage_taken":5,"max_hp_gain":0,"max_hp_loss":0,"event_name":"Winding Halls","floor":42,"gold_loss":0,"cards_obtained":["Madness","Madness"]},{"damage_healed":0,"gold_gain":0,"player_choice":"Memory 1","damage_taken":0,"max_hp_gain":0,"max_hp_loss":0,"event_name":"SensoryStone","floor":47,"gold_loss":0}],"is_beta":false,"boss_relics":[{"not_picked":["Calling Bell","Empty Cage"],"picked":"Coffee Dripper"},{"not_picked":["Busted Crown","Lizard Tail"],"picked":"Inserter"}],"items_purged_floors":[21,28,36],"is_endless":false,"potions_floor_spawned":[4,7,12,19,24,33,35,41,48],"ascension_level":0}