{"gold_per_floor":[210,210,89,89,189,189,223,238,238,30,30,47,66,66,66,161,161,177,20,20,35,35,68,80,92,128,140,163,191,203,215,227,239],"floor_reached":33,"playtime":71254,"items_purged":["Strike_B"],"score":287,"play_id":"b2e79b1f-cb3d-43a5-94ae-10cc2c7d2357","local_time":"20190208200905","is_ascension_mode":true,"campfire_choices":[{"data":"Cold Snap","floor":6,"key":"SMITH"},{"data":"Rainbow","floor":15,"key":"SMITH"},{"floor":24,"key":"REST"},{"data":"Static Discharge","floor":27,"key":"SMITH"},{"data":"Coolheaded","floor":30,"key":"SMITH"},{"floor":32,"key":"REST"}],"neow_cost":"NONE","seed_source_timestamp":756978040836897,"circlet_count":0,"master_deck":["Strike_B","Strike_B","Defend_B","Defend_B+1","Defend_B","Defend_B+1","Zap+1","Dualcast+1","Cold Snap+1","Redo","Static Discharge+1","Turbo","Rainbow+1","Melter","Biased Cognition","Turbo+1","Coolheaded+1","Amplify","Leap"],"relics":["Cracked Core","War Paint","Matryoshka","PreservedInsect","Bottled Lightning","HandDrill","Sozu","Art of War","MawBank","Potion Belt","DataDisk"],"potions_floor_usage":[23,28],"damage_taken":[{"damage":3,"enemies":"2 Louse","floor":1,"turns":3},{"damage":11,"enemies":"3 Sentries","floor":7,"turns":9},{"damage":5,"enemies":"Jaw Worm","floor":8,"turns":3},{"damage":6,"enemies":"Small Slimes","floor":12,"turns":3},{"damage":7,"enemies":"Red Slaver","floor":13,"turns":3},{"damage":7,"enemies":"Hexaghost","floor":16,"turns":9},{"damage":3,"enemies":"3 Byrds","floor":18,"turns":3},{"damage":4,"enemies":"Chosen","floor":21,"turns":4},{"damage":33,"enemies":"Gremlin Leader","floor":23,"turns":5},{"damage":1,"enemies":"Snake Plant","floor":28,"turns":2},{"damage":15,"enemies":"Shelled Parasite and Fungi","floor":29,"turns":4},{"damage":37,"enemies":"Automaton","floor":33,"turns":8}],"seed_played":"-7584882454923965877","potions_obtained":[{"floor":8,"key":"PowerPotion"},{"floor":12,"key":"Energy Potion"},{"floor":16,"key":"Weak Potion"}],"is_trial":false,"path_per_floor":["M","?","$","?","?","R","E","M","T","$","?","M","M","$","R","B",null,"M","$","?","M","$","E","R","$","T","R","M","M","R","?","R","B"],"character_chosen":"DEFECT","items_purchased":["Redo","HandDrill","Art of War"],"campfire_rested":2,"item_purchase_floors":[3,10,19],"current_hp_per_floor":[72,69,69,54,54,54,43,38,38,38,38,32,25,25,25,18,75,72,72,72,68,68,35,57,57,57,57,56,41,41,27,51,14],"gold":239,"neow_bonus":"HUNDRED_GOLD","is_prod":false,"is_daily":false,"chose_seed":false,"campfire_upgraded":4,"win_rate":0,"timestamp":1549678145,"path_taken":["M","?","$","?","?","R","E","?","T","?","?","M","?","$","R","BOSS","M","?","?","M","$","E","R","?","T","R","M","?","R","?","R","BOSS"],"build_version":"2019-01-23","purchased_purges":1,"victory":false,"max_hp_per_floor":[75,75,75,75,75,75,75,75,75,75,75,75,75,75,75,75,75,75,75,75,75,75,75,75,75,75,75,75,75,75,80,80,80],"card_choices":[{"not_picked":["Rebound","Sweeping Beam"],"picked":"Cold Snap","floor":1},{"not_picked":["Turbo","Compile Driver"],"picked":"Static Discharge","floor":7},{"not_picked":["Gash","Reinforced Body"],"picked":"Turbo","floor":8},{"not_picked":["Genetic Algorithm","Loop"],"picked":"Rainbow","floor":12},{"not_picked":["Steam","Auto Shields"],"picked":"Melter","floor":13},{"not_picked":["Rainbow","Machine Learning"],"picked":"Biased Cognition","floor":16},{"not_picked":["Stack+1","Heatsinks"],"picked":"Turbo+1","floor":18},{"not_picked":["Reprogram","Rip and Tear"],"picked":"Coolheaded","floor":21},{"not_picked":["Go for the Eyes","Hello World+1"],"picked":"Amplify","floor":23},{"not_picked":["Compile Driver","Streamline","Gash+1"],"picked":"SKIP","floor":28},{"not_picked":["Gash","Static Discharge"],"picked":"Leap","floor":29}],"player_experience":293172,"relics_obtained":[{"floor":7,"key":"Matryoshka"},{"floor":9,"key":"PreservedInsect"},{"floor":9,"key":"Bottled Lightning"},{"floor":23,"key":"MawBank"},{"floor":26,"key":"Potion Belt"},{"floor":26,"key":"DataDisk"}],"event_choices":[{"damage_healed":0,"gold_gain":0,"player_choice":"Success","damage_taken":3,"relics_obtained":["War Paint"],"max_hp_gain":0,"max_hp_loss":0,"event_name":"Scrap Ooze","floor":2,"gold_loss":0},{"damage_healed":0,"gold_gain":0,"player_choice":"Entered Light","damage_taken":15,"max_hp_gain":0,"max_hp_loss":0,"event_name":"Shining Light","floor":4,"gold_loss":0,"cards_upgraded":["Defend_B","Defend_B"]},{"damage_healed":0,"gold_gain":100,"player_choice":"Pray","damage_taken":0,"max_hp_gain":0,"max_hp_loss":0,"event_name":"Golden Shrine","floor":5,"gold_loss":0},{"cards_removed":["Strike_B"],"damage_healed":0,"gold_gain":0,"player_choice":"Purged","damage_taken":0,"max_hp_gain":0,"max_hp_loss":0,"event_name":"Purifier","floor":11,"gold_loss":0},{"damage_healed":0,"gold_gain":0,"player_choice":"Ignored","damage_taken":0,"max_hp_gain":0,"max_hp_loss":0,"event_name":"Vampires","floor":20,"gold_loss":0},{"damage_healed":0,"gold_gain":0,"player_choice":"Shed Blood","damage_taken":19,"max_hp_gain":5,"max_hp_loss":0,"event_name":"Forgotten Altar","floor":31,"gold_loss":0}],"is_beta":false,"boss_relics":[{"not_picked":["Philosopher\u0027s Stone","Calling Bell"],"picked":"Sozu"}],"items_purged_floors":[3],"is_endless":false,"potions_floor_spawned":[8,12,16,21,23,29],"killed_by":"Automaton","ascension_level":2}