{"gold_per_floor":[117,117,42,53,72,72,86,103,127,147,47,47,80,93,93,198,198,212,229,279,41,61,61,161,178,203,203,47,61,61,61,61,158,158,173,98,116,116,133,168,168,179,179,190,190,244,244,262,262,262],"floor_reached":51,"playtime":4388,"items_purged":["Strike_R","Strike_R","Strike_R","Strike_R","Sword Boomerang+1"],"score":706,"play_id":"2566bf09-a901-4a83-a1af-3a881b9b7aa7","local_time":"20190428230724","is_ascension_mode":false,"campfire_choices":[{"data":"Juggernaut","floor":6,"key":"SMITH"},{"data":"ReplayReversal","floor":12,"key":"SMITH"},{"floor":15,"key":"REST"},{"data":"Body Slam","floor":23,"key":"SMITH"},{"data":"Body Slam","floor":27,"key":"SMITH"},{"data":"Body Slam","floor":32,"key":"SMITH"},{"data":"Brutality","floor":41,"key":"SMITH"},{"data":"Shrug It Off","floor":45,"key":"SMITH"},{"floor":49,"key":"REST"}],"neow_cost":"NONE","seed_source_timestamp":301252774039100,"circlet_count":0,"master_deck":["Defend_R+1","Defend_R","Defend_R+1","Juggernaut+1","Ghostly Armor","ReplayReversal+1","Body Slam+1","Iron Wave","Body Slam+1","Shrug It Off+1","Shrug It Off","Metallicize+1","Body Slam+1","Brutality+1","Flame Barrier+1","Seeing Red","Shrug It Off","Shrug It Off"],"relics":["Burning Blood","War Paint","Baseball","Replay:Bronze Core","Replay:Wax Seal","Omamori","BargainBundle","Replay:Grab Bag","Sozu","Philosopher\u0027s Stone","Astrolabe","construct:ClawGrip","Orichalcum","Quantum Egg","Durian"],"potions_floor_usage":[7,8,10,13,35,42],"damage_taken":[{"damage":1,"enemies":"Jaw Worm","floor":1,"turns":5},{"damage":1,"enemies":"Cultist","floor":4,"turns":4},{"damage":16,"enemies":"2 Louse","floor":5,"turns":3},{"damage":18,"enemies":"Exordium Thugs","floor":7,"turns":4},{"damage":5,"enemies":"Looter","floor":8,"turns":3},{"damage":11,"enemies":"Exordium Wildlife","floor":10,"turns":4},{"damage":17,"enemies":"Gremlin Nob","floor":13,"turns":5},{"damage":4,"enemies":"Blue Slaver","floor":14,"turns":3},{"damage":49,"enemies":"Hexaghost","floor":16,"turns":10},{"damage":5,"enemies":"Shell Parasite","floor":18,"turns":5},{"damage":0,"enemies":"Chosen","floor":19,"turns":4},{"damage":6,"enemies":"Centurion and Healer","floor":22,"turns":6},{"damage":8,"enemies":"Sentry and Sphere","floor":25,"turns":6},{"damage":5,"enemies":"Chosen and Byrds","floor":29,"turns":8},{"damage":24,"enemies":"Automaton","floor":33,"turns":7},{"damage":1,"enemies":"3 Shapes","floor":35,"turns":4},{"damage":13,"enemies":"Orb Walker","floor":37,"turns":3},{"damage":2,"enemies":"Transient","floor":39,"turns":5},{"damage":9,"enemies":"Nemesis","floor":40,"turns":8},{"damage":3,"enemies":"3 Darklings","floor":42,"turns":4},{"damage":15,"enemies":"4 Shapes","floor":44,"turns":8},{"damage":21,"enemies":"2 Orb Walkers","floor":46,"turns":5},{"damage":1,"enemies":"Sphere and 2 Shapes","floor":48,"turns":3},{"damage":14,"enemies":"Awakened One","floor":50,"turns":5}],"seed_played":"2835317769809303821","potions_obtained":[{"floor":4,"key":"SpeedPotion"},{"floor":5,"key":"Fire Potion"},{"floor":7,"key":"FearPotion"},{"floor":8,"key":"PowerPotion"},{"floor":18,"key":"SteroidPotion"},{"floor":29,"key":"Explosive Potion"}],"is_trial":false,"path_per_floor":["M","?","$","M","M","R","M","M","T","M","$","R","E","M","R","B",null,"M","M","?","$","M","R","?","M","T","R","$","M","?","$","R","B",null,"M","$","M","?","M","E","R","M","T","M","R","?","?","M","R","B",null],"character_chosen":"IRONCLAD","items_purchased":["Shrug It Off","Replay:Wax Seal","BargainBundle"],"campfire_rested":2,"item_purchase_floors":[21,21,28],"current_hp_per_floor":[80,80,80,80,70,70,58,59,59,54,54,54,43,45,69,26,80,80,80,80,80,80,80,80,78,78,78,78,79,79,79,79,61,80,80,80,73,73,77,74,74,77,77,68,68,58,58,63,85,77],"gold":262,"neow_bonus":"ONE_RANDOM_RARE_CARD","is_prod":false,"is_daily":false,"chose_seed":false,"campfire_upgraded":7,"win_rate":0.0,"timestamp":1556449644,"path_taken":["M","?","$","M","M","R","M","M","T","M","$","R","E","?","R","BOSS","M","M","?","$","?","R","?","?","T","R","$","M","?","?","R","BOSS","M","$","M","?","M","E","R","?","T","M","R","?","?","M","R","BOSS"],"build_version":"2019-01-23","purchased_purges":5,"victory":true,"max_hp_per_floor":[80,80,80,80,80,80,80,80,80,80,80,80,80,80,80,80,80,80,80,80,80,80,80,80,80,80,80,80,80,80,80,80,80,80,80,80,80,80,80,80,80,80,80,80,80,85,85,85,85,85],"card_choices":[{"not_picked":["Sword Boomerang","Flex"],"picked":"Anger","floor":1},{"not_picked":["Heavy Blade","Flex","Warcry"],"picked":"SKIP","floor":4},{"not_picked":["Fiend Fire","Disarm"],"picked":"Ghostly Armor","floor":5},{"not_picked":["Warcry","True Grit"],"picked":"ReplayReversal","floor":7},{"not_picked":["Run Through","Wild Strike"],"picked":"Body Slam","floor":8},{"not_picked":["Clothesline","Pommel Strike"],"picked":"Iron Wave","floor":10},{"not_picked":["Abandon","ReplayTheSpireMod:Corrosion Curse","Sword Boomerang"],"picked":"SKIP","floor":13},{"not_picked":["Sword Boomerang","Disarm","Body Slam"],"picked":"SKIP","floor":14},{"not_picked":["Rupture+1","Wild Strike","Searing Blow"],"picked":"SKIP","floor":18},{"not_picked":["ReplayTheSpireMod:Limb From Limb+1","Heavy Blade+1"],"picked":"Body Slam","floor":19},{"not_picked":["Second Wind+1","Cleave","Burning Pact+1"],"picked":"SKIP","floor":22},{"not_picked":["Iron Wave","Heavy Blade"],"picked":"Metallicize+1","floor":25},{"not_picked":["Abandon","Flex"],"picked":"Body Slam","floor":29},{"not_picked":["Bludgeon","Immolate"],"picked":"Brutality","floor":33},{"not_picked":["Inflame","ReplayTheSpireMod:LeadingStrike+1"],"picked":"Seeing Red","floor":35},{"not_picked":["Sword Boomerang+1","Dropkick+1","Clash+1"],"picked":"SKIP","floor":37},{"not_picked":["Defy Death+1","Feel No Pain+1","Evolve+1"],"picked":"SKIP","floor":39},{"not_picked":["Cleave","Dark Embrace","Inflame"],"picked":"SKIP","floor":40},{"not_picked":["Run Through+1","Abandon+1"],"picked":"Shrug It Off","floor":42},{"not_picked":["Sword Boomerang","Uppercut","Wild Strike+1"],"picked":"SKIP","floor":44},{"not_picked":["ReplayTheSpireMod:Strike From Hell+1","ReplayTheSpireMod:Muscle Training+1"],"picked":"Shrug It Off","floor":46},{"not_picked":["True Grit","Body Slam","Defy Death"],"picked":"SKIP","floor":48}],"player_experience":105796,"relics_obtained":[{"floor":9,"key":"War Paint"},{"floor":13,"key":"Baseball"},{"floor":26,"key":"Omamori"},{"floor":40,"key":"Orichalcum"},{"floor":43,"key":"Quantum Egg"},{"floor":46,"key":"Durian"}],"event_choices":[{"damage_healed":0,"gold_gain":0,"cards_transformed":["Strike_R"],"player_choice":"Transformed","damage_taken":0,"max_hp_gain":0,"max_hp_loss":0,"event_name":"Transmorgrifier","floor":2,"gold_loss":0,"cards_obtained":["Inflame"]},{"damage_healed":0,"gold_gain":100,"player_choice":"Bet on Murderer","damage_taken":0,"max_hp_gain":0,"max_hp_loss":0,"event_name":"The Joust","floor":20,"gold_loss":50},{"damage_healed":0,"gold_gain":100,"player_choice":"Pray","damage_taken":0,"max_hp_gain":0,"max_hp_loss":0,"event_name":"Golden Shrine","floor":24,"gold_loss":0},{"damage_healed":0,"gold_gain":0,"player_choice":"Ignored","damage_taken":0,"max_hp_gain":0,"max_hp_loss":0,"event_name":"Beggar","floor":30,"gold_loss":0},{"cards_removed":["Massacre"],"damage_healed":0,"gold_gain":0,"player_choice":"Purged","damage_taken":0,"max_hp_gain":0,"max_hp_loss":0,"event_name":"Purifier","floor":38,"gold_loss":0},{"damage_healed":0,"gold_gain":0,"player_choice":"Fight","damage_taken":0,"max_hp_gain":0,"max_hp_loss":0,"event_name":"Mysterious Sphere","floor":46,"gold_loss":0},{"cards_removed":["Defend_R"],"damage_healed":0,"gold_gain":0,"player_choice":"Removed Skill","damage_taken":0,"max_hp_gain":0,"max_hp_loss":0,"event_name":"Falling","floor":47,"gold_loss":0}],"is_beta":false,"boss_relics":[{"not_picked":["Tiny House","Fusion Hammer"],"picked":"Replay:Bronze Core"},{"not_picked":["Replay:Drink Me","Calling Bell"],"picked":"Replay:Grab Bag"},{"not_picked":["Velvet Choker","Replay:Cursed D8"],"picked":"Sozu"},{"not_picked":["Runic Dome","Painkiller Herb"],"picked":"Philosopher\u0027s Stone"},{"not_picked":["Kintsugi","Snecko Eye"],"picked":"Astrolabe"},{"not_picked":["White Beast Statue","Black Blood"],"picked":"construct:ClawGrip"}],"items_purged_floors":[3,11,21,28,36],"is_endless":false,"potions_floor_spawned":[4,5,7,8,18,29,39,40,44,48],"ascension_level":0}