{"gold_per_floor":[119,194,194,194,219,219,257,257,257,257,282,307,332,352,352,473,473,498,517,286,299,398,398,323,342,342,355,4,4,43,43,43,43],"floor_reached":33,"playtime":954,"items_purged":["Strike_B","Strike_B"],"score":317,"play_id":"22511d9d-0c27-4ded-bc7d-8b6632162589","local_time":"20190501104010","is_ascension_mode":false,"campfire_choices":[{"data":"Dualcast","floor":6,"key":"SMITH"},{"data":"Defend_B","floor":8,"key":"SMITH"},{"data":"Hologram","floor":15,"key":"SMITH"},{"data":"Hologram","floor":23,"key":"SMITH"},{"data":"Tempest","floor":29,"key":"SMITH"},{"data":"Darkness","floor":32,"key":"SMITH"}],"neow_cost":"NONE","seed_source_timestamp":14175807070698,"circlet_count":0,"master_deck":["Strike_B","Defend_B","Defend_B","Defend_B","Defend_B+1","Zap+1","Dualcast+1","Cold Snap","Darkness+1","Ball Lightning+1","Hologram+1","Compile Driver","Reboot","Go for the Eyes","Hologram+1","Turbo","Compile Driver+1","Conserve Battery","Tempest+1","Hello World","Compile Driver+1","Machine Learning","Tempest+1"],"relics":["Cracked Core","NeowsBlessing","Golden Idol","Ornamental Fan","Mummified Hand","Nuclear Battery","Molten Egg 2","Whetstone","Emotion Chip"],"potions_floor_usage":[14,14,30,30,33,33],"damage_taken":[{"damage":0,"enemies":"Small Slimes","floor":1,"turns":1},{"damage":0,"enemies":"2 Louse","floor":5,"turns":1},{"damage":0,"enemies":"Lagavulin","floor":7,"turns":1},{"damage":0,"enemies":"Cultist","floor":11,"turns":3},{"damage":11,"enemies":"Large Slime","floor":12,"turns":4},{"damage":3,"enemies":"Looter","floor":13,"turns":3},{"damage":4,"enemies":"Exordium Thugs","floor":14,"turns":3},{"damage":20,"enemies":"Hexaghost","floor":16,"turns":11},{"damage":0,"enemies":"Spheric Guardian","floor":18,"turns":2},{"damage":0,"enemies":"Shell Parasite","floor":19,"turns":4},{"damage":0,"enemies":"Snake Plant","floor":21,"turns":4},{"damage":7,"enemies":"Shelled Parasite and Fungi","floor":25,"turns":5},{"damage":0,"enemies":"Centurion and Healer","floor":27,"turns":5},{"damage":0,"enemies":"Slavers","floor":30,"turns":4},{"damage":68,"enemies":"Champ","floor":33,"turns":10}],"seed_played":"-8476131630890423450","potions_obtained":[{"floor":5,"key":"EssenceOfSteel"},{"floor":7,"key":"Energy Potion"},{"floor":12,"key":"Swift Potion"},{"floor":19,"key":"Block Potion"},{"floor":21,"key":"Energy Potion"},{"floor":30,"key":"SteroidPotion"}],"is_trial":false,"path_per_floor":["M","?","?","?","M","R","E","R","T","?","M","M","M","M","R","B",null,"M","M","$","M","?","R","?","M","T","M","$","R","E","?","R","B"],"character_chosen":"DEFECT","items_purchased":["Hologram","Turbo","Compile Driver","Whetstone","Hello World","Compile Driver+1"],"campfire_rested":0,"item_purchase_floors":[20,20,20,28,28,28],"current_hp_per_floor":[75,64,64,64,64,64,64,64,64,64,64,53,50,46,46,26,69,69,69,69,69,69,69,69,62,62,62,62,62,62,62,62,0],"gold":43,"neow_bonus":"THREE_ENEMY_KILL","is_prod":false,"is_daily":false,"chose_seed":false,"campfire_upgraded":6,"win_rate":0,"timestamp":1556728810,"path_taken":["M","?","?","?","M","R","E","R","T","?","?","M","M","M","R","BOSS","M","M","$","M","?","R","?","M","T","?","$","R","E","?","R","BOSS"],"build_version":"2019-01-23","purchased_purges":2,"victory":false,"max_hp_per_floor":[75,75,75,69,69,69,69,69,69,69,69,69,69,69,69,69,69,69,69,69,69,69,69,69,69,69,69,69,69,69,69,69,69],"card_choices":[{"not_picked":["Streamline","Barrage","Redo"],"picked":"SKIP","floor":1},{"not_picked":["Aggregate","Gash"],"picked":"Cold Snap","floor":5},{"not_picked":["Turbo","Force Field","Meteor Strike"],"picked":"SKIP","floor":7},{"not_picked":["Force Field","BootSequence"],"picked":"Darkness","floor":11},{"not_picked":["Reprogram","Doom and Gloom"],"picked":"Ball Lightning","floor":12},{"not_picked":["Double Energy","Stack"],"picked":"Hologram","floor":13},{"not_picked":["Static Discharge","Steam"],"picked":"Compile Driver","floor":14},{"not_picked":["Amplify","Creative AI"],"picked":"Reboot","floor":16},{"not_picked":["Gash","Streamline","Stack"],"picked":"SKIP","floor":18},{"not_picked":["Steam","Doom and Gloom"],"picked":"Go for the Eyes","floor":19},{"not_picked":["Rebound","Conserve Battery","Barrage"],"picked":"SKIP","floor":21},{"not_picked":["Rebound","Barrage"],"picked":"Conserve Battery","floor":21},{"not_picked":["Cold Snap","Reprogram","Amplify"],"picked":"SKIP","floor":25},{"not_picked":["Compile Driver+1","Leap+1"],"picked":"Tempest","floor":27},{"not_picked":["Scrape+1","Loop"],"picked":"Machine Learning","floor":30}],"player_experience":1351782,"relics_obtained":[{"floor":7,"key":"Ornamental Fan"},{"floor":9,"key":"Mummified Hand"},{"floor":26,"key":"Molten Egg 2"},{"floor":30,"key":"Emotion Chip"}],"event_choices":[{"damage_healed":0,"gold_gain":75,"player_choice":"Gather Gold","damage_taken":11,"max_hp_gain":0,"max_hp_loss":0,"event_name":"World of Goop","floor":2,"gold_loss":0},{"damage_healed":0,"gold_gain":0,"player_choice":"Grow","damage_taken":0,"max_hp_gain":0,"max_hp_loss":0,"event_name":"Living Wall","floor":3,"gold_loss":0,"cards_upgraded":["Zap"]},{"damage_healed":0,"gold_gain":0,"player_choice":"Lose Max HP","damage_taken":0,"relics_obtained":["Golden Idol"],"max_hp_gain":0,"max_hp_loss":6,"event_name":"Golden Idol","floor":4,"gold_loss":0},{"damage_healed":0,"gold_gain":0,"player_choice":"Ignored","damage_taken":0,"max_hp_gain":0,"max_hp_loss":0,"event_name":"NoteForYourself","floor":10,"gold_loss":0},{"damage_healed":0,"gold_gain":99,"player_choice":"Stole From Cult","damage_taken":0,"max_hp_gain":0,"max_hp_loss":0,"event_name":"Nest","floor":22,"gold_loss":0},{"cards_removed":["Strike_B"],"damage_healed":0,"gold_gain":0,"player_choice":"Gave Gold","damage_taken":0,"max_hp_gain":0,"max_hp_loss":0,"event_name":"Beggar","floor":24,"gold_loss":75},{"damage_healed":0,"gold_gain":0,"player_choice":"Copied","damage_taken":0,"max_hp_gain":0,"max_hp_loss":0,"event_name":"Duplicator","floor":31,"gold_loss":0,"cards_obtained":["Tempest"]}],"is_beta":false,"boss_relics":[{"not_picked":["Cursed Key","Black Star"],"picked":"Nuclear Battery"}],"items_purged_floors":[20,28],"is_endless":false,"potions_floor_spawned":[5,7,12,19,21,27,30],"killed_by":"Champ","ascension_level":0}