{"gold_per_floor":[116,216,235,254,265,293,293,293],"floor_reached":8,"playtime":441,"items_purged":[],"score":84,"play_id":"f2a6b8aa-b051-4a77-b79a-6016646f5f2d","local_time":"20190506230323","is_ascension_mode":true,"campfire_choices":[],"neow_cost":"NONE","seed_source_timestamp":295605334959,"circlet_count":0,"master_deck":["Defend_G","Defend_G","Defend_G","Defend_G","Defend_G","Strike_G","Strike_G","Strike_G","Strike_G","Strike_G","Survivor","Neutralize+1","Dagger Spray","Terror","Poisoned Stab"],"relics":["Ring of the Snake","NeowsBlessing","PreservedInsect"],"potions_floor_usage":[6],"damage_taken":[{"damage":0,"enemies":"Small Slimes","floor":1,"turns":1},{"damage":0,"enemies":"Cultist","floor":3,"turns":1},{"damage":0,"enemies":"2 Louse","floor":4,"turns":1},{"damage":16,"enemies":"Lots of Slimes","floor":5,"turns":4},{"damage":32,"enemies":"Lagavulin","floor":6,"turns":5},{"damage":2,"enemies":"Large Slime","floor":8,"turns":4}],"seed_played":"-6605494595010982433","potions_obtained":[{"floor":1,"key":"Fire Potion"},{"floor":3,"key":"Dexterity Potion"}],"is_trial":false,"path_per_floor":["M","?","M","M","M","E","?","M"],"character_chosen":"THE_SILENT","items_purchased":[],"campfire_rested":0,"item_purchase_floors":[],"current_hp_per_floor":[63,63,63,63,47,15,15,13],"gold":293,"neow_bonus":"THREE_ENEMY_KILL","is_prod":false,"is_daily":false,"chose_seed":false,"campfire_upgraded":0,"win_rate":0,"timestamp":1557201803,"path_taken":["M","?","?","M","M","E","?","M"],"build_version":"2019-01-23","purchased_purges":0,"victory":false,"max_hp_per_floor":[70,70,70,70,70,70,70,70],"card_choices":[{"not_picked":["Endless Agony","Backstab"],"picked":"Dagger Spray","floor":1},{"not_picked":["Eviscerate","Catalyst","Concentrate"],"picked":"SKIP","floor":3},{"not_picked":["Tactician","Dodge and Roll"],"picked":"Terror","floor":4},{"not_picked":["Catalyst","Acrobatics","Deflect"],"picked":"SKIP","floor":5},{"not_picked":["Choke","All Out Attack"],"picked":"Poisoned Stab","floor":6}],"player_experience":605443,"relics_obtained":[{"floor":6,"key":"PreservedInsect"}],"event_choices":[{"damage_healed":0,"gold_gain":100,"player_choice":"Pray","damage_taken":0,"max_hp_gain":0,"max_hp_loss":0,"event_name":"Golden Shrine","floor":2,"gold_loss":0},{"damage_healed":0,"gold_gain":0,"player_choice":"Upgraded","damage_taken":0,"max_hp_gain":0,"max_hp_loss":0,"event_name":"Upgrade Shrine","floor":7,"gold_loss":0,"cards_upgraded":["Neutralize"]}],"is_beta":false,"boss_relics":[],"items_purged_floors":[],"is_endless":false,"potions_floor_spawned":[1,3],"killed_by":"Large Slime","ascension_level":9}