{"gold_per_floor":[115,40,54,4,17,92,92,109,132,132,149,149,162,162,162,288,288,313,313,313,337,353,353,368,381,381,381,404,271,66,66,66,190,190,211,229,151,151],"floor_reached":38,"playtime":3885,"items_purged":["Strike_G","Strike_G","Strike_G"],"score":368,"play_id":"8c0b751f-3299-4323-aa6d-766ac766e659","local_time":"20190110220756","is_ascension_mode":false,"campfire_choices":[{"data":"Leg Sweep","floor":7,"key":"SMITH"},{"data":"Quick Slash","floor":10,"key":"SMITH"},{"data":"Neutralize","floor":12,"key":"SMITH"},{"data":"Die Die Die","floor":15,"key":"SMITH"},{"data":"J.A.X.","floor":23,"key":"SMITH"},{"data":"Blur","floor":27,"key":"SMITH"},{"floor":32,"key":"REST"}],"neow_cost":"NONE","seed_source_timestamp":55382213086421,"circlet_count":0,"master_deck":["Defend_G","Defend_G","Defend_G","Defend_G","Defend_G","Strike_G","Survivor","Neutralize+1","Die Die Die+1","Quick Slash+1","Leg Sweep+1","Adrenaline","J.A.X.+1","Flechettes+1","Blur+1","Accuracy","Quick Slash","Noxious Fumes","Noxious Fumes","Night Terror","Escape Plan","Blade Dance+1","Footwork"],"relics":["Ring of the Snake","Blood Vial","Golden Idol","Philosopher\u0027s Stone","Nloth\u0027s Gift","Fusion Hammer"],"potions_floor_usage":[16,33,33,33],"damage_taken":[{"damage":2,"enemies":"Small Slimes","floor":1,"turns":2},{"damage":0,"enemies":"2 Louse","floor":3,"turns":1},{"damage":0,"enemies":"Jaw Worm","floor":5,"turns":4},{"damage":0,"enemies":"Blue Slaver","floor":8,"turns":6},{"damage":0,"enemies":"3 Louse","floor":11,"turns":1},{"damage":1,"enemies":"Red Slaver","floor":13,"turns":4},{"damage":47,"enemies":"The Guardian","floor":16,"turns":26},{"damage":10,"enemies":"Chosen","floor":18,"turns":7},{"damage":16,"enemies":"Spheric Guardian","floor":21,"turns":6},{"damage":3,"enemies":"3 Cultists","floor":22,"turns":5},{"damage":25,"enemies":"Snake Plant","floor":24,"turns":7},{"damage":0,"enemies":"Shelled Parasite and Fungi","floor":25,"turns":10},{"damage":12,"enemies":"Chosen and Byrds","floor":28,"turns":8},{"damage":29,"enemies":"Collector","floor":33,"turns":10},{"damage":34,"enemies":"3 Darklings","floor":35,"turns":5},{"damage":29,"enemies":"Orb Walker","floor":36,"turns":6},{"damage":6,"enemies":"Maw","floor":38,"turns":4}],"seed_played":"1075909947506105424","potions_obtained":[{"floor":5,"key":"AttackPotion"},{"floor":8,"key":"Dexterity Potion"},{"floor":11,"key":"SpeedPotion"},{"floor":18,"key":"Ancient Potion"},{"floor":35,"key":"Poison Potion"}],"is_trial":false,"path_per_floor":["M","$","M","?","M","?","R","M","T","R","M","R","M","?","R","B",null,"M","?","?","M","M","R","M","M","T","R","M","$","$","?","R","B",null,"M","M","$","M"],"character_chosen":"THE_SILENT","items_purchased":["Noxious Fumes","Noxious Fumes","Footwork"],"campfire_rested":1,"item_purchase_floors":[29,30,37],"current_hp_per_floor":[68,68,68,68,68,57,57,57,57,57,59,59,60,60,60,15,65,55,55,55,41,40,40,17,19,19,19,9,9,9,9,28,1,65,31,4,4,0],"gold":151,"neow_bonus":"ONE_RANDOM_RARE_CARD","is_prod":false,"is_daily":false,"chose_seed":false,"campfire_upgraded":6,"win_rate":0,"timestamp":1547179676,"path_taken":["M","$","M","?","M","?","R","M","T","R","M","R","M","?","R","BOSS","M","?","?","?","M","R","M","M","T","R","M","?","$","?","R","BOSS","M","M","$","M"],"build_version":"2019-01-10","purchased_purges":3,"victory":false,"max_hp_per_floor":[70,70,70,70,70,70,70,70,70,70,70,70,70,65,65,65,65,65,65,65,65,65,65,65,65,65,65,65,65,65,65,65,65,65,65,65,65,65],"card_choices":[{"not_picked":["Poisoned Stab","Slice"],"picked":"Quick Slash","floor":1},{"not_picked":["Choke","Flechettes"],"picked":"Leg Sweep","floor":3},{"not_picked":["Reflex","Outmaneuver","Eviscerate"],"picked":"SKIP","floor":5},{"not_picked":["Riddle With Holes","Cloak And Dagger","PiercingWail"],"picked":"SKIP","floor":8},{"not_picked":["Slice","Tactician","Bane"],"picked":"SKIP","floor":11},{"not_picked":["Slice","Acrobatics"],"picked":"Adrenaline","floor":13},{"not_picked":["All Out Attack","Eviscerate+1","Bane"],"picked":"SKIP","floor":18},{"not_picked":["Skewer+1","Leg Sweep"],"picked":"Flechettes+1","floor":21},{"not_picked":["Distraction","Sucker Punch"],"picked":"Blur","floor":22},{"not_picked":["Dagger Throw","Eviscerate+1","Leg Sweep"],"picked":"SKIP","floor":24},{"not_picked":["Flechettes","Outmaneuver+1"],"picked":"Accuracy","floor":25},{"not_picked":["Eviscerate","Dagger Throw"],"picked":"Quick Slash","floor":28},{"not_picked":["After Image","Corpse Explosion"],"picked":"Night Terror","floor":33},{"not_picked":["Glass Knife","Choke+1"],"picked":"Escape Plan","floor":35},{"not_picked":["Prepared","Dagger Throw+1"],"picked":"Blade Dance+1","floor":36}],"player_experience":199933,"relics_obtained":[{"floor":9,"key":"Blood Vial"},{"floor":26,"key":"Lantern"}],"event_choices":[{"cards_removed":["Strike_G"],"damage_healed":0,"gold_gain":0,"player_choice":"Card Removal","damage_taken":0,"max_hp_gain":0,"max_hp_loss":0,"event_name":"The Cleric","floor":4,"gold_loss":50},{"damage_healed":0,"gold_gain":75,"player_choice":"Gather Gold","damage_taken":11,"max_hp_gain":0,"max_hp_loss":0,"event_name":"World of Goop","floor":6,"gold_loss":0},{"damage_healed":0,"gold_gain":0,"player_choice":"Lose Max HP","damage_taken":0,"relics_obtained":["Golden Idol"],"max_hp_gain":0,"max_hp_loss":5,"event_name":"Golden Idol","floor":14,"gold_loss":0},{"damage_healed":0,"gold_gain":0,"player_choice":"Obtain J.A.X.","damage_taken":0,"max_hp_gain":0,"max_hp_loss":0,"event_name":"Drug Dealer","floor":19,"gold_loss":0,"cards_obtained":["J.A.X."]},{"damage_healed":0,"gold_gain":0,"player_choice":"Bought 0 Potions","damage_taken":0,"max_hp_gain":0,"max_hp_loss":0,"event_name":"The Woman in Blue","floor":20,"gold_loss":0},{"damage_healed":0,"gold_gain":0,"player_choice":"Traded Relic","damage_taken":0,"relics_obtained":["Nloth\u0027s Gift"],"max_hp_gain":0,"max_hp_loss":0,"event_name":"N\u0027loth","floor":31,"relics_lost":["Lantern"],"gold_loss":0}],"is_beta":false,"boss_relics":[{"not_picked":["Snecko Eye","Runic Pyramid"],"picked":"Philosopher\u0027s Stone"},{"not_picked":["Velvet Choker","Black Star"],"picked":"Fusion Hammer"}],"items_purged_floors":[2,29,30],"is_endless":false,"potions_floor_spawned":[5,8,11,18,24,25,35],"killed_by":"Maw","ascension_level":0}