{"gold_per_floor":[112,112,112,37,57,57,69,88,111,142,154,184,206,231,243,359,371,397,484,509,533,55,55,55],"floor_reached":24,"playtime":2142,"items_purged":["Strike_R","Strike_R"],"score":211,"play_id":"9625bf65-df46-404e-8653-3ea655915f79","local_time":"20190117021958","is_ascension_mode":true,"campfire_choices":[{"data":"Barricade","floor":6,"key":"SMITH"},{"data":"True Grit","floor":11,"key":"SMITH"},{"floor":15,"key":"REST"},{"floor":23,"key":"REST"}],"neow_cost":"NONE","seed_source_timestamp":590645015605775,"circlet_count":0,"master_deck":["Strike_R+1","Strike_R","Strike_R","Defend_R","Defend_R","Defend_R","Defend_R","Bash+1","Barricade+1","Disarm","Pommel Strike","True Grit+1","Ghostly Armor","Cleave","True Grit","Juggernaut","Entrench","Pommel Strike+1","Feel No Pain"],"relics":["Burning Blood","MawBank","Mark of Pain","Oddly Smooth Stone","TheAbacus"],"potions_floor_usage":[16,20,24,24],"damage_taken":[{"damage":19,"enemies":"Jaw Worm","floor":1,"turns":5},{"damage":0,"enemies":"Cultist","floor":5,"turns":4},{"damage":13,"enemies":"Small Slimes","floor":7,"turns":4},{"damage":11,"enemies":"Looter","floor":8,"turns":3},{"damage":18,"enemies":"Exordium Wildlife","floor":10,"turns":6},{"damage":3,"enemies":"3 Louse","floor":12,"turns":3},{"damage":16,"enemies":"Gremlin Gang","floor":13,"turns":7},{"damage":8,"enemies":"Blue Slaver","floor":14,"turns":4},{"damage":15,"enemies":"The Guardian","floor":16,"turns":20},{"damage":45,"enemies":"3 Byrds","floor":18,"turns":7},{"damage":20,"enemies":"Spheric Guardian","floor":20,"turns":6},{"damage":10,"enemies":"Shelled Parasite and Fungi","floor":21,"turns":13},{"damage":45,"enemies":"Slavers","floor":24,"turns":3}],"seed_played":"695196767133970031","potions_obtained":[{"floor":5,"key":"GamblersBrew"},{"floor":10,"key":"SpeedPotion"},{"floor":13,"key":"Weak Potion"},{"floor":14,"key":"SkillPotion"},{"floor":20,"key":"PowerPotion"}],"is_trial":false,"path_per_floor":["M","?","?","$","M","R","M","M","T","M","R","M","M","M","R","B",null,"M","?","M","M","$","R","E"],"character_chosen":"IRONCLAD","items_purchased":["Feel No Pain","Oddly Smooth Stone","TheAbacus"],"campfire_rested":2,"item_purchase_floors":[22,22,22],"current_hp_per_floor":[67,72,55,55,61,61,54,49,49,37,37,40,30,28,53,44,85,46,38,24,20,20,45,0],"gold":55,"neow_bonus":"ONE_RANDOM_RARE_CARD","is_prod":false,"is_daily":false,"chose_seed":false,"campfire_upgraded":2,"win_rate":0,"timestamp":1547713198,"path_taken":["M","?","?","$","M","R","M","M","T","M","R","M","M","?","R","BOSS","M","?","M","?","$","R","E"],"build_version":"2019-01-10","purchased_purges":2,"victory":false,"max_hp_per_floor":[80,85,85,85,85,85,85,85,85,85,85,85,85,85,85,85,85,85,85,85,85,85,85,85],"card_choices":[{"not_picked":["Warcry","Power Through"],"picked":"Disarm","floor":1},{"not_picked":["Feel No Pain","Thunderclap"],"picked":"Pommel Strike","floor":5},{"not_picked":["Clothesline","Havoc"],"picked":"True Grit","floor":7},{"not_picked":["Twin Strike","Flex"],"picked":"Ghostly Armor","floor":8},{"not_picked":["Entrench","Battle Trance"],"picked":"Cleave","floor":10},{"not_picked":["Reckless Charge","Headbutt","Sword Boomerang"],"picked":"SKIP","floor":12},{"not_picked":["Havoc","Warcry"],"picked":"True Grit","floor":13},{"not_picked":["Havoc","Cleave","Reaper"],"picked":"SKIP","floor":14},{"not_picked":["Fiend Fire","Immolate"],"picked":"Juggernaut","floor":16},{"not_picked":["Rampage","Burning Pact+1"],"picked":"Entrench","floor":18},{"not_picked":["Burning Pact","Cleave"],"picked":"Pommel Strike+1","floor":20},{"not_picked":["Headbutt","Armaments","Clash"],"picked":"SKIP","floor":21}],"player_experience":224590,"relics_obtained":[{"floor":9,"key":"MawBank"}],"event_choices":[{"damage_healed":0,"gold_gain":0,"player_choice":"Donut","damage_taken":0,"max_hp_gain":5,"max_hp_loss":0,"event_name":"Big Fish","floor":2,"gold_loss":0},{"damage_healed":0,"gold_gain":0,"player_choice":"Entered Light","damage_taken":17,"max_hp_gain":0,"max_hp_loss":0,"event_name":"Shining Light","floor":3,"gold_loss":0,"cards_upgraded":["Strike_R","Bash"]},{"damage_healed":0,"gold_gain":75,"player_choice":"Touch","damage_taken":8,"max_hp_gain":0,"max_hp_loss":0,"event_name":"FaceTrader","floor":19,"gold_loss":0}],"is_beta":false,"boss_relics":[{"not_picked":["Philosopher\u0027s Stone","Cursed Key"],"picked":"Mark of Pain"}],"items_purged_floors":[4,22],"is_endless":false,"potions_floor_spawned":[5,10,13,14,20],"killed_by":"Slavers","ascension_level":2}