{"gold_per_floor":[110,110,210,226,246,280,291,291,291,316,316,333,101,101,101,203,203,215,265,279,299,299],"floor_reached":22,"playtime":1265,"items_purged":["Strike_R"],"score":265,"play_id":"519f2501-af23-44b0-a4a2-0e6a95460408","local_time":"20190418230908","is_ascension_mode":true,"campfire_choices":[{"floor":8,"key":"REST"},{"floor":11,"key":"REST"},{"data":"Flex","floor":15,"key":"SMITH"}],"neow_cost":"NONE","seed_source_timestamp":0,"circlet_count":0,"master_deck":["Strike_R","Defend_R","Defend_R","Defend_R","Defend_R","Bash","Flex+1","True Grit","Twin Strike","Sword Boomerang","Heavy Blade","Clothesline","Limit Break","Impervious+1","Bloodletting+1","Clothesline+1","Cleave","Flex","Sword Boomerang"],"special_seed":0,"relics":["Burning Blood","NeowsBlessing","Regal Pillow","Darkstone Periapt","Bag of Marbles","Omamori","Red Skull","Shuriken","Astrolabe"],"potions_floor_usage":[],"damage_taken":[{"damage":0.0,"enemies":"2 Louse","floor":1.0,"turns":1.0},{"damage":0.0,"enemies":"Jaw Worm","floor":4.0,"turns":1.0},{"damage":0.0,"enemies":"Cultist","floor":5.0,"turns":1.0},{"damage":49,"enemies":"Lagavulin","floor":6,"turns":8},{"damage":26,"enemies":"Exordium Thugs","floor":7,"turns":6},{"damage":45,"enemies":"3 Sentries","floor":10,"turns":9},{"damage":0,"enemies":"Large Slime","floor":12,"turns":4},{"damage":51,"enemies":"Slime Boss","floor":16,"turns":11},{"damage":41,"enemies":"Spheric Guardian","floor":18,"turns":6},{"damage":12,"enemies":"Chosen","floor":20,"turns":3},{"damage":19,"enemies":"Snake Plant","floor":21,"turns":3},{"damage":14,"enemies":"Centurion and Healer","floor":22,"turns":2}],"seed_played":"-6345033144399741855","potions_obtained":[{"floor":6,"key":"GamblersBrew"},{"floor":7,"key":"SpeedPotion"},{"floor":10,"key":"Strength Potion"}],"is_trial":false,"path_per_floor":["M","?","?","M","M","E","M","R","T","E","R","M","$","?","R","B",null,"M","?","M","M","M"],"character_chosen":"IRONCLAD","items_purchased":["Red Skull"],"campfire_rested":2,"item_purchase_floors":[13],"current_hp_per_floor":[78,75,75,80,80,37,17,56,56,17,56,62,62,62,62,17,64,29,29,23,10,0],"gold":299,"neow_bonus":"THREE_ENEMY_KILL","is_prod":false,"is_daily":false,"chose_seed":false,"campfire_upgraded":1,"win_rate":0,"timestamp":1555646948,"path_taken":["M","?","?","?","M","E","?","R","T","E","R","M","$","?","R","BOSS","M","?","?","M","?"],"build_version":"2019-01-23","purchased_purges":1,"victory":false,"max_hp_per_floor":[80,80,80,80,80,80,80,80,80,80,80,80,80,80,80,80,80,80,80,80,80,80],"card_choices":[{"not_picked":["Havoc","Body Slam"],"picked":"Flex","floor":1.0},{"not_picked":["Brutality","Flex"],"picked":"True Grit","floor":4.0},{"not_picked":["True Grit","Warcry"],"picked":"Twin Strike","floor":5},{"not_picked":["Berserk","Body Slam","Searing Blow"],"picked":"SKIP","floor":6},{"not_picked":["Twin Strike","Flame Barrier"],"picked":"Sword Boomerang","floor":7},{"not_picked":["Blood for Blood","Clash"],"picked":"Heavy Blade","floor":10},{"not_picked":["True Grit","Body Slam"],"picked":"Clothesline","floor":12},{"not_picked":["Fiend Fire","Double Tap"],"picked":"Limit Break","floor":16},{"not_picked":["Warcry","Ghostly Armor+1"],"picked":"Cleave","floor":18},{"not_picked":["Clothesline","Corruption"],"picked":"Flex","floor":20},{"not_picked":["Infernal Blade","Dual Wield"],"picked":"Sword Boomerang","floor":21}],"player_experience":451166,"relics_obtained":[{"floor":6,"key":"Darkstone Periapt"},{"floor":9,"key":"Bag of Marbles"},{"floor":10,"key":"Omamori"}],"event_choices":[{"damage_healed":0.0,"max_hp_gain":0.0,"max_hp_loss":0.0,"gold_gain":0.0,"event_name":"Scrap Ooze","player_choice":"Success","floor":2.0,"gold_loss":0.0,"damage_taken":3.0,"relics_obtained":["Regal Pillow"]},{"damage_healed":0.0,"max_hp_gain":0.0,"max_hp_loss":0.0,"gold_gain":100.0,"event_name":"Golden Shrine","player_choice":"Pray","floor":3.0,"gold_loss":0.0,"damage_taken":0.0},{"damage_healed":0,"gold_gain":0,"player_choice":"Box","damage_taken":0,"relics_obtained":["Shuriken"],"max_hp_gain":0,"max_hp_loss":0,"event_name":"Big Fish","floor":14,"gold_loss":0,"cards_obtained":["Regret"]},{"damage_healed":0,"gold_gain":100,"player_choice":"Bet on Murderer","damage_taken":0,"max_hp_gain":0,"max_hp_loss":0,"event_name":"The Joust","floor":19,"gold_loss":50}],"is_beta":false,"boss_relics":[{"not_picked":["Black Blood","Coffee Dripper"],"picked":"Astrolabe"}],"items_purged_floors":[13],"is_endless":false,"potions_floor_spawned":[6,7,10,20],"killed_by":"Centurion and Healer","ascension_level":7}