{"gold_per_floor":[115,125,125,50,67,67,81,98,98,117,117,150,150,2,2,106,106,118,138,238,252,252],"floor_reached":22,"playtime":1661,"items_purged":["Auto Shields","Conserve Battery"],"score":188,"play_id":"24ecdd6b-a7f6-4466-9820-a3c3dcd3798e","local_time":"20190416213003","daily_mods":["Draft","Heirloom"],"is_ascension_mode":false,"campfire_choices":[{"data":"Defragment","floor":6,"key":"SMITH"},{"floor":11,"key":"REST"},{"floor":13,"key":"REST"},{"floor":15,"key":"REST"}],"neow_cost":"","seed_source_timestamp":1456116991200,"circlet_count":0,"master_deck":["Loop","Fusion","Fusion","Defragment","Static Discharge","Barrage","Coolheaded","Static Discharge","Static Discharge","Steam Power","Darkness","Defragment+1","Cold Snap","Ball Lightning","Ball Lightning","Compile Driver","Ball Lightning","Cold Snap","Tempest","Biased Cognition","Reprogram","Coolheaded","Cold Snap","Redo"],"relics":["Cracked Core","Prayer Wheel","Symbiotic Virus","Bottled Tornado","Empty Cage","Bottled Lightning","Ice Cream"],"potions_floor_usage":[22,22],"damage_taken":[{"damage":10,"enemies":"Small Slimes","floor":1,"turns":3},{"damage":6,"enemies":"Cultist","floor":2,"turns":4},{"damage":5,"enemies":"2 Louse","floor":5,"turns":3},{"damage":11,"enemies":"Exordium Wildlife","floor":7,"turns":3},{"damage":22,"enemies":"3 Louse","floor":8,"turns":3},{"damage":10,"enemies":"Looter","floor":10,"turns":3},{"damage":23,"enemies":"3 Sentries","floor":12,"turns":4},{"damage":37,"enemies":"Hexaghost","floor":16,"turns":6},{"damage":10,"enemies":"Chosen","floor":18,"turns":2},{"damage":11,"enemies":"Shell Parasite","floor":19,"turns":3},{"damage":25,"enemies":"Colosseum Slavers","floor":20,"turns":3},{"damage":22,"enemies":"Colosseum Nobs","floor":20,"turns":4},{"damage":2,"enemies":"Snecko","floor":21,"turns":3},{"damage":11,"enemies":"Snake Plant","floor":22,"turns":1}],"seed_played":"7955986521594681976","potions_obtained":[{"floor":1,"key":"Regen Potion"},{"floor":5,"key":"EssenceOfSteel"},{"floor":12,"key":"PowerPotion"}],"is_trial":true,"path_per_floor":["M","M","?","$","M","R","M","M","T","M","R","E","R","$","R","B",null,"M","M","?","M","M"],"character_chosen":"DEFECT","items_purchased":["Coolheaded"],"campfire_rested":3,"item_purchase_floors":[14],"current_hp_per_floor":[65,59,59,59,54,54,43,21,21,11,33,10,32,32,54,17,75,65,54,7,5,0],"gold":252,"neow_bonus":"","is_prod":false,"is_daily":false,"chose_seed":false,"campfire_upgraded":1,"win_rate":0.0,"timestamp":1555407003,"path_taken":["M","M","?","$","?","R","M","M","T","M","R","E","R","$","R","BOSS","M","M","?","M","M"],"build_version":"2019-01-23","purchased_purges":2,"victory":false,"max_hp_per_floor":[75,75,75,75,75,75,75,75,75,75,75,75,75,75,75,75,75,75,75,75,75,75],"card_choices":[{"not_picked":["Go for the Eyes","Sweeping Beam"],"picked":"Loop","floor":0},{"not_picked":["Reinforced Body","Hologram"],"picked":"Fusion","floor":0},{"not_picked":["Hello World","Streamline"],"picked":"Conserve Battery","floor":0},{"not_picked":["Rebound","White Noise"],"picked":"Fusion","floor":0},{"not_picked":["Reinforced Body","Sweeping Beam"],"picked":"Leap","floor":0},{"not_picked":["BootSequence","Stack"],"picked":"Conserve Battery","floor":0},{"not_picked":["Genetic Algorithm","Undo"],"picked":"Defragment","floor":0},{"not_picked":["Scrape","Steam"],"picked":"Static Discharge","floor":0},{"not_picked":["Auto Shields","Hologram"],"picked":"Barrage","floor":0},{"not_picked":["Stack","Rip and Tear"],"picked":"Coolheaded","floor":0},{"not_picked":["Leap","Glacier"],"picked":"Static Discharge","floor":0},{"not_picked":["Turbo","Fusion"],"picked":"Static Discharge","floor":0},{"not_picked":["Hello World","Auto Shields"],"picked":"Steam Power","floor":0},{"not_picked":["Rebound","Chaos"],"picked":"Darkness","floor":0},{"not_picked":["Undo","Rebound"],"picked":"Defragment","floor":0},{"not_picked":["Blizzard","Beam Cell"],"picked":"Cold Snap","floor":1},{"not_picked":["Hello World","Leap"],"picked":"Fusion","floor":1},{"not_picked":["Rebound","Go for the Eyes"],"picked":"Ball Lightning","floor":2},{"not_picked":["Fusion","Auto Shields"],"picked":"Ball Lightning","floor":2},{"not_picked":["Force Field","Sweeping Beam"],"picked":"Compile Driver","floor":5},{"not_picked":["Go for the Eyes","Static Discharge"],"picked":"Ball Lightning","floor":5},{"not_picked":["Stack","Beam Cell"],"picked":"Cold Snap","floor":7},{"not_picked":["Heatsinks","Turbo","Barrage"],"picked":"SKIP","floor":7},{"not_picked":["Leap","Ball Lightning"],"picked":"Tempest","floor":8},{"not_picked":["Gash","Sweeping Beam","Rebound"],"picked":"SKIP","floor":8},{"not_picked":["Turbo","Coolheaded"],"picked":"Biased Cognition","floor":10},{"not_picked":["Go for the Eyes","Barrage","Force Field"],"picked":"SKIP","floor":10},{"not_picked":["Recycle","Static Discharge"],"picked":"Reprogram","floor":12},{"not_picked":["Conserve Battery+1","Rebound"],"picked":"Cold Snap","floor":18},{"not_picked":["Aggregate","Rip and Tear","Stack"],"picked":"SKIP","floor":18},{"not_picked":["Blizzard","Coolheaded","Turbo"],"picked":"SKIP","floor":19},{"not_picked":["Coolheaded","Force Field","Barrage"],"picked":"SKIP","floor":19},{"not_picked":["Cold Snap","Conserve Battery"],"picked":"Redo","floor":20},{"not_picked":["Force Field+1","Double Energy","Rip and Tear"],"picked":"SKIP","floor":21},{"not_picked":["Beam Cell+1","Barrage","Streamline"],"picked":"SKIP","floor":21}],"player_experience":14024,"relics_obtained":[{"floor":9,"key":"Symbiotic Virus"},{"floor":12,"key":"Bottled Tornado"},{"floor":20,"key":"Bottled Lightning"},{"floor":20,"key":"Ice Cream"}],"event_choices":[{"damage_healed":0,"gold_gain":0,"cards_transformed":["Conserve Battery"],"player_choice":"Transformed","damage_taken":0,"max_hp_gain":0,"max_hp_loss":0,"event_name":"Transmorgrifier","floor":3,"gold_loss":0,"cards_obtained":["Auto Shields"]},{"damage_healed":0,"gold_gain":0,"player_choice":"Fight","damage_taken":0,"max_hp_gain":0,"max_hp_loss":0,"event_name":"Colosseum","floor":20,"gold_loss":0},{"damage_healed":0,"gold_gain":0,"player_choice":"Fought Nobs","damage_taken":0,"max_hp_gain":0,"max_hp_loss":0,"event_name":"Colosseum","floor":20,"gold_loss":0}],"is_beta":false,"boss_relics":[{"not_picked":["Orrery","Coffee Dripper"],"picked":"Empty Cage"}],"items_purged_floors":[4,14],"is_endless":false,"potions_floor_spawned":[1,5,8,12,16,20,20],"killed_by":"Snake Plant","ascension_level":0}