{"gold_per_floor":[118,118,128,228,248,248,6,20,20,120,159,198,211,258,258,258],"floor_reached":16,"playtime":830,"items_purged":[],"score":94,"play_id":"9ffd0ac3-ed91-48d9-bc40-b87b8d72a402","local_time":"20190401153849","is_ascension_mode":false,"campfire_choices":[{"data":"Strike_R","floor":6,"key":"SMITH"},{"data":"Strike_R","floor":15,"key":"SMITH"}],"neow_cost":"","seed_source_timestamp":518345633030800,"circlet_count":0,"master_deck":["Strike_R","Strike_R","Strike_R","Strike_R+1","Strike_R+1","Defend_R","Defend_R","Defend_R","Defend_R","Bash","Cleave","Fire Breathing","Perfected Strike","HandOfGreed","Twin Strike","Uppercut","Rupture","Anger","Iron Wave"],"relics":["Burning Blood","Sundial","Matryoshka","Ancient Tea Set","Blood Vial"],"potions_floor_usage":[12,13],"damage_taken":[{"damage":6,"enemies":"Cultist","floor":1,"turns":3},{"damage":5,"enemies":"Small Slimes","floor":3,"turns":3},{"damage":11,"enemies":"Jaw Worm","floor":5,"turns":3},{"damage":16,"enemies":"Large Slime","floor":8,"turns":4},{"damage":12,"enemies":"Blue Slaver","floor":11,"turns":2},{"damage":13,"enemies":"2 Fungi Beasts","floor":12,"turns":3},{"damage":19,"enemies":"3 Louse","floor":13,"turns":3},{"damage":45,"enemies":"The Guardian","floor":16,"turns":4}],"seed_played":"3579402702277965130","potions_obtained":[{"floor":11,"key":"Weak Potion"},{"floor":12,"key":"LiquidBronze"}],"is_trial":false,"path_per_floor":["M","T","M","?","M","R","$","M","T","?","M","M","M","T","R","B"],"character_chosen":"IRONCLAD","items_purchased":["HandOfGreed","Twin Strike"],"campfire_rested":0,"item_purchase_floors":[7,7],"current_hp_per_floor":[80,80,80,80,75,75,75,65,65,65,59,52,39,39,39,0],"gold":258,"neow_bonus":"","is_prod":false,"is_daily":false,"chose_seed":false,"campfire_upgraded":2,"win_rate":0.0,"timestamp":1554086329,"path_taken":["M","?","M","?","?","R","$","M","T","?","M","?","M","?","R","BOSS"],"build_version":"2019-01-23","purchased_purges":0,"victory":false,"max_hp_per_floor":[80,80,80,80,80,80,80,80,80,80,80,80,80,80,80,80],"card_choices":[{"not_picked":["Warcry","Sword Boomerang"],"picked":"Cleave","floor":1},{"not_picked":["Clothesline","Perfected Strike"],"picked":"Fire Breathing","floor":3},{"not_picked":["Dual Wield","Shrug It Off"],"picked":"Perfected Strike","floor":5},{"not_picked":["Clash","Cleave"],"picked":"Uppercut","floor":8},{"not_picked":["Perfected Strike","Pummel"],"picked":"Rupture","floor":11},{"not_picked":["Pommel Strike","Warcry"],"picked":"Anger","floor":12},{"not_picked":["Whirlwind","Anger"],"picked":"Iron Wave","floor":13}],"player_experience":0,"relics_obtained":[{"floor":2,"key":"Sundial"},{"floor":9,"key":"Matryoshka"},{"floor":14,"key":"Ancient Tea Set"},{"floor":14,"key":"Blood Vial"}],"event_choices":[{"damage_healed":0,"gold_gain":100,"player_choice":"Pray","damage_taken":0,"max_hp_gain":0,"max_hp_loss":0,"event_name":"Golden Shrine","floor":4,"gold_loss":0},{"damage_healed":0,"gold_gain":100,"player_choice":"Gold","damage_taken":0,"max_hp_gain":0,"max_hp_loss":0,"event_name":"Wheel of Change","floor":10,"gold_loss":0}],"is_beta":false,"boss_relics":[],"items_purged_floors":[],"is_endless":false,"potions_floor_spawned":[11,12],"killed_by":"The Guardian","ascension_level":0}