{"gold_per_floor":[111,126,78,78,78,78,126,126,126,139,139,214,64,64,64,195,195,213,303,135,160,35,76,91,107,131,149,149,164,164,184,184,305,305,319,319,333,354,354,354,389,402,402,416,450,450,223,244,244,244],"floor_reached":51,"playtime":3591,"items_purged":["Strike_B","Strike_B","Strike_B","Defend_B"],"score":759,"play_id":"ee5fcc6f-1e2d-4e62-897f-d97eface5ed0","local_time":"20190321213254","is_ascension_mode":true,"campfire_choices":[{"data":"Cold Snap","floor":6,"key":"SMITH"},{"data":"Glacier","floor":11,"key":"SMITH"},{"data":"Loop","floor":15,"key":"SMITH"},{"floor":28,"key":"REST"},{"data":"Defragment","floor":30,"key":"SMITH"},{"data":"Rainbow","floor":32,"key":"SMITH"},{"data":"Defragment","floor":40,"key":"SMITH"},{"data":"Capacitor","floor":46,"key":"SMITH"},{"data":"Blizzard","floor":49,"key":"SMITH"}],"neow_cost":"NONE","seed_source_timestamp":681419398013029,"circlet_count":0,"master_deck":["Defend_B","Defend_B","Defend_B","Zap","Dualcast","Cold Snap+1","Barrage","Ball Lightning","Meteor Strike","Glacier+1","Loop+1","Rainbow+1","Defragment+1","Capacitor+1","Self Repair","Chaos+1","Tempest","Blizzard+1","Thunder Strike","Defragment+1","Glacier+1","Compile Driver+1","Defragment+1","Darkness+1","Capacitor","Barrage+1"],"relics":["Cracked Core","Regal Pillow","Strawberry","Golden Idol","Pantograph","Gremlin Horn","Snecko Eye","Blood Vial","Centennial Puzzle","Coffee Dripper","Dodecahedron","Darkstone Periapt","Cables"],"potions_floor_usage":[24,44,45],"damage_taken":[{"damage":9,"enemies":"2 Louse","floor":1,"turns":3},{"damage":2,"enemies":"Jaw Worm","floor":2,"turns":3},{"damage":0,"enemies":"Cultist","floor":10,"turns":3},{"damage":54,"enemies":"Slime Boss","floor":16,"turns":12},{"damage":0,"enemies":"2 Thieves","floor":18,"turns":3},{"damage":5,"enemies":"Chosen","floor":21,"turns":3},{"damage":11,"enemies":"Book of Stabbing","floor":23,"turns":5},{"damage":23,"enemies":"Centurion and Healer","floor":24,"turns":4},{"damage":17,"enemies":"Sentry and Sphere","floor":25,"turns":4},{"damage":14,"enemies":"Snake Plant","floor":27,"turns":3},{"damage":0,"enemies":"Snecko","floor":29,"turns":4},{"damage":9,"enemies":"Centurion and Healer","floor":31,"turns":3},{"damage":20,"enemies":"Champ","floor":33,"turns":9},{"damage":23,"enemies":"3 Darklings","floor":35,"turns":3},{"damage":0,"enemies":"3 Shapes","floor":37,"turns":2},{"damage":2,"enemies":"Spire Growth","floor":38,"turns":3},{"damage":15,"enemies":"Giant Head","floor":41,"turns":8},{"damage":17,"enemies":"Jaw Worm Horde","floor":42,"turns":3},{"damage":21,"enemies":"4 Shapes","floor":44,"turns":3},{"damage":6,"enemies":"Nemesis","floor":45,"turns":7},{"damage":10,"enemies":"Sphere and 2 Shapes","floor":48,"turns":3},{"damage":43,"enemies":"Time Eater","floor":50,"turns":8}],"seed_played":"-6764882889494488967","potions_obtained":[{"floor":2,"key":"SpeedPotion"},{"floor":10,"key":"SteroidPotion"},{"floor":16,"key":"AttackPotion"},{"floor":21,"key":"Energy Potion"},{"floor":27,"key":"Strength Potion"},{"floor":29,"key":"FocusPotion"},{"floor":36,"key":"SkillPotion"},{"floor":42,"key":"Regen Potion"},{"floor":44,"key":"Regen Potion"},{"floor":48,"key":"GamblersBrew"}],"is_trial":false,"path_per_floor":["M","M","$","?","?","R","T","?","T","M","R","?","$","T","R","B",null,"M","?","$","M","$","E","M","M","T","M","R","M","R","M","R","B",null,"M","?","M","M","?","R","E","M","T","M","E","R","$","M","R","B",null],"character_chosen":"DEFECT","items_purchased":["Ball Lightning","Loop","Capacitor","Capacitor"],"campfire_rested":1,"item_purchase_floors":[3,13,20,47],"current_hp_per_floor":[66,64,64,64,69,69,76,76,76,76,76,68,68,68,68,27,81,81,65,65,60,60,56,42,34,34,29,68,77,77,77,77,68,81,65,65,74,74,74,74,68,60,60,57,75,75,75,67,67,45],"gold":244,"neow_bonus":"RANDOM_COMMON_RELIC","is_prod":false,"is_daily":false,"chose_seed":false,"campfire_upgraded":8,"win_rate":0,"timestamp":1553221974,"path_taken":["M","M","$","?","?","R","?","?","T","?","R","?","$","?","R","BOSS","M","?","$","M","$","E","?","M","T","M","R","M","R","M","R","BOSS","M","?","?","?","?","R","E","M","T","M","E","R","?","M","R","BOSS"],"build_version":"2019-01-23","purchased_purges":4,"victory":true,"max_hp_per_floor":[75,75,75,75,80,80,87,81,81,81,81,81,81,81,81,81,81,81,81,81,81,81,81,81,81,81,81,81,81,81,81,81,81,81,81,81,81,81,81,81,81,81,81,81,81,81,81,81,81,81],"card_choices":[{"not_picked":["Stack","Scrape"],"picked":"Cold Snap","floor":1},{"not_picked":["Stack","Double Energy"],"picked":"Barrage","floor":2},{"not_picked":["Conserve Battery","Rebound"],"picked":"Glacier","floor":10},{"not_picked":["Seek","Reboot"],"picked":"Rainbow","floor":16},{"not_picked":["Turbo+1","Streamline+1"],"picked":"Defragment","floor":18},{"not_picked":["Hologram+1","Force Field"],"picked":"Self Repair","floor":21},{"not_picked":["Chill","Double Energy","Core Surge"],"picked":"SKIP","floor":23},{"not_picked":["Beam Cell","Stack","Conserve Battery"],"picked":"SKIP","floor":24},{"not_picked":["Beam Cell","Cold Snap"],"picked":"Chaos+1","floor":25},{"not_picked":["Hologram+1","Steam"],"picked":"Tempest","floor":27},{"not_picked":["Hologram","Turbo+1"],"picked":"Blizzard","floor":29},{"not_picked":["Genetic Algorithm","Rip and Tear","Stack"],"picked":"SKIP","floor":31},{"not_picked":["Biased Cognition","Fission"],"picked":"Thunder Strike","floor":33},{"not_picked":["Sweeping Beam","Barrage+1"],"picked":"Defragment","floor":35},{"not_picked":["Steam+1","Barrage"],"picked":"Glacier+1","floor":37},{"not_picked":["Streamline","Redo"],"picked":"Compile Driver+1","floor":38},{"not_picked":["Steam","Seek","Double Energy+1"],"picked":"SKIP","floor":41},{"not_picked":["Rip and Tear+1","Cold Snap+1"],"picked":"Darkness+1","floor":42},{"not_picked":["Storm","Hologram","Leap"],"picked":"SKIP","floor":44},{"not_picked":["Compile Driver","Leap+1","Ball Lightning+1"],"picked":"SKIP","floor":45},{"not_picked":["Redo+1","Cold Snap"],"picked":"Barrage+1","floor":48}],"player_experience":418490,"relics_obtained":[{"floor":7,"key":"Strawberry"},{"floor":9,"key":"Pantograph"},{"floor":14,"key":"Gremlin Horn"},{"floor":23,"key":"Blood Vial"},{"floor":26,"key":"Centennial Puzzle"},{"floor":41,"key":"Dodecahedron"},{"floor":43,"key":"Darkstone Periapt"},{"floor":45,"key":"Cables"}],"event_choices":[{"damage_healed":0,"gold_gain":0,"cards_transformed":["Strike_B"],"player_choice":"Change","damage_taken":0,"max_hp_gain":0,"max_hp_loss":0,"event_name":"Living Wall","floor":4,"gold_loss":0,"cards_obtained":["Meteor Strike"]},{"damage_healed":0,"gold_gain":0,"player_choice":"Donut","damage_taken":0,"max_hp_gain":5,"max_hp_loss":0,"event_name":"Big Fish","floor":5,"gold_loss":0},{"damage_healed":0,"gold_gain":0,"player_choice":"Lose Max HP","damage_taken":0,"relics_obtained":["Golden Idol"],"max_hp_gain":0,"max_hp_loss":6,"event_name":"Golden Idol","floor":8,"gold_loss":0},{"damage_healed":0,"gold_gain":75,"player_choice":"Touch","damage_taken":8,"max_hp_gain":0,"max_hp_loss":0,"event_name":"FaceTrader","floor":12,"gold_loss":0},{"damage_healed":0,"gold_gain":90,"player_choice":"GOLD ","damage_taken":16,"max_hp_gain":0,"max_hp_loss":0,"event_name":"Knowing Skull","floor":19,"potions_obtained":[],"gold_loss":0,"cards_obtained":[]},{"damage_healed":0,"gold_gain":0,"player_choice":"Got Potions","damage_taken":0,"max_hp_gain":0,"max_hp_loss":0,"event_name":"Lab","floor":36,"gold_loss":0},{"damage_healed":0,"gold_gain":0,"player_choice":"Copied","damage_taken":0,"max_hp_gain":0,"max_hp_loss":0,"event_name":"Duplicator","floor":39,"gold_loss":0,"cards_obtained":["Defragment"]}],"is_beta":false,"boss_relics":[{"not_picked":["Astrolabe","Ectoplasm"],"picked":"Snecko Eye"},{"not_picked":["Runic Dome","FrozenCore"],"picked":"Coffee Dripper"}],"items_purged_floors":[13,20,22,47],"is_endless":false,"potions_floor_spawned":[2,10,16,21,27,29,31,38,42,44,48],"ascension_level":2}