{"gold_per_floor":[111,122,142,142,142,142,183,183,253,253,253,267,302,191,191,315,615,639,405,430,444,444,444,465,13,13,13,13,13,13,26,26,146,146,169,187,98,98,112,112,125,125,125,148,148,171,171,171,171,171],"floor_reached":50,"playtime":8350,"items_purged":[],"score":475,"play_id":"906bdedb-7e24-4253-96e0-3e16b0cd63fe","local_time":"20190507004228","is_ascension_mode":false,"campfire_choices":[{"floor":6,"key":"REST"},{"floor":8,"key":"REST"},{"floor":11,"key":"REST"},{"data":"Caltrops","floor":15,"key":"SMITH"},{"floor":23,"key":"REST"},{"data":"Poisoned Stab","floor":27,"key":"SMITH"},{"floor":30,"key":"REST"},{"floor":32,"key":"REST"},{"data":"After Image","floor":40,"key":"SMITH"},{"data":"Accuracy","floor":42,"key":"SMITH"},{"floor":45,"key":"REST"},{"data":"Glass Knife","floor":49,"key":"SMITH"}],"neow_cost":"NONE","seed_source_timestamp":311369752358740,"circlet_count":0,"master_deck":["Defend_G","Defend_G","Defend_G","Defend_G","Defend_G","Strike_G","Strike_G","Strike_G","Strike_G","Strike_G","Survivor","Neutralize","Underhanded Strike","Prepared","Dodge and Roll","Adrenaline","Dagger Throw","Deflect","Caltrops+1","Terror","Die Die Die","Clumsy","Poisoned Stab+1","Blade Dance+1","Infinite Blades","Cloak And Dagger+1","Endless Agony","Finisher+1","Deadly Poison+1","Flechettes","Dash","Enlightenment+1","Underhanded Strike","Cloak And Dagger+1","Glass Knife+1","Crippling Poison+1","Deadly Poison+1","After Image+1","Bane+1","Outmaneuver+1","Apotheosis+1","Deflect+1","Accuracy+1","Poisoned Stab+1","Heel Hook+1","Dramatic Entrance","Transmutation+1","Discovery+1","Doubt"],"relics":["Ring of the Snake","Golden Idol","Smiling Mask","Mercury Hourglass","Dream Catcher","Calling Bell","Old Coin","Toxic Egg 2","Anchor","Membership Card","Meat on the Bone","Ornamental Fan","MutagenicStrength","WristBlade","Snake Skull"],"potions_floor_usage":[16,33,33,33,50,50,50],"damage_taken":[{"damage":0,"enemies":"Small Slimes","floor":1,"turns":4},{"damage":2,"enemies":"Jaw Worm","floor":2,"turns":5},{"damage":0,"enemies":"2 Louse","floor":3,"turns":3},{"damage":54,"enemies":"Gremlin Nob","floor":7,"turns":6},{"damage":3,"enemies":"Blue Slaver","floor":12,"turns":5},{"damage":18,"enemies":"3 Sentries","floor":13,"turns":7},{"damage":35,"enemies":"The Guardian","floor":16,"turns":10},{"damage":17,"enemies":"Chosen","floor":18,"turns":5},{"damage":23,"enemies":"Spheric Guardian","floor":20,"turns":5},{"damage":3,"enemies":"Centurion and Healer","floor":21,"turns":4},{"damage":31,"enemies":"Snecko","floor":24,"turns":6},{"damage":12,"enemies":"Shelled Parasite and Fungi","floor":31,"turns":3},{"damage":21,"enemies":"Collector","floor":33,"turns":7},{"damage":5,"enemies":"3 Shapes","floor":35,"turns":3},{"damage":10,"enemies":"Orb Walker","floor":36,"turns":3},{"damage":12,"enemies":"3 Darklings","floor":39,"turns":4},{"damage":11,"enemies":"Maw","floor":41,"turns":8},{"damage":19,"enemies":"Sphere and 2 Shapes","floor":44,"turns":5},{"damage":12,"enemies":"3 Darklings","floor":46,"turns":4},{"damage":97,"enemies":"Donu and Deca","floor":50,"turns":10}],"seed_played":"6238783996443876717","potions_obtained":[{"floor":2,"key":"LiquidBronze"},{"floor":7,"key":"Poison Potion"},{"floor":16,"key":"EssenceOfSteel"},{"floor":20,"key":"LiquidBronze"},{"floor":35,"key":"LiquidBronze"},{"floor":39,"key":"SpeedPotion"},{"floor":44,"key":"SpeedPotion"},{"floor":46,"key":"Poison Potion"}],"is_trial":false,"path_per_floor":["M","M","M","?","?","R","E","R","T","?","R","M","E","$","R","B",null,"M","$","M","M","?","R","M","$","T","R","?","?","R","M","R","B",null,"M","M","$","?","M","R","M","R","T","M","R","M","?","?","R","B"],"character_chosen":"THE_SILENT","items_purchased":["Caltrops","Terror","Blade Dance+1","Infinite Blades","Cloak And Dagger+1","Endless Agony","Enlightenment+1","Membership Card","Meat on the Bone","Underhanded Strike","Cloak And Dagger+1","Apotheosis+1"],"campfire_rested":7,"item_purchase_floors":[14,14,19,19,19,19,25,25,25,25,25,37],"current_hp_per_floor":[77,75,75,56,56,77,23,46,46,51,75,72,54,54,54,19,82,65,65,42,39,39,63,32,32,32,32,32,32,56,44,68,47,82,77,67,67,67,55,55,44,44,44,37,61,49,39,82,82,0],"gold":171,"neow_bonus":"TEN_PERCENT_HP_BONUS","is_prod":false,"is_daily":false,"chose_seed":false,"campfire_upgraded":5,"win_rate":0.0,"timestamp":1557214948,"path_taken":["M","M","M","?","?","R","E","R","T","?","R","M","E","$","R","BOSS","M","$","M","M","?","R","M","$","T","R","?","?","R","M","R","BOSS","M","M","$","?","M","R","?","R","T","M","R","M","?","?","R","BOSS"],"build_version":"2019-01-23","purchased_purges":0,"victory":false,"max_hp_per_floor":[77,77,77,77,77,77,77,77,77,82,82,82,82,82,82,82,82,82,82,82,82,82,82,82,82,82,82,82,82,82,82,82,82,82,82,82,82,82,82,82,82,82,82,82,82,82,82,82,82,82],"card_choices":[{"not_picked":["Acrobatics","Outmaneuver"],"picked":"Underhanded Strike","floor":1},{"not_picked":["Outmaneuver","Acrobatics"],"picked":"Prepared","floor":2},{"not_picked":["Predator","Bane"],"picked":"Dodge and Roll","floor":3},{"not_picked":["Blade Dance","Dagger Spray"],"picked":"Adrenaline","floor":7},{"not_picked":["Riddle With Holes","Slice"],"picked":"Dagger Throw","floor":12},{"not_picked":["Acrobatics","Prepared"],"picked":"Deflect","floor":13},{"not_picked":["Phantasmal Killer","Night Terror"],"picked":"Die Die Die","floor":16},{"not_picked":["Prepared+1","Flying Knee"],"picked":"Poisoned Stab","floor":18},{"not_picked":["Dash","Quick Slash"],"picked":"Finisher+1","floor":20},{"not_picked":["Finisher","Distraction+1"],"picked":"Deadly Poison+1","floor":21},{"not_picked":["Acrobatics+1","Prepared+1"],"picked":"Flechettes","floor":23},{"not_picked":["Terror+1","Eviscerate"],"picked":"Dash","floor":24},{"not_picked":["Finisher","Dagger Spray+1"],"picked":"Glass Knife","floor":30},{"not_picked":["Terror+1","Footwork+1"],"picked":"Crippling Poison+1","floor":31},{"not_picked":["Bane","Dodge and Roll+1"],"picked":"Deadly Poison+1","floor":32},{"not_picked":["A Thousand Cuts","Malaise+1"],"picked":"After Image","floor":33},{"not_picked":["Acrobatics+1","Dagger Spray"],"picked":"Bane+1","floor":35},{"not_picked":["Footwork","Deflect+1"],"picked":"Outmaneuver+1","floor":36},{"not_picked":["Slice","Underhanded Strike+1"],"picked":"Deflect+1","floor":39},{"not_picked":["Skewer","Dagger Throw+1"],"picked":"Accuracy","floor":41},{"not_picked":["Slice","Finisher+1"],"picked":"Poisoned Stab+1","floor":44},{"not_picked":["Calculated Gamble+1","Finisher"],"picked":"Heel Hook+1","floor":46},{"not_picked":["Swift Strike","Enlightenment+1"],"picked":"Dramatic Entrance","floor":47},{"not_picked":["Violence+1","Blind+1"],"picked":"Transmutation+1","floor":47},{"not_picked":["Deep Breath+1","Bandage Up+1"],"picked":"Discovery+1","floor":47}],"player_experience":123016,"relics_obtained":[{"floor":7,"key":"Smiling Mask"},{"floor":9,"key":"Mercury Hourglass"},{"floor":13,"key":"Dream Catcher"},{"floor":17,"key":"Old Coin"},{"floor":17,"key":"Toxic Egg 2"},{"floor":17,"key":"Anchor"},{"floor":26,"key":"Ornamental Fan"},{"floor":43,"key":"Snake Skull"}],"event_choices":[{"damage_healed":0,"gold_gain":0,"player_choice":"Take Damage","damage_taken":19,"relics_obtained":["Golden Idol"],"max_hp_gain":0,"max_hp_loss":0,"event_name":"Golden Idol","floor":4,"gold_loss":0},{"damage_healed":0,"gold_gain":0,"player_choice":"Ignored","damage_taken":0,"max_hp_gain":0,"max_hp_loss":0,"event_name":"Liars Game","floor":5,"gold_loss":0},{"damage_healed":0,"gold_gain":0,"player_choice":"Donut","damage_taken":0,"max_hp_gain":5,"max_hp_loss":0,"event_name":"Big Fish","floor":10,"gold_loss":0},{"damage_healed":0,"gold_gain":0,"player_choice":"Ignored","damage_taken":0,"max_hp_gain":0,"max_hp_loss":0,"event_name":"Ghosts","floor":22,"gold_loss":0},{"damage_healed":0,"gold_gain":0,"player_choice":"Inject Mutagens","damage_taken":0,"relics_obtained":["MutagenicStrength"],"max_hp_gain":0,"max_hp_loss":0,"event_name":"Drug Dealer","floor":28,"gold_loss":0},{"cards_removed":["Normality"],"damage_healed":0,"gold_gain":0,"player_choice":"Purged","damage_taken":0,"max_hp_gain":0,"max_hp_loss":0,"event_name":"Purifier","floor":29,"gold_loss":0},{"cards_removed":["Writhe"],"damage_healed":0,"gold_gain":0,"player_choice":"Purged","damage_taken":0,"max_hp_gain":0,"max_hp_loss":0,"event_name":"Purifier","floor":38,"gold_loss":0},{"damage_healed":0,"gold_gain":0,"player_choice":"Memory 3","damage_taken":10,"max_hp_gain":0,"max_hp_loss":0,"event_name":"SensoryStone","floor":47,"gold_loss":0},{"damage_healed":43,"gold_gain":0,"player_choice":"Heal","damage_taken":0,"max_hp_gain":0,"max_hp_loss":0,"event_name":"MindBloom","floor":48,"gold_loss":0,"cards_obtained":["Doubt"]}],"is_beta":false,"boss_relics":[{"not_picked":["Sozu","Busted Crown"],"picked":"Calling Bell"},{"not_picked":["Black Star","Coffee Dripper"],"picked":"WristBlade"}],"items_purged_floors":[],"is_endless":false,"potions_floor_spawned":[2,7,16,20,24,31,35,39,44,46],"killed_by":"Donu and Deca","ascension_level":0}