{"gold_per_floor":[119,119,119,72,96,127,127,127,127,127,147,147,171,171,171,299,299,324,347,15,38,52,52,52,76,127,127,87,87,111,129,129,129],"floor_reached":33,"playtime":8991,"items_purged":[],"score":297,"play_id":"1344c5f7-2aca-449c-9345-d46bdd903900","local_time":"20190427233112","is_ascension_mode":false,"campfire_choices":[{"data":"Neutralize","floor":7,"key":"SMITH"},{"data":"Eviscerate","floor":12,"key":"SMITH"},{"data":"Masterful Stab","floor":15,"key":"SMITH"},{"data":"Distraction","floor":23,"key":"SMITH"},{"data":"Ghostly","floor":29,"key":"SMITH"},{"data":"Ghostly","floor":32,"key":"SMITH"}],"neow_cost":"NONE","seed_source_timestamp":95831675586069,"circlet_count":0,"master_deck":["Defend_G+1","Defend_G+1","Defend_G+1","Defend_G+1","Defend_G+1","Strike_G+1","Strike_G+1","Strike_G+1","Strike_G+1","Strike_G+1","Survivor","Neutralize+1","Dagger Spray+1","Flying Knee","Masterful Stab+1","Eviscerate+1","Underhanded Strike+1","Deflect","Burst","Terror+1","Reflex","Glass Knife","Crippling Poison","Predator","Distraction+1","Ghostly+1","Ghostly","Ghostly","Ghostly+1","Ghostly+1","Quick Slash","Finisher","Deflect"],"relics":["Ring of the Snake","NeowsBlessing","Golden Idol","Gambling Chip","Ninja Scroll","Happy Flower","Ice Cream","Sozu","TwistedFunnel","Ancient Tea Set"],"potions_floor_usage":[],"damage_taken":[{"damage":0,"enemies":"Jaw Worm","floor":1,"turns":1},{"damage":0,"enemies":"Small Slimes","floor":5,"turns":1},{"damage":0,"enemies":"Gremlin Nob","floor":6,"turns":1},{"damage":0,"enemies":"2 Louse","floor":11,"turns":1},{"damage":0,"enemies":"Looter","floor":13,"turns":2},{"damage":61,"enemies":"Hexaghost","floor":16,"turns":12},{"damage":2,"enemies":"Spheric Guardian","floor":18,"turns":3},{"damage":0,"enemies":"2 Thieves","floor":19,"turns":2},{"damage":1,"enemies":"Chosen and Byrds","floor":21,"turns":3},{"damage":7,"enemies":"Centurion and Healer","floor":22,"turns":4},{"damage":3,"enemies":"Shelled Parasite and Fungi","floor":25,"turns":4},{"damage":3,"enemies":"Snake Plant","floor":30,"turns":3},{"damage":0,"enemies":"3 Cultists","floor":31,"turns":3},{"damage":41,"enemies":"Champ","floor":33,"turns":11}],"seed_played":"-7641107156356995630","potions_obtained":[{"floor":1,"key":"Strength Potion"},{"floor":6,"key":"LiquidBronze"}],"is_trial":false,"path_per_floor":["M","?","?","$","M","E","R","?","T","T","M","R","M","?","R","B",null,"M","M","$","M","M","R","?","M","T","?","?","R","M","M","R","B"],"character_chosen":"THE_SILENT","items_purchased":["Flying Knee","Glass Knife","Crippling Poison","TwistedFunnel"],"campfire_rested":0,"item_purchase_floors":[4,20,20,20],"current_hp_per_floor":[70,65,65,65,65,65,65,58,58,58,58,58,58,63,63,2,70,68,68,68,67,60,60,35,32,32,32,32,32,29,29,29,0],"gold":129,"neow_bonus":"THREE_ENEMY_KILL","is_prod":false,"is_daily":false,"chose_seed":false,"campfire_upgraded":6,"win_rate":0.0,"timestamp":1556433072,"path_taken":["M","?","?","$","M","E","R","?","T","?","?","R","M","?","R","BOSS","M","M","$","M","M","R","?","M","T","?","?","R","?","M","R","BOSS"],"build_version":"2019-01-23","purchased_purges":0,"victory":false,"max_hp_per_floor":[70,65,65,65,65,65,65,65,65,65,65,65,65,70,70,70,70,70,70,70,70,70,70,35,35,35,35,35,35,35,35,35,35],"card_choices":[{"not_picked":["Noxious Fumes","Blade Dance"],"picked":"Dagger Spray","floor":1},{"not_picked":["Deadly Poison","Deflect"],"picked":"Masterful Stab","floor":5},{"not_picked":["Sucker Punch","Phantasmal Killer"],"picked":"Eviscerate","floor":6},{"not_picked":["Leg Sweep","Blur"],"picked":"Underhanded Strike","floor":11},{"not_picked":["Dodge and Roll","Eviscerate"],"picked":"Deflect","floor":13},{"not_picked":["Venomology","Die Die Die"],"picked":"Burst","floor":16},{"not_picked":["PiercingWail","Backflip"],"picked":"Terror+1","floor":18},{"not_picked":["Deadly Poison","Predator"],"picked":"Reflex","floor":19},{"not_picked":["Escape Plan+1","Dodge and Roll"],"picked":"Predator","floor":21},{"not_picked":["Dodge and Roll+1","Footwork"],"picked":"Distraction","floor":22},{"not_picked":["Reflex","Envenom"],"picked":"Quick Slash","floor":25},{"not_picked":["PiercingWail","Slice"],"picked":"Finisher","floor":30},{"not_picked":["Underhanded Strike","Deadly Poison+1"],"picked":"Deflect","floor":31}],"player_experience":5776,"relics_obtained":[{"floor":6,"key":"Gambling Chip"},{"floor":9,"key":"Happy Flower"},{"floor":10,"key":"Ice Cream"},{"floor":26,"key":"Ancient Tea Set"}],"event_choices":[{"damage_healed":0,"gold_gain":0,"player_choice":"Lose Max HP","damage_taken":0,"relics_obtained":["Golden Idol"],"max_hp_gain":0,"max_hp_loss":5,"event_name":"Golden Idol","floor":2,"gold_loss":0},{"damage_healed":0,"gold_gain":0,"player_choice":"Grow","damage_taken":0,"max_hp_gain":0,"max_hp_loss":0,"event_name":"Living Wall","floor":3,"gold_loss":0,"cards_upgraded":["Dagger Spray"]},{"damage_healed":0,"gold_gain":0,"player_choice":"Success","damage_taken":7,"relics_obtained":["Ninja Scroll"],"max_hp_gain":0,"max_hp_loss":0,"event_name":"Scrap Ooze","floor":8,"gold_loss":0},{"damage_healed":0,"gold_gain":0,"player_choice":"Donut","damage_taken":0,"max_hp_gain":5,"max_hp_loss":0,"event_name":"Big Fish","floor":14,"gold_loss":0},{"damage_healed":0,"gold_gain":0,"player_choice":"Became a Ghost","damage_taken":0,"max_hp_gain":0,"max_hp_loss":35,"event_name":"Ghosts","floor":24,"gold_loss":0,"cards_obtained":["Ghostly","Ghostly","Ghostly","Ghostly","Ghostly"]},{"damage_healed":0,"gold_gain":0,"player_choice":"Simplicity","damage_taken":0,"max_hp_gain":0,"max_hp_loss":0,"event_name":"Back to Basics","floor":27,"gold_loss":0,"cards_upgraded":["Defend_G","Defend_G","Defend_G","Defend_G","Defend_G","Strike_G","Strike_G","Strike_G","Strike_G","Strike_G"]},{"damage_healed":0,"gold_gain":0,"player_choice":"Upgraded Two","damage_taken":0,"max_hp_gain":0,"max_hp_loss":0,"event_name":"Designer","floor":28,"gold_loss":40,"cards_upgraded":["Ghostly","Underhanded Strike"]}],"is_beta":false,"boss_relics":[{"not_picked":["Cursed Key","Astrolabe"],"picked":"Sozu"}],"items_purged_floors":[],"is_endless":false,"potions_floor_spawned":[1,6,19,21,25,30],"killed_by":"Champ","ascension_level":0}