{"gold_per_floor":[110,120,135,60,72,72,105,105,185,360,360,360,66,85,85,85],"floor_reached":16,"playtime":1292,"items_purged":["Dualcast"],"score":105,"play_id":"b22d58c0-af1f-4355-8cf1-75e7e011b2c7","local_time":"20190428193445","is_ascension_mode":true,"campfire_choices":[{"data":"Gash","floor":6,"key":"SMITH"},{"floor":11,"key":"REST"},{"floor":15,"key":"REST"}],"neow_cost":"TEN_PERCENT_HP_LOSS","seed_source_timestamp":291639976669500,"circlet_count":0,"master_deck":["Strike_B+1","Strike_B","Defend_B","Defend_B","Defend_B","Defend_B","Zap","Gash+1","Beam Cell","Beam Cell","Sweeping Beam+1","Doubt"],"relics":["Cracked Core","Arrowhead","Mirror","PreservedInsect","Ice Cream"],"potions_floor_usage":[16,16,16],"damage_taken":[{"damage":1,"enemies":"Jaw Worm","floor":1,"turns":3},{"damage":5,"enemies":"Small Slimes","floor":2,"turns":5},{"damage":0,"enemies":"Cultist","floor":3,"turns":3},{"damage":2,"enemies":"Blue Slaver","floor":5,"turns":4},{"damage":30,"enemies":"Lagavulin","floor":7,"turns":6},{"damage":6,"enemies":"Red Slaver","floor":14,"turns":3},{"damage":44,"enemies":"Slime Boss","floor":16,"turns":8}],"seed_played":"8357417866332391915","potions_obtained":[{"floor":3,"key":"Energy Potion"},{"floor":7,"key":"Venom Potion"},{"floor":14,"key":"Adrenaline Potion"}],"is_trial":false,"path_per_floor":["M","M","M","$","M","R","E","?","T","?","R","?","$","M","R","B"],"character_chosen":"DEFECT","items_purchased":["Ice Cream"],"campfire_rested":2,"item_purchase_floors":[13],"current_hp_per_floor":[67,62,62,62,60,60,30,16,16,16,36,29,29,23,43,0],"gold":85,"neow_bonus":"REMOVE_TWO","is_prod":false,"is_daily":false,"chose_seed":false,"campfire_upgraded":1,"win_rate":0,"timestamp":1556436885,"path_taken":["M","M","M","$","M","R","E","?","T","?","R","?","?","?","R","BOSS"],"build_version":"2019-01-23","purchased_purges":1,"victory":false,"max_hp_per_floor":[68,68,68,68,68,68,68,68,68,68,68,68,68,68,68,68],"card_choices":[{"not_picked":["Steam","Reinforced Body","Defragment"],"picked":"SKIP","floor":1},{"not_picked":["Sweeping Beam","Consume"],"picked":"Gash","floor":2},{"not_picked":["Steam","Ball Lightning"],"picked":"Beam Cell","floor":3},{"not_picked":["ReplaySolidLightProjector","Glacier"],"picked":"Beam Cell","floor":5},{"not_picked":["Self Repair","Turbo"],"picked":"Sweeping Beam","floor":7},{"not_picked":["ReplayRNGCard","Lockon","White Noise"],"picked":"SKIP","floor":14}],"player_experience":99156,"relics_obtained":[{"floor":7,"key":"Arrowhead"},{"floor":9,"key":"Mirror"}],"event_choices":[{"damage_healed":0,"gold_gain":0,"player_choice":"Entered Light","damage_taken":14,"max_hp_gain":0,"max_hp_loss":0,"event_name":"Shining Light","floor":8,"gold_loss":0,"cards_upgraded":["Sweeping Beam","Strike_B"]},{"damage_healed":0,"gold_gain":175,"player_choice":"AGREE","damage_taken":0,"max_hp_gain":0,"max_hp_loss":0,"event_name":"Liars Game","floor":10,"gold_loss":0,"cards_obtained":["Doubt"]},{"damage_healed":0,"gold_gain":0,"player_choice":"Success","damage_taken":7,"relics_obtained":["PreservedInsect"],"max_hp_gain":0,"max_hp_loss":0,"event_name":"Scrap Ooze","floor":12,"gold_loss":0}],"is_beta":false,"boss_relics":[],"items_purged_floors":[4],"is_endless":false,"potions_floor_spawned":[3,7,14],"killed_by":"Slime Boss","ascension_level":1}