{"gold_per_floor":[109,109,129,79,96,96,96,96,143,143,154,154,79,114,126,234,246,272,303,315,227,152,152,171,171,171,185,203,220,236,236,236,340,340,355,355,355,366,466,466,500,518,518,532,562,574,586,586,586,586],"floor_reached":51,"playtime":4690,"items_purged":["Defend_R","Writhe"],"score":684,"play_id":"526e6a0d-3abd-4781-8ed4-8bfe82b5f4c1","local_time":"20181229012522","is_ascension_mode":false,"campfire_choices":[{"data":"Inflame","floor":6,"key":"SMITH"},{"data":"Spot Weakness","floor":8,"key":"SMITH"},{"data":"Bash","floor":10,"key":"SMITH"},{"data":"Pommel Strike","floor":12,"key":"SMITH"},{"data":"Pommel Strike","floor":15,"key":"SMITH"},{"data":"Limit Break","floor":23,"key":"SMITH"},{"data":"Pommel Strike","floor":25,"key":"SMITH"},{"data":"Disarm","floor":32,"key":"SMITH"},{"data":"Inflame","floor":40,"key":"SMITH"},{"data":"Entrench","floor":49,"key":"SMITH"}],"neow_cost":"NONE","seed_source_timestamp":79682200892778,"circlet_count":0,"master_deck":["Strike_R","Defend_R+1","Bash+1","Inflame+1","Spot Weakness+1","Pommel Strike+1","Pommel Strike+1","Limit Break+1","Rage+1","Uppercut+1","Cleave","Inflame+1","Pommel Strike+1","Impervious+1","Disarm+1","Reaper","Entrench+1"],"relics":["Burning Blood","Happy Flower","MawBank","Astrolabe","Potion Belt","Centennial Puzzle","Velvet Choker","War Paint","Bag of Marbles","Molten Egg 2"],"potions_floor_usage":[14,33,33],"damage_taken":[{"damage":8,"enemies":"Jaw Worm","floor":1,"turns":4},{"damage":6,"enemies":"2 Louse","floor":3,"turns":3},{"damage":7,"enemies":"Small Slimes","floor":5,"turns":5},{"damage":8,"enemies":"Blue Slaver","floor":11,"turns":5},{"damage":13,"enemies":"Lagavulin","floor":14,"turns":3},{"damage":38,"enemies":"Slime Boss","floor":16,"turns":8},{"damage":15,"enemies":"Shell Parasite","floor":18,"turns":4},{"damage":1,"enemies":"Chosen","floor":19,"turns":4},{"damage":14,"enemies":"Sentry and Sphere","floor":24,"turns":3},{"damage":6,"enemies":"Snecko","floor":27,"turns":3},{"damage":16,"enemies":"Cultist and Chosen","floor":28,"turns":4},{"damage":22,"enemies":"Shelled Parasite and Fungi","floor":29,"turns":3},{"damage":11,"enemies":"Centurion and Healer","floor":30,"turns":3},{"damage":36,"enemies":"Collector","floor":33,"turns":7},{"damage":7,"enemies":"Orb Walker","floor":35,"turns":3},{"damage":9,"enemies":"3 Shapes","floor":38,"turns":3},{"damage":25,"enemies":"Reptomancer","floor":41,"turns":4},{"damage":27,"enemies":"3 Darklings","floor":42,"turns":4},{"damage":9,"enemies":"Transient","floor":44,"turns":5},{"damage":36,"enemies":"Nemesis","floor":45,"turns":5},{"damage":24,"enemies":"Spire Growth","floor":46,"turns":4},{"damage":16,"enemies":"Jaw Worm Horde","floor":47,"turns":3},{"damage":104,"enemies":"Awakened One","floor":50,"turns":8}],"seed_played":"21253287206104404","potions_obtained":[{"floor":1,"key":"EssenceOfSteel"},{"floor":3,"key":"SteroidPotion"},{"floor":5,"key":"AttackPotion"},{"floor":19,"key":"LiquidBronze"},{"floor":29,"key":"Poison Potion"},{"floor":30,"key":"Block Potion"},{"floor":33,"key":"AttackPotion"},{"floor":35,"key":"BloodPotion"},{"floor":42,"key":"Regen Potion"}],"is_trial":false,"path_per_floor":["M","?","M","?","M","R","?","R","T","R","M","R","$","E","R","B",null,"M","M","?","$","?","R","M","R","T","M","M","M","M","?","R","B",null,"M","?","?","M","?","R","E","M","T","M","E","M","M","?","R","B",null],"character_chosen":"IRONCLAD","items_purchased":[],"campfire_rested":0,"item_purchase_floors":[],"current_hp_per_floor":[86,79,79,79,78,78,78,78,78,78,76,76,76,69,69,37,88,79,84,84,84,84,84,76,76,76,76,66,50,45,45,45,15,88,87,87,87,85,85,85,88,81,81,88,80,88,88,84,84,38],"gold":586,"neow_bonus":"TEN_PERCENT_HP_BONUS","is_prod":false,"is_daily":false,"chose_seed":false,"campfire_upgraded":10,"win_rate":0.0,"timestamp":1546068322,"path_taken":["M","?","M","?","M","R","?","R","T","R","M","R","?","E","R","BOSS","M","?","?","$","?","R","M","R","T","M","M","M","M","?","R","BOSS","M","?","?","?","?","R","E","?","T","M","E","M","M","?","R","BOSS"],"build_version":"2018-12-20","purchased_purges":2,"victory":true,"max_hp_per_floor":[88,88,88,88,88,88,88,88,88,88,88,88,88,88,88,88,88,88,88,88,88,88,88,88,88,88,88,88,88,88,88,88,88,88,88,88,88,88,88,88,88,88,88,88,88,88,88,84,84,84],"card_choices":[{"not_picked":["Entrench","Power Through"],"picked":"Inflame","floor":1},{"not_picked":["Bloodletting","Intimidate","Anger"],"picked":"SKIP","floor":3},{"not_picked":["Infernal Blade","Clash"],"picked":"Spot Weakness","floor":5},{"not_picked":["Headbutt","Anger"],"picked":"Pommel Strike","floor":11},{"not_picked":["Infernal Blade","Feel No Pain"],"picked":"Pommel Strike","floor":14},{"not_picked":["Dark Embrace","Barricade"],"picked":"Limit Break","floor":16},{"not_picked":["Sever Soul","Shrug It Off+1"],"picked":"Cleave","floor":18},{"not_picked":["Rupture+1","Iron Wave"],"picked":"Inflame","floor":19},{"not_picked":["Sword Boomerang","Blood for Blood"],"picked":"Pommel Strike","floor":24},{"not_picked":["Anger","Cleave","Sword Boomerang"],"picked":"SKIP","floor":27},{"not_picked":["Iron Wave+1","Combust","Cleave"],"picked":"SKIP","floor":28},{"not_picked":["Heavy Blade","Perfected Strike","Clothesline+1"],"picked":"SKIP","floor":29},{"not_picked":["Dropkick","Anger"],"picked":"Impervious","floor":30},{"not_picked":["Bludgeon","Dark Embrace"],"picked":"Reaper","floor":33},{"not_picked":["Rupture","Flex","Headbutt"],"picked":"SKIP","floor":35},{"not_picked":["Uppercut+1","Flex+1","Perfected Strike"],"picked":"SKIP","floor":38},{"not_picked":["Sword Boomerang","Armaments","Burning Pact+1"],"picked":"SKIP","floor":41},{"not_picked":["Sword Boomerang","Armaments","Burning Pact+1"],"picked":"SKIP","floor":41},{"not_picked":["Headbutt+1","Spot Weakness","True Grit"],"picked":"SKIP","floor":42},{"not_picked":["Sword Boomerang+1","Perfected Strike","Pommel Strike"],"picked":"SKIP","floor":44},{"not_picked":["Warcry","Impervious"],"picked":"Entrench","floor":45},{"not_picked":["Anger+1","Burning Pact+1","Sword Boomerang+1"],"picked":"SKIP","floor":46},{"not_picked":["Pommel Strike+1","Heavy Blade+1","Carnage+1"],"picked":"SKIP","floor":47}],"player_experience":24750,"relics_obtained":[{"floor":9,"key":"Happy Flower"},{"floor":14,"key":"MawBank"},{"floor":26,"key":"Centennial Puzzle"},{"floor":41,"key":"War Paint"},{"floor":43,"key":"Bag of Marbles"},{"floor":45,"key":"Molten Egg 2"}],"event_choices":[{"cards_removed":["Strike_R"],"damage_healed":0,"gold_gain":0,"player_choice":"Card Removal","damage_taken":7,"max_hp_gain":0,"max_hp_loss":0,"event_name":"Golden Wing","floor":2,"gold_loss":0},{"cards_removed":["Strike_R"],"damage_healed":0,"gold_gain":0,"player_choice":"Card Removal","damage_taken":0,"max_hp_gain":0,"max_hp_loss":0,"event_name":"The Cleric","floor":4,"gold_loss":50},{"cards_removed":["Strike_R"],"damage_healed":0,"gold_gain":0,"player_choice":"Forget","damage_taken":0,"max_hp_gain":0,"max_hp_loss":0,"event_name":"Living Wall","floor":7,"gold_loss":0},{"damage_healed":0,"gold_gain":0,"player_choice":"Opened","damage_taken":0,"relics_obtained":["Potion Belt"],"max_hp_gain":0,"max_hp_loss":0,"event_name":"The Mausoleum","floor":20,"gold_loss":0,"cards_obtained":["Writhe"]},{"cards_removed":["Clash"],"damage_healed":0,"gold_gain":0,"player_choice":"Gave Gold","damage_taken":0,"max_hp_gain":0,"max_hp_loss":0,"event_name":"Beggar","floor":22,"gold_loss":75},{"damage_healed":0,"gold_gain":0,"player_choice":"Read","damage_taken":0,"max_hp_gain":0,"max_hp_loss":0,"event_name":"The Library","floor":31,"gold_loss":0,"cards_obtained":["Disarm"]},{"damage_healed":0,"gold_gain":0,"player_choice":"Ignored","damage_taken":0,"max_hp_gain":0,"max_hp_loss":0,"event_name":"Tomb of Lord Red Mask","floor":36,"gold_loss":0},{"damage_healed":0,"gold_gain":0,"player_choice":"Bought 0 Potions","damage_taken":0,"max_hp_gain":0,"max_hp_loss":0,"event_name":"The Woman in Blue","floor":37,"gold_loss":0},{"damage_healed":0,"gold_gain":100,"player_choice":"Pray","damage_taken":0,"max_hp_gain":0,"max_hp_loss":0,"event_name":"Golden Shrine","floor":39,"gold_loss":0},{"damage_healed":0,"gold_gain":0,"player_choice":"Max HP","damage_taken":0,"max_hp_gain":0,"max_hp_loss":4,"event_name":"Winding Halls","floor":48,"gold_loss":0}],"is_beta":false,"boss_relics":[{"not_picked":["Lizard Tail","Eternal Feather"],"picked":"Astrolabe"},{"not_picked":["Black Star","Snecko Eye"],"picked":"Velvet Choker"}],"items_purged_floors":[13,21],"is_endless":false,"potions_floor_spawned":[1,3,5,19,29,30,33,35,41,42,45,46],"ascension_level":0}