{"gold_per_floor":[111,111,111,36,36,36,49,49,100,119,19,94,94,107,107,231,231,251,271,146,161,161,500,500,500,523,536,345,379,400,423,423,553,553,568,582,167,167,292,332,332,347,371,386,386,402,103,122,122,122],"floor_reached":50,"playtime":2975,"items_purged":["Strike_R","Strike_R","Strike_R","Strike_R","Strike_R"],"score":736,"play_id":"d33724df-ea0e-4190-bc89-565064544574","local_time":"20190412004749","is_ascension_mode":true,"campfire_choices":[{"data":"Cleave","floor":6,"key":"SMITH"},{"data":"Cleave","floor":8,"key":"SMITH"},{"data":"Clothesline","floor":15,"key":"SMITH"},{"data":"Shrug It Off","floor":24,"key":"SMITH"},{"data":"Spot Weakness","floor":32,"key":"SMITH"},{"floor":41,"key":"REST"},{"floor":49,"key":"REST"}],"neow_cost":"NONE","seed_source_timestamp":152539773208133,"circlet_count":0,"master_deck":["Defend_R","Defend_R","Defend_R","Defend_R","Bash+1","Cleave+1","Cleave+1","Twin Strike","Clothesline+1","Shockwave+1","Shrug It Off","Whirlwind","Spot Weakness+1","Inflame","Reaper","Shrug It Off+1","Heavy Blade","True Grit+1","Heavy Blade"],"relics":["Burning Blood","NeowsBlessing","Matryoshka","Self Forming Clay","Dream Catcher","Golden Idol","Velvet Choker","Old Coin","Pen Nib","Anchor","Bronze Scales","Sozu","Dodecahedron","Pocketwatch","Lantern","Orichalcum","Turnip"],"potions_floor_usage":[19,33,48,50],"damage_taken":[{"damage":0,"enemies":"2 Louse","floor":1,"turns":1},{"damage":0,"enemies":"Jaw Worm","floor":7,"turns":1},{"damage":0,"enemies":"Small Slimes","floor":10,"turns":1},{"damage":9,"enemies":"Looter","floor":14,"turns":3},{"damage":43,"enemies":"The Guardian","floor":16,"turns":13},{"damage":7,"enemies":"3 Byrds","floor":18,"turns":4},{"damage":2,"enemies":"Chosen","floor":19,"turns":4},{"damage":11,"enemies":"Centurion and Healer","floor":21,"turns":5},{"damage":22,"enemies":"Slavers","floor":23,"turns":4},{"damage":1,"enemies":"3 Cultists","floor":27,"turns":4},{"damage":10,"enemies":"Gremlin Leader","floor":29,"turns":6},{"damage":4,"enemies":"Snake Plant","floor":30,"turns":3},{"damage":4,"enemies":"Centurion and Healer","floor":31,"turns":5},{"damage":24,"enemies":"Champ","floor":33,"turns":9},{"damage":12,"enemies":"3 Darklings","floor":35,"turns":3},{"damage":6,"enemies":"3 Shapes","floor":36,"turns":3},{"damage":1,"enemies":"Mind Bloom Boss Battle","floor":39,"turns":5},{"damage":39,"enemies":"Giant Head","floor":40,"turns":7},{"damage":14,"enemies":"Jaw Worm Horde","floor":42,"turns":3},{"damage":50,"enemies":"4 Shapes","floor":44,"turns":3},{"damage":11,"enemies":"Maw","floor":46,"turns":8},{"damage":26,"enemies":"Sphere and 2 Shapes","floor":48,"turns":4},{"damage":70,"enemies":"Donu and Deca","floor":50,"turns":5}],"seed_played":"5501547983336529609","potions_obtained":[{"floor":7,"key":"EntropicBrew"},{"floor":10,"key":"AttackPotion"},{"floor":14,"key":"Poison Potion"},{"floor":21,"key":"Ancient Potion"},{"floor":23,"key":"PowerPotion"},{"floor":29,"key":"SteroidPotion"}],"is_trial":false,"path_per_floor":["M","?","?","$","T","R","M","R","T","M","$","?","?","M","R","B",null,"M","M","$","M","?","E","R","?","T","M","$","E","M","M","R","B",null,"M","M","$","?","?","E","R","M","T","M","?","M","$","M","R","B"],"character_chosen":"IRONCLAD","items_purchased":["Whirlwind","Dodecahedron","Turnip"],"campfire_rested":2,"item_purchase_floors":[28,37,47],"current_hp_per_floor":[78,78,78,78,78,78,80,80,80,80,80,69,69,66,66,29,63,62,66,66,61,61,45,45,45,45,50,50,46,48,50,50,32,64,58,74,74,70,70,37,58,55,55,29,29,39,39,19,40,0],"gold":122,"neow_bonus":"THREE_ENEMY_KILL","is_prod":false,"is_daily":false,"chose_seed":false,"campfire_upgraded":5,"win_rate":0,"timestamp":1555048069,"path_taken":["M","?","?","?","?","R","M","R","T","M","$","?","?","M","R","BOSS","M","M","$","M","?","E","R","?","T","M","$","E","M","M","R","BOSS","M","M","$","?","?","E","R","M","T","M","?","?","$","M","R","BOSS"],"build_version":"2019-01-23","purchased_purges":5,"victory":false,"max_hp_per_floor":[80,80,80,80,80,80,80,80,80,80,80,80,74,74,74,74,74,74,74,74,74,74,74,74,74,74,74,74,74,74,74,74,74,74,74,74,74,70,70,70,70,70,70,70,70,70,70,70,70,70],"card_choices":[{"not_picked":["Clash","Body Slam"],"picked":"Cleave","floor":1},{"not_picked":["Flame Barrier","Hemokinesis"],"picked":"Cleave","floor":7},{"not_picked":["Thunderclap","Headbutt"],"picked":"Twin Strike","floor":10},{"not_picked":["Burning Pact","Impervious"],"picked":"Clothesline","floor":14},{"not_picked":["Perfected Strike","Corruption","Body Slam+1"],"picked":"SKIP","floor":18},{"not_picked":["Wild Strike","Thunderclap"],"picked":"Shockwave+1","floor":19},{"not_picked":["Clothesline","Carnage"],"picked":"Shrug It Off","floor":21},{"not_picked":["Havoc+1","Twin Strike","Dark Embrace"],"picked":"SKIP","floor":23},{"not_picked":["Disarm+1","Headbutt"],"picked":"Shrug It Off","floor":27},{"not_picked":["Warcry","Clash","Shrug It Off"],"picked":"SKIP","floor":29},{"not_picked":["Heavy Blade","Ghostly Armor"],"picked":"Spot Weakness","floor":30},{"not_picked":["Armaments+1","Twin Strike+1"],"picked":"Inflame","floor":31},{"not_picked":["Offering","Barricade"],"picked":"Reaper","floor":33},{"not_picked":["Shockwave","Sword Boomerang+1"],"picked":"Shrug It Off+1","floor":35},{"not_picked":["Rupture+1","Headbutt+1","Clothesline"],"picked":"SKIP","floor":36},{"not_picked":["Shockwave","Whirlwind+1"],"picked":"Heavy Blade","floor":39},{"not_picked":["Warcry","Evolve","Bloodletting+1"],"picked":"SKIP","floor":40},{"not_picked":["Cleave+1","Thunderclap+1"],"picked":"True Grit+1","floor":41},{"not_picked":["Havoc","Clash+1","Fire Breathing+1"],"picked":"SKIP","floor":42},{"not_picked":["Headbutt+1","Reckless Charge+1","Flex"],"picked":"SKIP","floor":44},{"not_picked":["Body Slam+1","Clothesline"],"picked":"Heavy Blade","floor":46},{"not_picked":["Seeing Red+1","Thunderclap","Berserk"],"picked":"SKIP","floor":48}],"player_experience":440257,"relics_obtained":[{"floor":5,"key":"Matryoshka"},{"floor":9,"key":"Self Forming Clay"},{"floor":9,"key":"Dream Catcher"},{"floor":23,"key":"Old Coin"},{"floor":26,"key":"Pen Nib"},{"floor":26,"key":"Anchor"},{"floor":29,"key":"Bronze Scales"},{"floor":39,"key":"Pocketwatch"},{"floor":40,"key":"Lantern"},{"floor":43,"key":"Orichalcum"}],"event_choices":[{"damage_healed":0,"gold_gain":0,"player_choice":"Ignored","damage_taken":0,"max_hp_gain":0,"max_hp_loss":0,"event_name":"Liars Game","floor":2,"gold_loss":0},{"damage_healed":0,"gold_gain":0,"player_choice":"Grow","damage_taken":0,"max_hp_gain":0,"max_hp_loss":0,"event_name":"Living Wall","floor":3,"gold_loss":0,"cards_upgraded":["Bash"]},{"damage_healed":0,"gold_gain":75,"player_choice":"Gather Gold","damage_taken":11,"max_hp_gain":0,"max_hp_loss":0,"event_name":"World of Goop","floor":12,"gold_loss":0},{"damage_healed":0,"gold_gain":0,"player_choice":"Lose Max HP","damage_taken":0,"relics_obtained":["Golden Idol"],"max_hp_gain":0,"max_hp_loss":6,"event_name":"Golden Idol","floor":13,"gold_loss":0},{"damage_healed":0,"gold_gain":0,"player_choice":"Ignored","damage_taken":0,"max_hp_gain":0,"max_hp_loss":0,"event_name":"Ghosts","floor":22,"gold_loss":0},{"damage_healed":0,"gold_gain":0,"player_choice":"Ignored","damage_taken":0,"max_hp_gain":0,"max_hp_loss":0,"event_name":"Vampires","floor":25,"gold_loss":0},{"damage_healed":0,"gold_gain":0,"player_choice":"Max HP","damage_taken":0,"max_hp_gain":0,"max_hp_loss":4,"event_name":"Winding Halls","floor":38,"gold_loss":0},{"damage_healed":0,"gold_gain":0,"player_choice":"Fight","damage_taken":0,"max_hp_gain":0,"max_hp_loss":0,"event_name":"MindBloom","floor":39,"gold_loss":0},{"cards_removed":["Shrug It Off"],"damage_healed":0,"gold_gain":0,"player_choice":"Removed Skill","damage_taken":0,"max_hp_gain":0,"max_hp_loss":0,"event_name":"Falling","floor":45,"gold_loss":0}],"is_beta":false,"boss_relics":[{"not_picked":["Tiny House","White Beast Statue"],"picked":"Velvet Choker"},{"not_picked":["Calling Bell","Coffee Dripper"],"picked":"Sozu"}],"items_purged_floors":[4,11,20,28,37],"is_endless":false,"potions_floor_spawned":[7,10,14,21,23,29,31,35,39,48],"killed_by":"Donu and Deca","ascension_level":7}