{"gold_per_floor":[114,39,114,127,127,154,81,112,135,147,173,185,197,249,261,273],"floor_reached":16,"playtime":781,"items_purged":["Strike_R"],"score":155,"play_id":"9cabc26c-8d00-41dc-bcf2-af0fc59187e1","local_time":"20190117014402","is_ascension_mode":true,"campfire_choices":[{"data":"Whirlwind","floor":12,"key":"SMITH"},{"floor":15,"key":"REST"}],"neow_cost":"NONE","seed_source_timestamp":589852403364425,"circlet_count":0,"master_deck":["Strike_R","Strike_R","Strike_R","Defend_R","Defend_R","Defend_R","Defend_R","Bash","Armaments","Whirlwind+1","Rampage"],"relics":["Burning Blood","NeowsBlessing","Bag of Preparation","Singing Bowl","MawBank","Golden Idol","Centennial Puzzle","Oddly Smooth Stone"],"potions_floor_usage":[16,16],"damage_taken":[{"damage":0,"enemies":"2 Louse","floor":1,"turns":1},{"damage":0,"enemies":"Small Slimes","floor":4,"turns":1},{"damage":0,"enemies":"Lagavulin","floor":6,"turns":1},{"damage":44,"enemies":"3 Sentries","floor":8,"turns":7},{"damage":2,"enemies":"Jaw Worm","floor":11,"turns":3},{"damage":26,"enemies":"Lagavulin","floor":14,"turns":5},{"damage":44,"enemies":"Hexaghost","floor":16,"turns":10}],"seed_played":"5704985055357119232","potions_obtained":[{"floor":1,"key":"Poison Potion"},{"floor":4,"key":"AttackPotion"},{"floor":8,"key":"LiquidBronze"}],"is_trial":false,"path_per_floor":["M","$","?","M","?","E","$","E","T","?","M","R","?","E","R","B"],"character_chosen":"IRONCLAD","items_purchased":["Whirlwind"],"campfire_rested":1,"item_purchase_floors":[7],"current_hp_per_floor":[80,80,69,75,68,74,74,36,36,36,42,42,39,21,44,0],"gold":273,"neow_bonus":"THREE_ENEMY_KILL","is_prod":false,"is_daily":false,"chose_seed":false,"campfire_upgraded":1,"win_rate":0,"timestamp":1547711042,"path_taken":["M","$","?","M","?","E","?","E","T","?","M","R","?","E","R","BOSS"],"build_version":"2019-01-10","purchased_purges":1,"victory":false,"max_hp_per_floor":[80,80,80,80,80,80,80,80,80,74,76,76,76,78,78,78],"card_choices":[{"not_picked":["Sever Soul","Second Wind","Metallicize"],"picked":"SKIP","floor":1},{"not_picked":["Body Slam","Anger","Clothesline"],"picked":"SKIP","floor":4},{"not_picked":["Perfected Strike","Anger"],"picked":"Armaments","floor":6},{"not_picked":["Metallicize","Sever Soul"],"picked":"Rampage","floor":8},{"not_picked":["Seeing Red","Shockwave","Twin Strike"],"picked":"Singing Bowl","floor":11},{"not_picked":["Perfected Strike","Armaments","Wild Strike"],"picked":"Singing Bowl","floor":14}],"player_experience":223809,"relics_obtained":[{"floor":6,"key":"Bag of Preparation"},{"floor":8,"key":"Singing Bowl"},{"floor":9,"key":"MawBank"},{"floor":14,"key":"Oddly Smooth Stone"}],"event_choices":[{"damage_healed":0,"gold_gain":75,"player_choice":"Gather Gold","damage_taken":11,"max_hp_gain":0,"max_hp_loss":0,"event_name":"World of Goop","floor":3,"gold_loss":0},{"cards_removed":["Strike_R"],"damage_healed":0,"gold_gain":0,"player_choice":"Card Removal","damage_taken":7,"max_hp_gain":0,"max_hp_loss":0,"event_name":"Golden Wing","floor":5,"gold_loss":0},{"damage_healed":0,"gold_gain":0,"player_choice":"Lose Max HP","damage_taken":0,"relics_obtained":["Golden Idol"],"max_hp_gain":0,"max_hp_loss":6,"event_name":"Golden Idol","floor":10,"gold_loss":0},{"damage_healed":0,"gold_gain":0,"player_choice":"Success","damage_taken":3,"relics_obtained":["Centennial Puzzle"],"max_hp_gain":0,"max_hp_loss":0,"event_name":"Scrap Ooze","floor":13,"gold_loss":0}],"is_beta":false,"boss_relics":[],"items_purged_floors":[2],"is_endless":false,"potions_floor_spawned":[1,4,8,14],"killed_by":"Hexaghost","ascension_level":2}