{"gold_per_floor":[111,61,61,61,61,61,92,2,29,59,59,59,77,87,87,189,189,200,299,315,328,328,328,654,275,324,15,15,32,49,77,77,176,226,245,255,95,95,95,106,106,206,206,206,220,236,250,250,250,250],"floor_reached":51,"playtime":3681,"items_purged":["Strike_R","Strike_R","Strike_R"],"score":774,"play_id":"06a1a521-dda6-45eb-8538-df57759517b9","local_time":"20190119014920","is_ascension_mode":true,"campfire_choices":[{"data":"Rampage","floor":6,"key":"SMITH"},{"data":"Inflame","floor":11,"key":"SMITH"},{"floor":15,"key":"REST"},{"data":"Limit Break","floor":23,"key":"SMITH"},{"data":"Shrug It Off","floor":28,"key":"SMITH"},{"data":"Uppercut","floor":32,"key":"SMITH"},{"data":"Heavy Blade","floor":41,"key":"SMITH"},{"data":"1","floor":44,"key":"LIFT"},{"floor":49,"key":"REST"}],"neow_cost":"NONE","seed_source_timestamp":18897100317569,"circlet_count":0,"master_deck":["Defend_R","Defend_R","Defend_R","Defend_R","Bash","Cleave","Rampage+1","Shrug It Off","Inflame+1","True Grit+1","Uppercut+1","Impervious","Shrug It Off+1","Bash+1","Limit Break+1","Shrug It Off+1","Inflame","Impervious","Spot Weakness","Heavy Blade+1","Heavy Blade+1","Inflame","Heavy Blade+1","Heavy Blade+1"],"relics":["Burning Blood","Matryoshka","Potion Belt","Pen Nib","Odd Mushroom","Sozu","Old Coin","Meat on the Bone","Orichalcum","Anchor","Lee\u0027s Waffle","Centennial Puzzle","Tiny House","Girya","Lantern"],"potions_floor_usage":[50],"damage_taken":[{"damage":10,"enemies":"Small Slimes","floor":1,"turns":4},{"damage":34,"enemies":"3 Sentries","floor":7,"turns":8},{"damage":23,"enemies":"The Mushroom Lair","floor":10,"turns":4},{"damage":5,"enemies":"Jaw Worm","floor":13,"turns":4},{"damage":8,"enemies":"2 Louse","floor":14,"turns":2},{"damage":51,"enemies":"The Guardian","floor":16,"turns":11},{"damage":19,"enemies":"Spheric Guardian","floor":18,"turns":5},{"damage":20,"enemies":"Shell Parasite","floor":20,"turns":5},{"damage":18,"enemies":"Snecko","floor":21,"turns":4},{"damage":24,"enemies":"Gremlin Leader","floor":24,"turns":6},{"damage":22,"enemies":"3 Cultists","floor":29,"turns":6},{"damage":8,"enemies":"Centurion and Healer","floor":30,"turns":7},{"damage":15,"enemies":"Book of Stabbing","floor":31,"turns":7},{"damage":47,"enemies":"Collector","floor":33,"turns":10},{"damage":13,"enemies":"3 Shapes","floor":35,"turns":6},{"damage":0,"enemies":"Orb Walker","floor":36,"turns":3},{"damage":26,"enemies":"Sphere and 2 Shapes","floor":40,"turns":6},{"damage":5,"enemies":"Mind Bloom Boss Battle","floor":42,"turns":8},{"damage":20,"enemies":"Jaw Worm Horde","floor":45,"turns":4},{"damage":19,"enemies":"Transient","floor":46,"turns":5},{"damage":24,"enemies":"Spire Growth","floor":47,"turns":4},{"damage":54,"enemies":"Time Eater","floor":50,"turns":8}],"seed_played":"-673594354998412985","potions_obtained":[{"floor":1,"key":"Strength Potion"},{"floor":14,"key":"SpeedPotion"},{"floor":16,"key":"Strength Potion"}],"is_trial":false,"path_per_floor":["M","?","?","?","$","R","E","$","T","?","R","?","M","M","R","B",null,"M","?","M","M","?","R","E","$","T","$","R","M","M","E","R","B",null,"M","M","$","?","$","M","R","?","T","R","M","M","M","?","R","B",null],"character_chosen":"IRONCLAD","items_purchased":["Inflame","True Grit","Meat on the Bone","Shrug It Off","Lee\u0027s Waffle","Inflame"],"campfire_rested":2,"item_purchase_floors":[8,8,25,25,27,37],"current_hp_per_floor":[76,76,69,74,74,74,46,46,46,29,29,29,30,28,53,8,85,72,72,58,46,46,46,28,28,28,92,92,76,74,65,65,36,97,90,96,96,96,96,76,76,77,77,77,63,62,56,56,83,47],"gold":250,"neow_bonus":"THREE_CARDS","is_prod":false,"is_daily":false,"chose_seed":false,"campfire_upgraded":6,"win_rate":0,"timestamp":1547884160,"path_taken":["M","?","?","?","$","R","E","$","T","?","R","?","M","M","R","BOSS","M","?","M","M","?","R","E","$","T","$","R","M","?","E","R","BOSS","M","M","$","?","$","M","R","?","T","R","?","M","M","?","R","BOSS"],"build_version":"2019-01-17v2","purchased_purges":3,"victory":true,"max_hp_per_floor":[80,80,80,85,85,85,85,85,85,85,85,85,85,85,85,85,85,85,85,85,85,85,85,85,85,85,92,92,92,92,92,92,92,97,97,97,97,97,97,97,97,97,97,97,97,97,97,92,92,92],"card_choices":[{"not_picked":["Feel No Pain","Headbutt"],"picked":"Cleave","floor":0},{"not_picked":["Sever Soul","Combust"],"picked":"Rampage","floor":1},{"not_picked":["Anger","Combust"],"picked":"Shrug It Off","floor":7},{"not_picked":["Iron Wave","Body Slam"],"picked":"Uppercut","floor":13},{"not_picked":["Cleave","Blood for Blood","True Grit"],"picked":"SKIP","floor":14},{"not_picked":["Feed","Berserk"],"picked":"Impervious","floor":16},{"not_picked":["Armaments","Rage","Sentinel+1"],"picked":"SKIP","floor":18},{"not_picked":["Wild Strike","Headbutt","Thunderclap"],"picked":"SKIP","floor":20},{"not_picked":["Iron Wave","Havoc"],"picked":"Shrug It Off+1","floor":21},{"not_picked":["Anger","Metallicize","Carnage+1"],"picked":"SKIP","floor":24},{"not_picked":["Bloodletting","Twin Strike","Corruption"],"picked":"SKIP","floor":29},{"not_picked":["Rage","Shrug It Off"],"picked":"Inflame","floor":30},{"not_picked":["Flame Barrier","Rampage+1","Bludgeon"],"picked":"SKIP","floor":31},{"not_picked":["Fiend Fire","Offering"],"picked":"Impervious","floor":33},{"not_picked":["Twin Strike","Clash"],"picked":"Spot Weakness","floor":34},{"not_picked":["Shrug It Off+1","Cleave+1"],"picked":"Heavy Blade","floor":35},{"not_picked":["Blood for Blood","Body Slam+1"],"picked":"Heavy Blade+1","floor":36},{"not_picked":["Clothesline","Twin Strike","Headbutt+1"],"picked":"SKIP","floor":40},{"not_picked":["Pummel+1","Thunderclap"],"picked":"Heavy Blade+1","floor":42},{"not_picked":["Cleave+1","Carnage"],"picked":"Heavy Blade+1","floor":45},{"not_picked":["Infernal Blade","Armaments","Body Slam"],"picked":"SKIP","floor":46},{"not_picked":["Immolate","Dropkick+1","Sword Boomerang+1"],"picked":"SKIP","floor":47}],"player_experience":231042,"relics_obtained":[{"floor":7,"key":"Matryoshka"},{"floor":9,"key":"Potion Belt"},{"floor":9,"key":"Pen Nib"},{"floor":10,"key":"Odd Mushroom"},{"floor":24,"key":"Old Coin"},{"floor":26,"key":"Orichalcum"},{"floor":26,"key":"Anchor"},{"floor":31,"key":"Centennial Puzzle"},{"floor":42,"key":"Girya"},{"floor":43,"key":"Lantern"}],"event_choices":[{"cards_removed":["Strike_R"],"damage_healed":0,"gold_gain":0,"player_choice":"Card Removal","damage_taken":0,"max_hp_gain":0,"max_hp_loss":0,"event_name":"The Cleric","floor":2,"gold_loss":50},{"cards_removed":["Strike_R"],"damage_healed":0,"gold_gain":0,"player_choice":"Card Removal","damage_taken":7,"max_hp_gain":0,"max_hp_loss":0,"event_name":"Golden Wing","floor":3,"gold_loss":0},{"damage_healed":0,"gold_gain":0,"player_choice":"Donut","damage_taken":0,"max_hp_gain":5,"max_hp_loss":0,"event_name":"Big Fish","floor":4,"gold_loss":0},{"damage_healed":0,"gold_gain":0,"player_choice":"Fought Mushrooms","damage_taken":0,"max_hp_gain":0,"max_hp_loss":0,"event_name":"Mushrooms","floor":10,"gold_loss":0},{"damage_healed":0,"gold_gain":0,"player_choice":"Grow","damage_taken":0,"max_hp_gain":0,"max_hp_loss":0,"event_name":"Living Wall","floor":12,"gold_loss":0,"cards_upgraded":["True Grit"]},{"damage_healed":0,"gold_gain":99,"player_choice":"Stole From Cult","damage_taken":0,"max_hp_gain":0,"max_hp_loss":0,"event_name":"Nest","floor":19,"gold_loss":0},{"damage_healed":0,"gold_gain":0,"player_choice":"2 cards matched","damage_taken":0,"max_hp_gain":0,"max_hp_loss":0,"event_name":"Match and Keep!","floor":22,"gold_loss":0,"cards_obtained":["Bash","Limit Break"]},{"damage_healed":0,"gold_gain":0,"player_choice":"Memory 1","damage_taken":0,"max_hp_gain":0,"max_hp_loss":0,"event_name":"SensoryStone","floor":38,"gold_loss":0},{"damage_healed":0,"gold_gain":0,"player_choice":"Fight","damage_taken":0,"max_hp_gain":0,"max_hp_loss":0,"event_name":"MindBloom","floor":42,"gold_loss":0},{"damage_healed":0,"gold_gain":0,"player_choice":"Max HP","damage_taken":0,"max_hp_gain":0,"max_hp_loss":5,"event_name":"Winding Halls","floor":48,"gold_loss":0}],"is_beta":false,"boss_relics":[{"not_picked":["Mark of Pain","Coffee Dripper"],"picked":"Sozu"},{"not_picked":["Snecko Eye","Runic Dome"],"picked":"Tiny House"}],"items_purged_floors":[25,27,37],"is_endless":false,"potions_floor_spawned":[1,14,16,20,21,29,36,42,47],"ascension_level":2}