{"gold_per_floor":[118,137,137,212,227,227,238,163,190,45,58,58,84,152,152,257,257,275,275,275,285,114,114,128,155,202,232,249,265,265,275,275,275],"floor_reached":33,"playtime":2128,"items_purged":["Strike_R","Strike_R"],"score":455,"play_id":"9b1243a5-b4e2-46bd-900a-a02802dcc1e3","local_time":"20190312010600","is_ascension_mode":true,"campfire_choices":[{"data":"Whirlwind","floor":6,"key":"SMITH"},{"floor":12,"key":"REST"},{"data":"Shockwave","floor":15,"key":"SMITH"},{"data":"Cleave","floor":23,"key":"SMITH"},{"data":"Sword Boomerang","floor":30,"key":"SMITH"},{"data":"Heavy Blade","floor":32,"key":"SMITH"}],"neow_cost":"NONE","seed_source_timestamp":101044073998268,"circlet_count":0,"master_deck":["Strike_R","Strike_R","Defend_R","Defend_R","Defend_R","Defend_R","Bash+1","Whirlwind+1","Clothesline+1","Shrug It Off","Shockwave+1","Shrug It Off","Limit Break+1","True Grit+1","Spot Weakness+1","Cleave+1","Shrug It Off+1","Infernal Blade+1","Sword Boomerang+1","Heavy Blade+1"],"relics":["Burning Blood","Blood Vial","Strawberry","Toxic Egg 2","Snecko Eye","Red Skull","PreservedInsect","Anchor","Kunai"],"potions_floor_usage":[16,18,28,33,33,33],"damage_taken":[{"damage":3,"enemies":"Jaw Worm","floor":1,"turns":4},{"damage":5,"enemies":"Small Slimes","floor":2,"turns":4},{"damage":11,"enemies":"Cultist","floor":5,"turns":4},{"damage":18,"enemies":"Exordium Thugs","floor":7,"turns":3},{"damage":8,"enemies":"Blue Slaver","floor":11,"turns":5},{"damage":38,"enemies":"Gremlin Nob","floor":13,"turns":5},{"damage":36,"enemies":"The Guardian","floor":16,"turns":11},{"damage":22,"enemies":"2 Thieves","floor":18,"turns":4},{"damage":8,"enemies":"Chosen","floor":21,"turns":5},{"damage":18,"enemies":"Snake Plant","floor":24,"turns":4},{"damage":0,"enemies":"Gremlin Leader","floor":25,"turns":5},{"damage":0,"enemies":"Slavers","floor":27,"turns":2},{"damage":23,"enemies":"Shelled Parasite and Fungi","floor":28,"turns":3},{"damage":8,"enemies":"3 Cultists","floor":29,"turns":3},{"damage":13,"enemies":"Snecko","floor":31,"turns":5},{"damage":48,"enemies":"Automaton","floor":33,"turns":6}],"seed_played":"8219452503515732560","potions_obtained":[{"floor":1,"key":"SkillPotion"},{"floor":5,"key":"SpeedPotion"},{"floor":16,"key":"Fire Potion"},{"floor":18,"key":"LiquidBronze"},{"floor":25,"key":"Fruit Juice"},{"floor":31,"key":"Energy Potion"}],"is_trial":false,"path_per_floor":["M","M","?","?","M","R","M","$","T","$","M","R","E","T","R","B",null,"M","?","?","M","$","R","M","E","T","E","M","M","R","M","R","B"],"character_chosen":"IRONCLAD","items_purchased":["Shrug It Off","Shrug It Off+1","Red Skull"],"campfire_rested":1,"item_purchase_floors":[10,22,22],"current_hp_per_floor":[75,76,69,58,53,53,41,41,41,41,41,65,42,42,42,14,69,55,55,55,55,55,55,45,53,53,61,51,51,51,46,46,0],"gold":275,"neow_bonus":"UPGRADE_CARD","is_prod":false,"is_daily":false,"chose_seed":false,"campfire_upgraded":5,"win_rate":0,"timestamp":1552370760,"path_taken":["M","M","?","?","M","R","M","$","T","?","?","R","E","?","R","BOSS","M","?","?","M","$","R","M","E","T","E","M","?","R","M","R","BOSS"],"build_version":"2019-01-23","purchased_purges":2,"victory":false,"max_hp_per_floor":[80,80,80,80,80,80,80,80,80,80,80,80,87,87,87,87,87,87,87,87,87,87,87,87,87,87,87,92,92,92,92,92,92],"card_choices":[{"not_picked":["Intimidate","Burning Pact","Corruption"],"picked":"SKIP","floor":1},{"not_picked":["Anger","Clothesline"],"picked":"Whirlwind","floor":2},{"not_picked":["Dual Wield","Anger"],"picked":"Clothesline","floor":5},{"not_picked":["Perfected Strike","Body Slam","Rupture"],"picked":"SKIP","floor":7},{"not_picked":["Perfected Strike","Sever Soul"],"picked":"Shockwave","floor":11},{"not_picked":["Rampage","Reaper"],"picked":"Shrug It Off","floor":13},{"not_picked":["Dark Embrace","Brutality"],"picked":"Limit Break+1","floor":16},{"not_picked":["Clash","Sword Boomerang"],"picked":"True Grit+1","floor":18},{"not_picked":["Warcry+1","Armaments+1"],"picked":"Cleave","floor":21},{"not_picked":["Anger+1","Clash+1"],"picked":"Infernal Blade+1","floor":24},{"not_picked":["Body Slam","Warcry+1","Combust"],"picked":"SKIP","floor":25},{"not_picked":["Rampage","Cleave"],"picked":"Sword Boomerang","floor":27},{"not_picked":["Cleave+1","Combust","Feel No Pain"],"picked":"SKIP","floor":28},{"not_picked":["Shockwave+1","Whirlwind","Inflame"],"picked":"SKIP","floor":29},{"not_picked":["Sever Soul+1","Blood for Blood"],"picked":"Heavy Blade","floor":31}],"player_experience":406694,"relics_obtained":[{"floor":9,"key":"Blood Vial"},{"floor":13,"key":"Strawberry"},{"floor":14,"key":"Toxic Egg 2"},{"floor":25,"key":"PreservedInsect"},{"floor":26,"key":"Anchor"},{"floor":27,"key":"Kunai"}],"event_choices":[{"cards_removed":["Strike_R"],"damage_healed":0,"gold_gain":0,"player_choice":"Card Removal","damage_taken":7,"max_hp_gain":0,"max_hp_loss":0,"event_name":"Golden Wing","floor":3,"gold_loss":0},{"damage_healed":0,"gold_gain":75,"player_choice":"Gather Gold","damage_taken":11,"max_hp_gain":0,"max_hp_loss":0,"event_name":"World of Goop","floor":4,"gold_loss":0},{"damage_healed":0,"gold_gain":0,"player_choice":"Read","damage_taken":0,"max_hp_gain":0,"max_hp_loss":0,"event_name":"The Library","floor":19,"gold_loss":0,"cards_obtained":["Spot Weakness"]},{"damage_healed":0,"gold_gain":0,"player_choice":"Upgraded","damage_taken":0,"max_hp_gain":0,"max_hp_loss":0,"event_name":"Upgrade Shrine","floor":20,"gold_loss":0,"cards_upgraded":["Clothesline"]}],"is_beta":false,"boss_relics":[{"not_picked":["Lizard Tail","Calling Bell"],"picked":"Snecko Eye"}],"items_purged_floors":[8,10],"is_endless":false,"potions_floor_spawned":[1,5,16,18,25,31],"killed_by":"Automaton","ascension_level":7}