{"gold_per_floor":[114,114,114,130,150,150,161,236,236,186,186,186,205,91,91,167,167,186,186,203,203],"floor_reached":21,"playtime":696,"items_purged":[],"score":287,"play_id":"72d12adf-d0f0-4215-b1ea-9bc9f411a4dd","local_time":"20190505182737","is_ascension_mode":true,"campfire_choices":[{"data":"True Grit","floor":6,"key":"SMITH"},{"data":"True Grit","floor":11,"key":"SMITH"},{"floor":15,"key":"DIG"}],"neow_cost":"NONE","seed_source_timestamp":742037301912051,"circlet_count":0,"master_deck":["AscendersBane","Strike_R","Strike_R","Strike_R","Strike_R","Strike_R","Defend_R","Defend_R","Defend_R","Defend_R","Bash+1","True Grit+1","True Grit+1","Shrug It Off","Rampage+1","Metallicize","Double Tap","Shrug It Off"],"relics":["Burning Blood","Molten Egg 2","Shovel","Mark of Pain","Nloth\u0027s Gift"],"potions_floor_usage":[20,20],"damage_taken":[{"damage":1,"enemies":"2 Louse","floor":1,"turns":4},{"damage":12,"enemies":"Small Slimes","floor":4,"turns":5},{"damage":4,"enemies":"Cultist","floor":5,"turns":4},{"damage":16,"enemies":"Blue Slaver","floor":7,"turns":5},{"damage":8,"enemies":"Looter","floor":13,"turns":4},{"damage":27,"enemies":"Hexaghost","floor":16,"turns":15},{"damage":44,"enemies":"Spheric Guardian","floor":18,"turns":10},{"damage":17,"enemies":"3 Byrds","floor":20,"turns":8},{"damage":16,"enemies":"Centurion and Healer","floor":21,"turns":2}],"seed_played":"-2045046938061405810","potions_obtained":[{"floor":1,"key":"Explosive Potion"},{"floor":16,"key":"SteroidPotion"}],"is_trial":false,"path_per_floor":["M","?","?","M","M","R","M","?","T","?","R","?","M","$","R","B",null,"M","?","M","M"],"character_chosen":"IRONCLAD","items_purchased":["Rampage+1","Metallicize"],"campfire_rested":0,"item_purchase_floors":[14,14],"current_hp_per_floor":[73,73,73,67,69,69,59,48,48,48,48,36,34,34,34,13,60,22,22,11,0],"gold":203,"neow_bonus":"UPGRADE_CARD","is_prod":false,"is_daily":false,"chose_seed":false,"campfire_upgraded":2,"win_rate":0,"timestamp":1557052057,"path_taken":["M","?","?","?","M","R","M","?","T","?","R","?","M","?","R","BOSS","M","?","M","?"],"build_version":"2019-01-23","purchased_purges":0,"victory":false,"max_hp_per_floor":[75,75,75,75,75,75,75,75,75,75,75,75,75,75,75,75,75,75,75,75,75],"card_choices":[{"not_picked":["Power Through","Thunderclap","Bloodletting"],"picked":"SKIP","floor":1},{"not_picked":["Rupture","Wild Strike"],"picked":"True Grit","floor":4},{"not_picked":["Clothesline","Warcry"],"picked":"True Grit","floor":5},{"not_picked":["Sever Soul","Headbutt","Iron Wave"],"picked":"SKIP","floor":7},{"not_picked":["Entrench","Sword Boomerang+1"],"picked":"Shrug It Off","floor":13},{"not_picked":["Brutality","Dark Embrace"],"picked":"Double Tap","floor":16},{"not_picked":["Heavy Blade+1","Twin Strike+1"],"picked":"Shrug It Off","floor":18},{"not_picked":["Seeing Red","Searing Blow+1","Headbutt+1"],"picked":"SKIP","floor":20}],"player_experience":480610,"relics_obtained":[{"floor":9,"key":"Molten Egg 2"},{"floor":15,"key":"Centennial Puzzle"}],"event_choices":[{"damage_healed":0,"gold_gain":0,"player_choice":"Ignored","damage_taken":0,"max_hp_gain":0,"max_hp_loss":0,"event_name":"Liars Game","floor":2,"gold_loss":0},{"damage_healed":0,"gold_gain":0,"player_choice":"Cursed","damage_taken":0,"max_hp_gain":0,"max_hp_loss":0,"event_name":"Wheel of Change","floor":3,"gold_loss":0,"cards_obtained":["Decay"]},{"damage_healed":0,"gold_gain":75,"player_choice":"Gather Gold","damage_taken":11,"max_hp_gain":0,"max_hp_loss":0,"event_name":"World of Goop","floor":8,"gold_loss":0},{"cards_removed":["Decay"],"damage_healed":0,"gold_gain":0,"player_choice":"Card Removal","damage_taken":0,"max_hp_gain":0,"max_hp_loss":0,"event_name":"The Cleric","floor":10,"gold_loss":50},{"damage_healed":0,"gold_gain":0,"player_choice":"Success","damage_taken":12,"relics_obtained":["Shovel"],"max_hp_gain":0,"max_hp_loss":0,"event_name":"Scrap Ooze","floor":12,"gold_loss":0},{"damage_healed":0,"gold_gain":0,"player_choice":"Traded Relic","damage_taken":0,"relics_obtained":["Nloth\u0027s Gift"],"max_hp_gain":0,"max_hp_loss":0,"event_name":"N\u0027loth","floor":19,"relics_lost":["Centennial Puzzle"],"gold_loss":0}],"is_beta":false,"boss_relics":[{"not_picked":["Coffee Dripper","Runic Dome"],"picked":"Mark of Pain"}],"items_purged_floors":[],"is_endless":false,"potions_floor_spawned":[1,16],"killed_by":"Centurion and Healer","ascension_level":14}