{"gold_per_floor":[211,225,225,104,104,104,125,125,125,153,82,82,59,72,72,191,191,207,207,61,61,77,104,104,122,176,176,193,225,55,55,55,159,159,170,190,155,255,274,274,274,274,274,290,307,307,321,42,42,42],"floor_reached":50,"playtime":3360,"items_purged":["Defend_G","Defend_G","Finisher"],"score":540,"play_id":"f4a3ebd9-cbfa-4a6b-a40f-6542107472ae","local_time":"20190130005831","is_ascension_mode":true,"campfire_choices":[{"data":"Infinite Blades","floor":6,"key":"SMITH"},{"data":"Blade Dance","floor":8,"key":"SMITH"},{"floor":12,"key":"REST"},{"data":"Backflip","floor":15,"key":"SMITH"},{"data":"Accuracy","floor":24,"key":"SMITH"},{"data":"Backflip","floor":27,"key":"SMITH"},{"floor":32,"key":"REST"},{"floor":40,"key":"REST"},{"data":"Accuracy","floor":42,"key":"SMITH"},{"floor":49,"key":"REST"}],"neow_cost":"NONE","seed_source_timestamp":525009551142907,"circlet_count":0,"master_deck":["Defend_G+1","Defend_G","Defend_G","Survivor","Neutralize","Blade Dance+1","Backflip+1","Blade Dance+1","Infinite Blades+1","Cloak And Dagger","Backflip+1","Infinite Blades","Storm of Steel","Bite","Bite","Bite","Bite","Accuracy+1","Acrobatics+1","Accuracy+1","Outmaneuver","Footwork","Terror","Accuracy+1","Calculated Gamble+1","Backstab","Parasite"],"relics":["Ring of the Snake","Bloody Idol","Dodecahedron","Odd Mushroom","WristBlade","Tough Bandages","Bronze Scales","Orichalcum","Cursed Key","StoneCalendar","Bag of Marbles"],"potions_floor_usage":[16,23,23,33,36,45,50,50,50],"damage_taken":[{"damage":0,"enemies":"2 Louse","floor":1,"turns":3},{"damage":1,"enemies":"Jaw Worm","floor":2,"turns":3},{"damage":3,"enemies":"Small Slimes","floor":7,"turns":4},{"damage":18,"enemies":"The Mushroom Lair","floor":10,"turns":5},{"damage":2,"enemies":"Exordium Wildlife","floor":14,"turns":3},{"damage":24,"enemies":"Hexaghost","floor":16,"turns":8},{"damage":17,"enemies":"2 Thieves","floor":18,"turns":4},{"damage":6,"enemies":"Spheric Guardian","floor":22,"turns":3},{"damage":32,"enemies":"Gremlin Leader","floor":23,"turns":4},{"damage":4,"enemies":"Cultist and Chosen","floor":25,"turns":4},{"damage":10,"enemies":"Snecko","floor":28,"turns":4},{"damage":12,"enemies":"Book of Stabbing","floor":29,"turns":3},{"damage":2,"enemies":"Automaton","floor":33,"turns":7},{"damage":0,"enemies":"Orb Walker","floor":35,"turns":3},{"damage":32,"enemies":"3 Darklings","floor":36,"turns":5},{"damage":0,"enemies":"Mind Bloom Boss Battle","floor":38,"turns":5},{"damage":24,"enemies":"Transient","floor":39,"turns":5},{"damage":14,"enemies":"Maw","floor":44,"turns":5},{"damage":18,"enemies":"3 Darklings","floor":45,"turns":3},{"damage":5,"enemies":"Writhing Mass","floor":47,"turns":3},{"damage":41,"enemies":"Awakened One","floor":50,"turns":3}],"seed_played":"-1790887346205870457","potions_obtained":[{"floor":7,"key":"Poison Potion"},{"floor":10,"key":"Fire Potion"},{"floor":14,"key":"PowerPotion"},{"floor":18,"key":"LiquidBronze"},{"floor":22,"key":"AttackPotion"},{"floor":23,"key":"GhostInAJar"},{"floor":29,"key":"SneckoOil"},{"floor":38,"key":"Poison Potion"},{"floor":45,"key":"PowerPotion"},{"floor":47,"key":"Poison Potion"}],"is_trial":false,"path_per_floor":["M","M","?","$","?","R","M","R","T","?","$","R","$","M","R","B",null,"M","?","$","?","M","E","R","M","T","R","M","E","$","?","R","B",null,"M","M","$","?","M","R","?","R","T","M","M","?","M","$","R","B"],"character_chosen":"THE_SILENT","items_purchased":["Blade Dance","Infinite Blades","Finisher","Backflip","Accuracy","Footwork","Accuracy","Bag of Marbles"],"campfire_rested":4,"item_purchase_floors":[4,4,11,13,20,30,37,48],"current_hp_per_floor":[70,69,65,65,52,52,49,49,49,31,31,50,50,48,48,24,65,48,45,45,45,44,20,20,25,30,30,29,24,24,24,37,45,45,45,24,24,37,24,37,37,37,37,34,21,21,23,23,36,0],"gold":42,"neow_bonus":"HUNDRED_GOLD","is_prod":false,"is_daily":false,"chose_seed":false,"campfire_upgraded":6,"win_rate":0,"timestamp":1548831511,"path_taken":["M","M","?","$","?","R","M","R","T","?","$","R","$","M","R","BOSS","M","?","$","?","M","E","R","M","T","R","M","E","?","?","R","BOSS","M","M","$","?","M","R","?","R","T","M","M","?","?","?","R","BOSS"],"build_version":"2019-01-23","purchased_purges":3,"victory":false,"max_hp_per_floor":[70,70,65,65,65,65,65,65,65,65,65,65,65,65,65,65,65,65,45,45,45,45,45,45,45,45,45,45,45,45,45,45,45,45,45,45,45,45,45,45,45,45,45,45,45,45,45,45,45,45],"card_choices":[{"not_picked":["Bane","Cloak And Dagger"],"picked":"Blade Dance","floor":1},{"not_picked":["Dodge and Roll","Sucker Punch"],"picked":"Backflip","floor":2},{"not_picked":["Sucker Punch","Expertise","Poisoned Stab"],"picked":"SKIP","floor":7},{"not_picked":["Prepared","Masterful Stab"],"picked":"Cloak And Dagger","floor":10},{"not_picked":["Dodge and Roll","Venomology"],"picked":"Infinite Blades","floor":14},{"not_picked":["Corpse Explosion","After Image"],"picked":"Storm of Steel","floor":16},{"not_picked":["Dash","Dagger Throw","Quick Slash+1"],"picked":"SKIP","floor":18},{"not_picked":["Blade Dance","Poisoned Stab"],"picked":"Acrobatics+1","floor":22},{"not_picked":["Deadly Poison+1","Skewer"],"picked":"Accuracy+1","floor":23},{"not_picked":["Backflip","Setup","Outmaneuver"],"picked":"SKIP","floor":25},{"not_picked":["Sucker Punch+1","Bane"],"picked":"Outmaneuver","floor":28},{"not_picked":["Wraith Form v2","Dagger Spray","Dagger Throw+1"],"picked":"SKIP","floor":29},{"not_picked":["Predator+1","Expertise"],"picked":"Terror","floor":35},{"not_picked":["Dagger Spray","Well Laid Plans+1","Poisoned Stab"],"picked":"SKIP","floor":36},{"not_picked":["Cloak And Dagger","Underhanded Strike","Endless Agony+1"],"picked":"SKIP","floor":39},{"not_picked":["Quick Slash","Bane"],"picked":"Calculated Gamble+1","floor":44},{"not_picked":["Flying Knee+1","Underhanded Strike"],"picked":"Backstab","floor":45},{"not_picked":["Acrobatics+1","Underhanded Strike","PiercingWail"],"picked":"SKIP","floor":47}],"player_experience":280803,"relics_obtained":[{"floor":9,"key":"Dodecahedron"},{"floor":10,"key":"Odd Mushroom"},{"floor":23,"key":"Tough Bandages"},{"floor":26,"key":"Bronze Scales"},{"floor":29,"key":"Orichalcum"},{"floor":38,"key":"StoneCalendar"}],"event_choices":[{"damage_healed":0,"gold_gain":0,"player_choice":"Lose Max HP","damage_taken":0,"relics_obtained":["Golden Idol"],"max_hp_gain":0,"max_hp_loss":5,"event_name":"Golden Idol","floor":3,"gold_loss":0},{"damage_healed":0,"gold_gain":0,"player_choice":"Entered Light","damage_taken":13,"max_hp_gain":0,"max_hp_loss":0,"event_name":"Shining Light","floor":5,"gold_loss":0,"cards_upgraded":["Defend_G","Strike_G"]},{"damage_healed":0,"gold_gain":0,"player_choice":"Fought Mushrooms","damage_taken":0,"max_hp_gain":0,"max_hp_loss":0,"event_name":"Mushrooms","floor":10,"gold_loss":0},{"damage_healed":0,"gold_gain":0,"player_choice":"Became a vampire","damage_taken":0,"max_hp_gain":0,"max_hp_loss":20,"event_name":"Vampires","floor":19,"gold_loss":0,"cards_obtained":["Bite","Bite","Bite","Bite","Bite"]},{"damage_healed":0,"gold_gain":0,"player_choice":"Gave Idol","damage_taken":0,"relics_obtained":["Bloody Idol"],"max_hp_gain":0,"max_hp_loss":0,"event_name":"Forgotten Altar","floor":21,"relics_lost":["Golden Idol"],"gold_loss":0},{"damage_healed":0,"gold_gain":0,"player_choice":"Ignored","damage_taken":0,"max_hp_gain":0,"max_hp_loss":0,"event_name":"Beggar","floor":31,"gold_loss":0},{"damage_healed":0,"gold_gain":0,"player_choice":"Fight","damage_taken":0,"max_hp_gain":0,"max_hp_loss":0,"event_name":"MindBloom","floor":38,"gold_loss":0},{"cards_removed":["Bite"],"damage_healed":0,"gold_gain":0,"player_choice":"Removed Attack","damage_taken":0,"max_hp_gain":0,"max_hp_loss":0,"event_name":"Falling","floor":41,"gold_loss":0},{"damage_healed":0,"gold_gain":0,"player_choice":"Forge","damage_taken":0,"max_hp_gain":0,"max_hp_loss":0,"event_name":"Accursed Blacksmith","floor":46,"gold_loss":0,"cards_upgraded":["Blade Dance"]}],"is_beta":false,"boss_relics":[{"not_picked":["Calling Bell","Empty Cage"],"picked":"WristBlade"},{"not_picked":["Runic Dome","Velvet Choker"],"picked":"Cursed Key"}],"items_purged_floors":[20,30,48],"is_endless":false,"potions_floor_spawned":[7,10,14,18,22,23,29,38,45,47],"killed_by":"Awakened One","ascension_level":2}