{"gold_per_floor":[118,43,53,53,53,53,53,53,99,99,133,143,177,189,189,294,294,305,404,421,61,73,73,88,88,88,104,132,132,149,149,149,149],"floor_reached":33,"playtime":921,"items_purged":["Defend_R","Defend_R"],"score":435,"play_id":"ead88019-7179-464f-b73a-2acaead4a4b0","local_time":"20180728231635","is_ascension_mode":true,"campfire_choices":[{"data":"Armaments","floor":6,"key":"SMITH"},{"data":"Warcry","floor":8,"key":"SMITH"},{"data":"Flex","floor":10,"key":"SMITH"},{"data":"Rampage","floor":15,"key":"SMITH"},{"data":"Fiend Fire","floor":23,"key":"SMITH"},{"floor":25,"key":"REST"},{"floor":29,"key":"REST"},{"floor":32,"key":"REST"}],"neow_cost":"NONE","seed_source_timestamp":43384026172698,"circlet_count":0,"master_deck":["Strike_R","Strike_R","Strike_R","Defend_R","Defend_R","Bash+1","Flex+1","Armaments+1","Warcry+1","Cleave+1","Rage","Rampage+1","Fiend Fire+1","Whirlwind+1","Burning Pact","Clash"],"relics":["Burning Blood","NeowsBlessing","Dream Catcher","Question Card","Whetstone","Mark of Pain","Kunai","Ancient Tea Set","Oddly Smooth Stone"],"potions_floor_usage":[13,16,16,22,28,28,33],"damage_taken":[{"damage":0,"enemies":"Jaw Worm","floor":1,"turns":1},{"damage":0,"enemies":"Cultist","floor":3,"turns":1},{"damage":0,"enemies":"3 Sentries","floor":11,"turns":2},{"damage":7,"enemies":"2 Louse","floor":12,"turns":2},{"damage":40,"enemies":"Lagavulin","floor":13,"turns":8},{"damage":6,"enemies":"Looter","floor":14,"turns":3},{"damage":16,"enemies":"Slime Boss","floor":16,"turns":7},{"damage":0,"enemies":"Chosen","floor":18,"turns":3},{"damage":29,"enemies":"Shell Parasite","floor":20,"turns":4},{"damage":18,"enemies":"Snecko","floor":22,"turns":3},{"damage":24,"enemies":"Snake Plant","floor":24,"turns":3},{"damage":19,"enemies":"3 Cultists","floor":27,"turns":4},{"damage":24,"enemies":"Gremlin Leader","floor":28,"turns":5},{"damage":25,"enemies":"Cultist and Chosen","floor":30,"turns":5},{"damage":55,"enemies":"Champ","floor":33,"turns":8}],"seed_played":"8482816641460091253","potions_obtained":[{"floor":3,"key":"PowerPotion"},{"floor":12,"key":"Fire Potion"},{"floor":14,"key":"Regen Potion"},{"floor":16,"key":"Poison Potion"},{"floor":24,"key":"Weak Potion"},{"floor":27,"key":"FearPotion"},{"floor":30,"key":"EssenceOfSteel"}],"is_trial":false,"path_per_floor":["M","$","M","?","?","R","?","R","T","R","E","M","E","M","R","B",null,"M","?","M","$","M","R","M","R","T","M","E","R","M","?","R"],"character_chosen":"IRONCLAD","items_purchased":["Kunai"],"campfire_rested":3,"item_purchase_floors":[21],"current_hp_per_floor":[78,78,80,80,80,80,80,80,80,80,80,79,45,45,45,50,73,79,79,56,56,44,44,26,50,50,37,19,43,24,24,48,0],"gold":149,"neow_bonus":"THREE_ENEMY_KILL","is_prod":false,"is_daily":false,"chose_seed":false,"campfire_upgraded":5,"win_rate":0,"timestamp":1532830595,"path_taken":["M","$","M","?","?","R","?","R","T","R","E","M","E","?","R","BOSS","M","?","?","$","M","R","M","R","T","M","E","R","M","?","R","BOSS"],"build_version":"2018-07-26","purchased_purges":2,"victory":false,"max_hp_per_floor":[80,80,80,80,80,80,80,80,80,80,80,80,80,80,80,80,80,80,80,80,80,80,80,80,80,80,80,80,80,80,80,80,80],"card_choices":[{"not_picked":["Pommel Strike","Perfected Strike"],"picked":"Flex","floor":1},{"not_picked":["Bloodletting","Anger"],"picked":"Armaments","floor":3},{"not_picked":["True Grit","Sever Soul"],"picked":"Cleave","floor":11},{"not_picked":["Anger","Pommel Strike","Armaments"],"picked":"Rage","floor":12},{"not_picked":["Pommel Strike","Uppercut","Warcry"],"picked":"Rampage","floor":13},{"not_picked":["Rampage","Flex","Iron Wave"],"picked":"Fiend Fire","floor":14},{"not_picked":["Twin Strike","Clash","Perfected Strike"],"picked":"Whirlwind+1","floor":18},{"not_picked":["Anger","Heavy Blade+1","Wild Strike"],"picked":"Burning Pact","floor":20},{"not_picked":["Anger","Burning Pact+1","Sever Soul+1","Armaments"],"picked":"SKIP","floor":22},{"not_picked":["Sword Boomerang","Iron Wave","Wild Strike+1","Whirlwind"],"picked":"SKIP","floor":24},{"not_picked":["Anger","Sword Boomerang","Cleave","Armaments"],"picked":"SKIP","floor":27},{"not_picked":["Clothesline","Wild Strike","Burning Pact","Iron Wave"],"picked":"SKIP","floor":28},{"not_picked":["Blood for Blood+1","Berserk","Pummel+1"],"picked":"Clash","floor":29},{"not_picked":["Clothesline","Havoc","Thunderclap","Whirlwind"],"picked":"SKIP","floor":30}],"player_experience":850953,"relics_obtained":[{"floor":9,"key":"Dream Catcher"},{"floor":11,"key":"Question Card"},{"floor":13,"key":"Whetstone"},{"floor":26,"key":"Ancient Tea Set"},{"floor":28,"key":"Oddly Smooth Stone"}],"event_choices":[{"event_name":"Wheel of Change","player_choice":"Card Removal","floor":4,"damage_taken":0},{"event_name":"Transmorgrifier","player_choice":"Transform","floor":5,"damage_taken":0},{"event_name":"Dead Adventurer","player_choice":"Searched \u00271\u0027 times","floor":7,"damage_taken":0},{"event_name":"Nest","player_choice":"Stole From Cult","floor":19,"damage_taken":0},{"event_name":"Ghosts","player_choice":"Ignored","floor":31,"damage_taken":0}],"is_beta":true,"boss_relics":[{"not_picked":["Tiny House","Fusion Hammer"],"picked":"Mark of Pain"}],"items_purged_floors":[2,21],"is_endless":false,"potions_floor_spawned":[3,12,14,16,24,27,30],"killed_by":"Champ","ascension_level":9}