{"path_per_floor":["M","M","?","M","?","M","M","M","T","R","$","R","M","M","R","B",null,"M","?","M","$","?","M","M","R","T","R","?"],"character_chosen":"IRONCLAD","items_purchased":["Pummel"],"gold_per_floor":[109,129,129,143,143,156,167,178,178,178,67,67,82,99,99,197,197,212,212,228,128,128,141,151,151,151,151,151,151],"floor_reached":29,"campfire_rested":2,"playtime":849,"current_hp_per_floor":[75,75,75,60,60,46,50,46,46,46,46,46,52,38,62,46,80,66,66,56,56,56,45,28,28,28,52,52,0],"items_purged":["Strike_R","Bash"],"gold":151,"score":219,"play_id":"d0a0f9c0-b09e-49b4-a1f6-7d8eede32f6d","local_time":"20180424220253","is_prod":false,"is_daily":false,"chose_seed":false,"is_ascension_mode":false,"campfire_upgraded":3,"timestamp":1524618173,"path_taken":["M","M","?","M","?","M","M","M","T","R","?","R","M","M","R","BOSS","M","?","?","$","?","M","M","R","T","R","?","M"],"build_version":"2018-04-19","seed_source_timestamp":0,"purchased_purges":2,"victory":false,"master_deck":["Strike_R","Strike_R","Strike_R","Strike_R","Defend_R","Defend_R","Defend_R","Thunderclap","Demon Form+1","Twin Strike","Shrug It Off","Pummel+1","Limit Break+1","Offering+1","Heavy Blade"],"max_hp_per_floor":[80,80,80,80,80,80,80,80,80,80,80,80,80,80,80,80,80,80,80,80,80,80,80,80,80,80,80,80,80],"relics":["Burning Blood"],"card_choices":[{"not_picked":["Headbutt","True Grit"],"picked":"Thunderclap","floor":1},{"not_picked":["Perfected Strike","Sword Boomerang"],"picked":"Demon Form","floor":4},{"not_picked":["Wild Strike","Perfected Strike"],"picked":"Twin Strike","floor":6},{"not_picked":["Uppercut","Iron Wave"],"picked":"Shrug It Off","floor":8},{"not_picked":["Havoc","Body Slam"],"picked":"Limit Break","floor":13},{"not_picked":["Brutality","Bludgeon"],"picked":"Offering","floor":16},{"not_picked":["Entrench","Thunderclap"],"picked":"Heavy Blade","floor":18}],"player_experience":737574,"potions_floor_usage":[6,7,20,23,29,29],"damage_taken":[{"damage":11.0,"enemies":"Jaw Worm","floor":1.0,"turns":2.0},{"damage":6,"enemies":"2 Louse","floor":2,"turns":2},{"damage":21,"enemies":"Large Slime","floor":4,"turns":6},{"damage":20,"enemies":"Exordium Thugs","floor":6,"turns":3},{"damage":2,"enemies":"Blue Slaver","floor":7,"turns":3},{"damage":10,"enemies":"3 Louse","floor":8,"turns":3},{"damage":0,"enemies":"Large Slime","floor":13,"turns":4},{"damage":20,"enemies":"Looter","floor":14,"turns":3},{"damage":22,"enemies":"The Guardian","floor":16,"turns":6},{"damage":20,"enemies":"3 Byrds","floor":18,"turns":7},{"damage":16,"enemies":"Chosen","floor":20,"turns":4},{"damage":17,"enemies":"Centurion and Healer","floor":23,"turns":5},{"damage":23,"enemies":"3 Cultists","floor":24,"turns":4},{"damage":55,"enemies":"Slaver and Parasite","floor":29,"turns":4}],"event_choices":[{"event_name":"Scrap Ooze","player_choice":"unsuccessful","floor":3,"damage_taken":0},{"event_name":"Golden Idol","player_choice":"Ignored","floor":5,"damage_taken":0},{"event_name":"Addict","player_choice":"Ignored","floor":19,"damage_taken":0},{"event_name":"Upgrade Shrine","player_choice":"Upgraded","floor":22,"damage_taken":0},{"event_name":"Drug Dealer","player_choice":"Ignored","floor":28,"damage_taken":0}],"boss_relics":[{"not_picked":["Calling Bell","Lizard Tail","Runic Dome"]}],"potions_floor_spawned":[2,4,7,13,20,23],"seed_played":"-673762294835249056","killed_by":"Slaver and Parasite","ascension_level":0,"is_trial":false}