{"path_per_floor":["M","?","?","?","?","R","E","$","T","$","M","M","M","M","R","B",null,"M","$","?","M","?","R","?","M","T","R","M","R","M","M","R"],"character_chosen":"THE_SILENT","items_purchased":["Meat on the Bone"],"gold_per_floor":[110,285,285,285,285,285,320,3,3,3,16,27,43,58,58,159,159,173,73,73,92,92,92,92,111,137,137,154,154,171,187,187,187],"floor_reached":33,"campfire_rested":3,"playtime":1265,"current_hp_per_floor":[63,63,63,63,63,63,39,39,39,39,45,45,45,40,61,41,63,50,50,50,40,40,61,61,38,38,38,35,35,37,14,35,0],"items_purged":["Defend_G","Decay"],"gold":187,"score":395,"play_id":"85c59912-4e05-4eda-ac9b-53b851c232fe","local_time":"20180330004911","is_prod":false,"is_daily":false,"is_ascension_mode":true,"campfire_upgraded":3,"timestamp":1522381751,"path_taken":["M","?","?","?","?","R","E","?","T","$","?","?","M","M","R","BOSS","M","$","?","M","?","R","?","?","T","R","M","R","M","M","R","BOSS"],"build_version":"2018-03-29","purchased_purges":2,"victory":false,"master_deck":["Defend_G","Defend_G","Defend_G","Defend_G","Strike_G","Strike_G","Strike_G","Strike_G","Survivor","Neutralize+1","AscendersBane","Predator+1","PiercingWail","Backstab","Backstab","Sucker Punch","Dagger Throw","Burst+1","Decay","Parasite","Underhanded Strike","Writhe","Deadly Poison+1","Escape Plan","Dodge and Roll"],"max_hp_per_floor":[70,70,70,70,70,70,70,70,70,70,70,70,70,70,70,70,70,70,70,70,70,70,70,70,70,70,70,70,70,70,70,70,70],"relics":["Ring of the Snake","Bronze Scales","Meat on the Bone","Pantograph","Calling Bell","Prayer Wheel","Bag of Marbles","Ancient Tea Set","Centennial Puzzle","Lantern"],"card_choices":[{"not_picked":["Acrobatics","PiercingWail"],"picked":"Predator","floor":1},{"not_picked":["Corpse Explosion","Dagger Throw"],"picked":"Backstab","floor":11},{"not_picked":["Dodge and Roll","Malaise"],"picked":"Backstab","floor":12},{"not_picked":["Flechettes","Accuracy"],"picked":"Sucker Punch","floor":13},{"not_picked":["Flying Knee","Backflip"],"picked":"Dagger Throw","floor":14},{"not_picked":["Grand Finale","Glass Knife"],"picked":"Burst","floor":16},{"not_picked":["Poisoned Stab","Noxious Fumes"],"picked":"Underhanded Strike","floor":21},{"not_picked":["Outmaneuver","Doppelganger"],"picked":"Deadly Poison","floor":25},{"not_picked":["Flying Knee","Finisher"],"picked":"Escape Plan","floor":28},{"not_picked":["Predator","Poisoned Stab"],"picked":"Dodge and Roll","floor":31}],"player_experience":645570,"potions_floor_usage":[16,30,30,30,33,33],"damage_taken":[{"damage":0,"enemies":"2 Louse","floor":1,"turns":4},{"damage":24,"enemies":"Gremlin Nob","floor":7,"turns":5},{"damage":6,"enemies":"Jaw Worm","floor":11,"turns":3},{"damage":0,"enemies":"Small Slimes","floor":12,"turns":2},{"damage":0,"enemies":"Gremlin Gang","floor":13,"turns":3},{"damage":5,"enemies":"Blue Slaver","floor":14,"turns":3},{"damage":29,"enemies":"Hexaghost","floor":16,"turns":11},{"damage":13,"enemies":"Chosen","floor":18,"turns":4},{"damage":10,"enemies":"Shell Parasite","floor":21,"turns":4},{"damage":23,"enemies":"Snake Plant","floor":25,"turns":4},{"damage":15,"enemies":"Cultist and Chosen","floor":28,"turns":5},{"damage":34,"enemies":"Sentry and Sphere","floor":30,"turns":8},{"damage":35,"enemies":"Snecko","floor":31,"turns":6},{"damage":85,"enemies":"Champ","floor":33,"turns":10}],"event_choices":[{"event_name":"Liars Game","player_choice":"agreed","floor":2,"damage_taken":0},{"event_name":"Living Wall","player_choice":"Forget","floor":3,"damage_taken":0},{"event_name":"Transmorgrifier","player_choice":"Transform","floor":4,"damage_taken":0},{"event_name":"The Woman in Blue","player_choice":"Bought 0 Potions","floor":5,"damage_taken":0},{"event_name":"Addict","player_choice":"Ignored","floor":20,"damage_taken":0},{"event_name":"The Mausoleum","player_choice":"Yes","floor":22,"damage_taken":0},{"event_name":"Upgrade Shrine","player_choice":"Upgraded","floor":24,"damage_taken":0}],"boss_relics":[{"not_picked":["Eternal Feather","Velvet Choker"],"picked":"Calling Bell"}],"potions_floor_spawned":[11,12,14,28,30,31],"seed_played":"2440637289200976997","killed_by":"Champ","ascension_level":12,"is_trial":false}