{"gold_per_floor":[110,125,125,200,31,65,65,79,79,79,94,94,94,128,128,205,205,222,222,182,96,106,106,116,116,140,140,172,172,172,172,172,172],"floor_reached":33,"playtime":994,"items_purged":["Strike_G+1"],"score":692,"play_id":"72b399cf-211b-4270-8a8c-a1f22d4a7b6d","local_time":"20190314002302","is_ascension_mode":true,"campfire_choices":[{"data":"Skewer","floor":7,"key":"SMITH"},{"data":"Footwork","floor":10,"key":"SMITH"},{"floor":13,"key":"REST"},{"data":"Caltrops","floor":15,"key":"SMITH"},{"data":"Noxious Fumes","floor":23,"key":"SMITH"},{"data":"Noxious Fumes","floor":25,"key":"SMITH"},{"floor":27,"key":"REST"},{"floor":32,"key":"REST"}],"neow_cost":"NONE","seed_source_timestamp":3518130002146,"circlet_count":0,"master_deck":["AscendersBane","Defend_G","Defend_G","Defend_G","Defend_G","Defend_G","Strike_G","Strike_G","Strike_G","Strike_G","Survivor+1","Neutralize","Dagger Spray","Skewer+1","Footwork+1","PiercingWail","Caltrops+1","A Thousand Cuts","Noxious Fumes+1","Terror","Noxious Fumes+1"],"relics":["Ring of the Snake","NeowsBlessing","StoneCalendar","Pocketwatch","NlothsMask","Pear","Busted Crown","MutagenicStrength","Peace Pipe"],"potions_floor_usage":[16,22,28],"damage_taken":[{"damage":0,"enemies":"2 Louse","floor":1,"turns":1},{"damage":0,"enemies":"Small Slimes","floor":2,"turns":1},{"damage":0,"enemies":"Lagavulin","floor":6,"turns":1},{"damage":0,"enemies":"Jaw Worm","floor":8,"turns":5},{"damage":0,"enemies":"Exordium Thugs","floor":11,"turns":5},{"damage":12,"enemies":"3 Sentries","floor":14,"turns":7},{"damage":0,"enemies":"Slime Boss","floor":16,"turns":8},{"damage":13,"enemies":"Spheric Guardian","floor":18,"turns":6},{"damage":17,"enemies":"2 Thieves","floor":20,"turns":5},{"damage":14,"enemies":"3 Cultists","floor":22,"turns":5},{"damage":7,"enemies":"Centurion and Healer","floor":24,"turns":6},{"damage":33,"enemies":"Slavers","floor":28,"turns":5},{"damage":14,"enemies":"Colosseum Slavers","floor":31,"turns":5},{"damage":32,"enemies":"Collector","floor":33,"turns":3}],"seed_played":"2309007216463095344","potions_obtained":[{"floor":1,"key":"FairyPotion"},{"floor":18,"key":"FearPotion"},{"floor":22,"key":"Swift Potion"}],"is_trial":false,"path_per_floor":["M","M","?","?","$","E","R","M","T","R","M","?","R","E","R","B",null,"M","?","M","$","M","R","M","R","T","R","E","?","?","?","R","B"],"character_chosen":"THE_SILENT","items_purchased":["Footwork","Fire Potion","Noxious Fumes"],"campfire_rested":3,"item_purchase_floors":[5,5,21],"current_hp_per_floor":[59,59,39,28,28,28,28,28,28,28,28,28,47,45,45,45,68,55,55,38,38,24,24,17,17,17,39,6,6,6,6,28,0],"gold":172,"neow_bonus":"THREE_ENEMY_KILL","is_prod":false,"is_daily":false,"chose_seed":false,"campfire_upgraded":5,"win_rate":0,"timestamp":1552519382,"path_taken":["M","M","?","?","$","E","R","M","T","R","M","?","R","E","R","BOSS","M","?","M","$","M","R","M","R","T","R","E","?","?","?","R","BOSS"],"build_version":"2019-01-23","purchased_purges":1,"victory":false,"max_hp_per_floor":[66,66,66,66,66,66,66,66,66,66,66,66,66,76,76,76,76,76,76,76,76,76,76,76,76,76,76,76,76,76,76,76,76],"card_choices":[{"not_picked":["Terror","Cloak And Dagger"],"picked":"Dagger Spray","floor":1},{"not_picked":["Accuracy","Slice"],"picked":"Skewer","floor":2},{"not_picked":["Slice","Doppelganger","Flying Knee"],"picked":"SKIP","floor":6},{"not_picked":["Dodge and Roll","Dagger Spray"],"picked":"PiercingWail","floor":8},{"not_picked":["Flechettes","Blade Dance"],"picked":"Caltrops","floor":11},{"not_picked":["Acrobatics","Dodge and Roll","Dagger Spray"],"picked":"SKIP","floor":14},{"not_picked":["Phantasmal Killer","Doppelganger"],"picked":"A Thousand Cuts","floor":16},{"not_picked":["Sucker Punch"],"picked":"SKIP","floor":18},{"not_picked":["Flying Knee"],"picked":"SKIP","floor":20},{"not_picked":[],"picked":"Terror","floor":22},{"not_picked":[],"picked":"Noxious Fumes","floor":24},{"not_picked":["Terror"],"picked":"SKIP","floor":28}],"player_experience":1001880,"relics_obtained":[{"floor":6,"key":"StoneCalendar"},{"floor":9,"key":"Pocketwatch"},{"floor":14,"key":"Pear"},{"floor":28,"key":"Peace Pipe"}],"event_choices":[{"damage_healed":0,"gold_gain":0,"player_choice":"Entered Light","damage_taken":20,"max_hp_gain":0,"max_hp_loss":0,"event_name":"Shining Light","floor":3,"gold_loss":0,"cards_upgraded":["Survivor","Strike_G"]},{"damage_healed":0,"gold_gain":75,"player_choice":"Gather Gold","damage_taken":11,"max_hp_gain":0,"max_hp_loss":0,"event_name":"World of Goop","floor":4,"gold_loss":0},{"damage_healed":0,"gold_gain":0,"player_choice":"Trade","damage_taken":0,"relics_obtained":["NlothsMask"],"max_hp_gain":0,"max_hp_loss":0,"event_name":"FaceTrader","floor":12,"gold_loss":0},{"damage_healed":0,"gold_gain":0,"player_choice":"Inject Mutagens","damage_taken":0,"relics_obtained":["MutagenicStrength"],"max_hp_gain":0,"max_hp_loss":0,"event_name":"Drug Dealer","floor":19,"gold_loss":0},{"damage_healed":0,"gold_gain":0,"player_choice":"Ignored","damage_taken":0,"max_hp_gain":0,"max_hp_loss":0,"event_name":"Cursed Tome","floor":29,"gold_loss":0},{"damage_healed":0,"gold_gain":0,"player_choice":"Ignored","damage_taken":0,"max_hp_gain":0,"max_hp_loss":0,"event_name":"The Mausoleum","floor":30,"gold_loss":0},{"damage_healed":0,"gold_gain":0,"player_choice":"Fight","damage_taken":0,"max_hp_gain":0,"max_hp_loss":0,"event_name":"Colosseum","floor":31,"gold_loss":0},{"damage_healed":0,"gold_gain":0,"player_choice":"Fled From Nobs","damage_taken":0,"max_hp_gain":0,"max_hp_loss":0,"event_name":"Colosseum","floor":31,"gold_loss":0}],"is_beta":false,"boss_relics":[{"not_picked":["Runic Dome","WristBlade"],"picked":"Busted Crown"}],"items_purged_floors":[5],"is_endless":false,"potions_floor_spawned":[1,6,11,14,18,20,22,31],"killed_by":"Collector","ascension_level":20}