{"gold_per_floor":[117,134,134,144,20,54,54,84,164,197,207,282,32,32,32,133,133,148,148,166,16,28,58,58,92,115,135,135],"floor_reached":28,"playtime":2402,"items_purged":[],"score":301,"play_id":"915a618a-bf3f-4084-8782-3d1b83b36b55","local_time":"20190106163321","is_ascension_mode":false,"campfire_choices":[{"data":"Rage","floor":7,"key":"SMITH"},{"floor":15,"key":"REST"},{"floor":24,"key":"REST"}],"neow_cost":"NONE","seed_source_timestamp":92767600044949,"circlet_count":0,"master_deck":["Strike_R","Strike_R","Strike_R","Strike_R","Strike_R","Defend_R","Defend_R","Defend_R+1","Defend_R","Bash","Shrug It Off+1","Iron Wave","Battle Trance","Shrug It Off","Burning Pact","Rage+1","Armaments","Cleave","Offering","Inflame","Brutality","Rage","Rampage","Bloodletting+1","Battle Trance","Warcry"],"relics":["Burning Blood","NlothsMask","Champion Belt","Bronze Scales","Gremlin Horn","Pear","Runic Cube","Centennial Puzzle","Matryoshka","Vajra","Bag of Preparation"],"potions_floor_usage":[6,16],"damage_taken":[{"damage":9,"enemies":"Jaw Worm","floor":1,"turns":4},{"damage":4,"enemies":"Cultist","floor":2,"turns":4},{"damage":6,"enemies":"2 Louse","floor":4,"turns":3},{"damage":38,"enemies":"Gremlin Nob","floor":6,"turns":5},{"damage":10,"enemies":"3 Sentries","floor":8,"turns":14},{"damage":10,"enemies":"Lagavulin","floor":10,"turns":8},{"damage":4,"enemies":"Blue Slaver","floor":11,"turns":3},{"damage":50,"enemies":"The Guardian","floor":16,"turns":14},{"damage":6,"enemies":"Chosen","floor":18,"turns":4},{"damage":15,"enemies":"Shell Parasite","floor":20,"turns":5},{"damage":18,"enemies":"3 Cultists","floor":22,"turns":5},{"damage":38,"enemies":"Slavers","floor":23,"turns":4},{"damage":25,"enemies":"Book of Stabbing","floor":25,"turns":6},{"damage":23,"enemies":"Snake Plant","floor":27,"turns":4},{"damage":38,"enemies":"Gremlin Leader","floor":28,"turns":4}],"seed_played":"5094475095810925274","potions_obtained":[{"floor":4,"key":"Explosive Potion"},{"floor":6,"key":"SteroidPotion"},{"floor":8,"key":"Block Potion"},{"floor":23,"key":"Ancient Potion"},{"floor":27,"key":"Energy Potion"}],"is_trial":false,"path_per_floor":["M","M","?","M","$","E","R","E","T","E","M","?","$","?","R","B",null,"M","?","M","$","M","E","R","E","T","M","E"],"character_chosen":"IRONCLAD","items_purchased":["Shrug It Off","Burning Pact","Pear","Rage","Rampage"],"campfire_rested":2,"item_purchase_floors":[5,5,13,21,21],"current_hp_per_floor":[85,87,87,87,87,55,55,51,51,47,49,38,48,28,57,13,98,98,98,89,89,77,45,74,55,55,38,0],"gold":135,"neow_bonus":"TEN_PERCENT_HP_BONUS","is_prod":false,"is_daily":false,"chose_seed":false,"campfire_upgraded":1,"win_rate":0.0,"timestamp":1546810401,"path_taken":["M","M","?","M","?","E","R","E","T","E","M","?","$","?","R","BOSS","M","?","?","$","M","E","R","E","T","M","E"],"build_version":"2019-01-03v4","purchased_purges":0,"victory":false,"max_hp_per_floor":[88,88,88,88,88,88,88,88,88,88,88,88,98,98,98,98,98,98,98,98,98,98,98,98,98,98,98,98],"card_choices":[{"not_picked":["Flex","Anger"],"picked":"Shrug It Off","floor":1},{"not_picked":["Pommel Strike","Corruption"],"picked":"Iron Wave","floor":2},{"not_picked":["Headbutt","Searing Blow"],"picked":"Battle Trance","floor":4},{"not_picked":["Shrug It Off","Twin Strike"],"picked":"Rage","floor":6},{"not_picked":["Seeing Red","Entrench"],"picked":"Perfected Strike","floor":8},{"not_picked":["Corruption","Flex"],"picked":"Armaments","floor":10},{"not_picked":["Power Through","Combust"],"picked":"Cleave","floor":11},{"not_picked":["Demon Form","Double Tap"],"picked":"Offering","floor":16},{"not_picked":["Uppercut","Clash"],"picked":"Inflame","floor":18},{"not_picked":["Combust","Feel No Pain","True Grit"],"picked":"SKIP","floor":20},{"not_picked":["Clash","Thunderclap"],"picked":"Bloodletting+1","floor":22},{"not_picked":["Demon Form","Searing Blow"],"picked":"Battle Trance","floor":23},{"not_picked":["Cleave","Anger+1"],"picked":"Warcry","floor":25},{"not_picked":["Body Slam+1","Armaments","Twin Strike+1"],"picked":"SKIP","floor":27}],"player_experience":412,"relics_obtained":[{"floor":6,"key":"Champion Belt"},{"floor":8,"key":"Bronze Scales"},{"floor":10,"key":"Gremlin Horn"},{"floor":23,"key":"Centennial Puzzle"},{"floor":25,"key":"Matryoshka"},{"floor":26,"key":"Vajra"},{"floor":26,"key":"Bag of Preparation"}],"event_choices":[{"damage_healed":0,"gold_gain":0,"player_choice":"Trade","damage_taken":0,"relics_obtained":["NlothsMask"],"max_hp_gain":0,"max_hp_loss":0,"event_name":"FaceTrader","floor":3,"gold_loss":0},{"damage_healed":0,"gold_gain":75,"player_choice":"Gather Gold","damage_taken":11,"max_hp_gain":0,"max_hp_loss":0,"event_name":"World of Goop","floor":12,"gold_loss":0},{"damage_healed":0,"gold_gain":0,"player_choice":"Entered Light","damage_taken":20,"max_hp_gain":0,"max_hp_loss":0,"event_name":"Shining Light","floor":14,"gold_loss":0,"cards_upgraded":["Shrug It Off","Defend_R"]},{"damage_healed":0,"gold_gain":0,"cards_transformed":["Perfected Strike"],"player_choice":"Transformed","damage_taken":0,"max_hp_gain":0,"max_hp_loss":0,"event_name":"Transmorgrifier","floor":19,"gold_loss":0,"cards_obtained":["Brutality"]}],"is_beta":false,"boss_relics":[{"not_picked":["Philosopher\u0027s Stone","Tiny House"],"picked":"Runic Cube"}],"items_purged_floors":[],"is_endless":false,"potions_floor_spawned":[4,6,8,23,27],"killed_by":"Gremlin Leader","ascension_level":0}