{"path_per_floor":["M","?","$","M","M","R","M","?","T","M","?","M","R","M","R","B",null,"M","M","?","?","?","R","E","R","T","$","M","M"],"character_chosen":"THE_SILENT","items_purchased":["Apotheosis","Footwork"],"gold_per_floor":[111,286,33,50,68,68,79,79,129,142,217,227,227,244,244,348,348,361,380,380,295,295,295,326,326,326,156,166,176],"floor_reached":30,"campfire_rested":3,"playtime":1423,"current_hp_per_floor":[61,61,61,57,54,54,50,36,36,36,25,25,46,32,53,24,59,38,38,38,38,14,28,49,49,63,60,60,33],"items_purged":["Doubt","Parasite"],"gold":176,"score":413,"play_id":"e1498a2f-253f-46f1-b8f4-5fb9da37ca75","local_time":"20180307213457","is_prod":false,"is_daily":false,"is_ascension_mode":true,"campfire_upgraded":2,"timestamp":1520469297,"path_taken":["M","?","$","M","M","R","M","?","T","?","?","M","R","M","R","BOSS","M","M","?","?","?","R","E","R","T","$","M","M","?"],"build_version":"2018-03-01-PROD1","purchased_purges":2,"victory":false,"master_deck":["Defend_G","Defend_G","Defend_G","Defend_G","Defend_G","Survivor","Neutralize","Backflip","Apotheosis+1","Noxious Fumes","Well Laid Plans","Adrenaline+1","Skewer","Dagger Spray","Die Die Die","Bite","Bite","Bite","Bite","Bite","Swift Strike","Flash of Steel","Predator","Footwork","Blur"],"max_hp_per_floor":[70,70,70,70,70,70,70,70,70,70,70,70,70,70,70,70,70,70,70,49,49,49,49,49,49,63,60,60,60],"relics":["Sozu","Oddly Smooth Stone","Philosopher\u0027s Stone","Darkstone Periapt","Bag of Marbles","Mango"],"card_choices":[{"not_picked":["Dagger Throw","Dodge and Roll"],"picked":"Backflip"},{"not_picked":["Poisoned Stab","PiercingWail"],"picked":"Noxious Fumes"},{"not_picked":["Cloak And Dagger","Sucker Punch"],"picked":"Well Laid Plans"},{"not_picked":["Dodge and Roll","Backflip"],"picked":"Adrenaline"},{"not_picked":["Outmaneuver","PiercingWail"],"picked":"Skewer"},{"not_picked":["Accuracy","Deflect"],"picked":"Dagger Spray"},{"not_picked":["Venomology","Storm of Steel"],"picked":"Die Die Die"},{"not_picked":["Prepared","Infinite Blades"],"picked":"Predator"},{"not_picked":["Bane","Finisher"],"picked":"Blur"}],"player_experience":537145,"potions_floor_usage":[],"damage_taken":[{"damage":2,"enemies":"Small Slimes","floor":1,"turns":4},{"damage":4,"enemies":"Jaw Worm","floor":4,"turns":4},{"damage":3,"enemies":"2 Louse","floor":5,"turns":3},{"damage":4,"enemies":"Exordium Wildlife","floor":7,"turns":4},{"damage":0,"enemies":"Looter","floor":10,"turns":3},{"damage":0,"enemies":"Blue Slaver","floor":12,"turns":4},{"damage":14,"enemies":"Lots of Slimes","floor":14,"turns":4},{"damage":29,"enemies":"Slime Boss","floor":16,"turns":9},{"damage":21,"enemies":"Spheric Guardian","floor":18,"turns":4},{"damage":0,"enemies":"Shell Parasite","floor":19,"turns":5},{"damage":15,"enemies":"Gremlin Leader","floor":24,"turns":8},{"damage":11,"enemies":"Centurion and Healer","floor":28,"turns":5},{"damage":30,"enemies":"Snake Plant","floor":29,"turns":4},{"damage":42,"enemies":"Snecko","floor":30,"turns":5}],"event_choices":[{"event_name":"Liars Game","player_choice":"agreed","floor":2,"damage_taken":0},{"event_name":"Shining Light","player_choice":"Entered Light","floor":8,"damage_taken":0},{"event_name":"World of Goop","player_choice":"Gather Gold","floor":11,"damage_taken":0},{"event_name":"Vampires","player_choice":"Became a vampire","floor":20,"damage_taken":0},{"event_name":"Addict","player_choice":"Obtained Relic","floor":21,"damage_taken":0},{"event_name":"Knowing Skull","player_choice":"CARD CARD ","floor":22,"damage_taken":0}],"boss_relics":[{"not_picked":["Black Star","Question Card"],"picked":"Philosopher\u0027s Stone"}],"potions_floor_spawned":[5,12,16,28],"seed_played":"3653904925404811082","killed_by":"Snecko","ascension_level":12,"is_trial":false}