{"gold_per_floor":[362,28,48,48,123,123,148,166,192,249,4,4,4,24,24,129,129,149,149,149,159,159,159,74,6,6,6,20,20,55,65,65,164,164,180,199,299,312,312,312,340,89,89,39,39,51,51,1,1,1],"floor_reached":51,"playtime":2837,"items_purged":["Strike_R","Strike_R","Strike_R","Armaments+1","Defend_R"],"score":939,"play_id":"b4ebcbbf-50c0-4034-a2a2-5e83302bf58d","local_time":"20190305152507","is_ascension_mode":false,"campfire_choices":[{"data":"Apotheosis","floor":6,"key":"SMITH"},{"data":"Whirlwind","floor":13,"key":"SMITH"},{"floor":15,"key":"REST"},{"data":"Limit Break","floor":23,"key":"SMITH"},{"data":"Ghostly","floor":27,"key":"SMITH"},{"data":"Uppercut","floor":29,"key":"SMITH"},{"data":"Warcry","floor":32,"key":"SMITH"},{"data":"Ghostly","floor":40,"key":"SMITH"},{"data":"Offering","floor":45,"key":"SMITH"},{"data":"Ghostly","floor":47,"key":"SMITH"},{"data":"Shrug It Off","floor":49,"key":"SMITH"}],"neow_cost":"TEN_PERCENT_HP_LOSS","seed_source_timestamp":2001715894806,"circlet_count":0,"master_deck":["Defend_R+1","Bash","Apotheosis+1","Inflame+1","Uppercut+1","Warcry+1","Limit Break+1","Feed+1","Flame Barrier+1","Ghostly+1","Ghostly+1","Ghostly+1","Ghostly","Ghostly","Shrug It Off+1","Offering+1","Body Slam+1","Exhume","Exhume"],"relics":["Burning Blood","Happy Flower","Regal Pillow","Ornamental Fan","Juzu Bracelet","Astrolabe","Thread and Needle","Molten Egg 2","Smiling Mask","Cursed Key","Calipers","Strawberry","Anchor"],"potions_floor_usage":[10,10,41,50,50],"damage_taken":[{"damage":1,"enemies":"2 Louse","floor":1,"turns":4},{"damage":3,"enemies":"Small Slimes","floor":3,"turns":3},{"damage":15,"enemies":"3 Sentries","floor":7,"turns":4},{"damage":3,"enemies":"Jaw Worm","floor":8,"turns":3},{"damage":24,"enemies":"Lagavulin Event","floor":10,"turns":4},{"damage":6,"enemies":"Exordium Thugs","floor":14,"turns":3},{"damage":0,"enemies":"Slime Boss","floor":16,"turns":5},{"damage":0,"enemies":"3 Byrds","floor":18,"turns":5},{"damage":2,"enemies":"Chosen","floor":21,"turns":7},{"damage":15,"enemies":"Snecko","floor":28,"turns":9},{"damage":6,"enemies":"Slavers","floor":30,"turns":7},{"damage":6,"enemies":"Snake Plant","floor":31,"turns":5},{"damage":6,"enemies":"Collector","floor":33,"turns":10},{"damage":8,"enemies":"3 Shapes","floor":35,"turns":11},{"damage":6,"enemies":"Orb Walker","floor":36,"turns":4},{"damage":0,"enemies":"Mind Bloom Boss Battle","floor":37,"turns":10},{"damage":2,"enemies":"Sphere and 2 Shapes","floor":38,"turns":6},{"damage":14,"enemies":"Giant Head","floor":41,"turns":10},{"damage":6,"enemies":"Maw","floor":46,"turns":9},{"damage":6,"enemies":"Time Eater","floor":50,"turns":9}],"seed_played":"3522083997730734456","potions_obtained":[{"floor":1,"key":"Poison Potion"},{"floor":8,"key":"Poison Potion"},{"floor":14,"key":"Explosive Potion"},{"floor":16,"key":"Ancient Potion"},{"floor":28,"key":"Block Potion"},{"floor":33,"key":"Explosive Potion"},{"floor":46,"key":"SteroidPotion"}],"is_trial":false,"path_per_floor":["M","$","M","?","?","R","E","M","T","?","$","?","R","M","R","B",null,"M","?","?","M","?","R","?","$","T","R","M","R","E","M","R","B",null,"M","M","?","M","?","R","E","$","T","$","R","M","R","$","R","B",null],"character_chosen":"IRONCLAD","items_purchased":["Apotheosis","Inflame","Juzu Bracelet","Offering","Anchor","PowerPotion"],"campfire_rested":1,"item_purchase_floors":[2,2,11,25,42,42],"current_hp_per_floor":[72,72,72,58,47,47,38,41,41,23,23,23,23,23,59,65,72,76,76,38,38,38,38,38,38,38,38,33,33,33,33,33,33,42,48,52,62,66,66,66,69,69,69,69,69,73,73,73,73,73],"gold":1,"neow_bonus":"TWO_FIFTY_GOLD","is_prod":false,"is_daily":false,"chose_seed":false,"campfire_upgraded":10,"win_rate":0,"timestamp":1551817507,"path_taken":["M","$","M","?","?","R","E","M","T","?","$","?","R","M","R","BOSS","M","?","?","M","?","R","?","$","T","R","M","R","E","M","R","BOSS","M","M","?","M","?","R","E","$","T","$","R","M","R","?","R","BOSS"],"build_version":"2019-01-23","purchased_purges":5,"victory":true,"max_hp_per_floor":[72,72,72,72,72,72,72,72,72,72,72,72,72,72,72,72,72,76,76,38,38,38,38,38,38,38,38,42,42,42,42,42,42,42,50,54,62,66,66,66,77,77,77,77,77,81,81,81,81,81],"card_choices":[{"not_picked":["Shockwave","Twin Strike"],"picked":"Whirlwind","floor":1},{"not_picked":["Flex","Clash","Cleave"],"picked":"SKIP","floor":3},{"not_picked":["Searing Blow","Clash","Entrench"],"picked":"SKIP","floor":7},{"not_picked":["Infernal Blade","Perfected Strike"],"picked":"Uppercut","floor":8},{"not_picked":["Ghostly Armor","Reckless Charge"],"picked":"Warcry","floor":10},{"not_picked":["Headbutt","Clash","Iron Wave"],"picked":"SKIP","floor":14},{"not_picked":["Brutality","Reaper"],"picked":"Limit Break","floor":16},{"not_picked":["Feel No Pain","Pommel Strike","Evolve"],"picked":"SKIP","floor":18},{"not_picked":["Clash","Sword Boomerang"],"picked":"Shrug It Off","floor":21},{"not_picked":["Twin Strike+1","Berserk","Wild Strike+1"],"picked":"SKIP","floor":28},{"not_picked":["Inflame","Clash+1"],"picked":"Body Slam+1","floor":30},{"not_picked":["Iron Wave+1","Headbutt+1","Armaments+1"],"picked":"SKIP","floor":31},{"not_picked":["Feed+1","Demon Form"],"picked":"Exhume","floor":33},{"not_picked":["Heavy Blade+1","Iron Wave+1","Clash+1"],"picked":"SKIP","floor":35},{"not_picked":["Clash+1","Perfected Strike+1","Iron Wave+1"],"picked":"SKIP","floor":36},{"not_picked":["Blood for Blood+1","Thunderclap+1","Intimidate"],"picked":"SKIP","floor":38},{"not_picked":["Rage","Perfected Strike+1"],"picked":"Exhume","floor":41},{"not_picked":["Wild Strike+1","Twin Strike+1","Armaments+1"],"picked":"SKIP","floor":46}],"player_experience":525195,"relics_obtained":[{"floor":7,"key":"Happy Flower"},{"floor":9,"key":"Regal Pillow"},{"floor":10,"key":"Ornamental Fan"},{"floor":26,"key":"Molten Egg 2"},{"floor":30,"key":"Smiling Mask"},{"floor":37,"key":"Calipers"},{"floor":41,"key":"Strawberry"}],"event_choices":[{"damage_healed":0,"gold_gain":0,"player_choice":"Entered Light","damage_taken":14,"max_hp_gain":0,"max_hp_loss":0,"event_name":"Shining Light","floor":4,"gold_loss":0,"cards_upgraded":["Defend_R","Inflame"]},{"damage_healed":0,"gold_gain":75,"player_choice":"Gather Gold","damage_taken":11,"max_hp_gain":0,"max_hp_loss":0,"event_name":"World of Goop","floor":5,"gold_loss":0},{"damage_healed":0,"gold_gain":0,"player_choice":"Searched \u00271\u0027 times","damage_taken":0,"max_hp_gain":0,"max_hp_loss":0,"event_name":"Dead Adventurer","floor":10,"gold_loss":0},{"cards_removed":["Defend_R"],"damage_healed":0,"gold_gain":0,"player_choice":"Purged","damage_taken":0,"max_hp_gain":0,"max_hp_loss":0,"event_name":"Purifier","floor":12,"gold_loss":0},{"damage_healed":0,"gold_gain":0,"player_choice":"Ignored","damage_taken":0,"max_hp_gain":0,"max_hp_loss":0,"event_name":"The Mausoleum","floor":19,"gold_loss":0},{"damage_healed":0,"gold_gain":0,"player_choice":"Became a Ghost","damage_taken":0,"max_hp_gain":0,"max_hp_loss":38,"event_name":"Ghosts","floor":20,"gold_loss":0,"cards_obtained":["Ghostly","Ghostly","Ghostly","Ghostly","Ghostly"]},{"damage_healed":0,"gold_gain":0,"player_choice":"Ignored","damage_taken":0,"max_hp_gain":0,"max_hp_loss":0,"event_name":"Vampires","floor":22,"gold_loss":0},{"damage_healed":0,"gold_gain":0,"player_choice":"Obtained Relic","damage_taken":0,"relics_obtained":["Thread and Needle"],"max_hp_gain":0,"max_hp_loss":0,"event_name":"Addict","floor":24,"gold_loss":85},{"damage_healed":0,"gold_gain":0,"player_choice":"Fight","damage_taken":0,"max_hp_gain":0,"max_hp_loss":0,"event_name":"MindBloom","floor":37,"gold_loss":0},{"cards_removed":["Whirlwind"],"damage_healed":0,"gold_gain":0,"player_choice":"Removed Attack","damage_taken":0,"max_hp_gain":0,"max_hp_loss":0,"event_name":"Falling","floor":39,"gold_loss":0}],"is_beta":false,"boss_relics":[{"not_picked":["Busted Crown","Orrery"],"picked":"Astrolabe"},{"not_picked":["Calling Bell","Runic Cube"],"picked":"Cursed Key"}],"items_purged_floors":[2,11,42,44,48],"is_endless":false,"potions_floor_spawned":[1,8,14,16,28,31,33,38,46],"ascension_level":0}