{"path_per_floor":["M","$","?","?","M","R","M","E","T","R","M","M","?","M","R","B",null,"M","?","$","$","?"],"character_chosen":"THE_SILENT","items_purchased":["Caltrops","Matryoshka"],"gold_per_floor":[119,40,40,115,127,127,140,168,238,238,255,271,336,350,350,451,451,466,466,391,41,141],"floor_reached":23,"campfire_rested":2,"playtime":1539,"current_hp_per_floor":[63,63,63,52,48,48,48,20,20,41,36,26,8,6,27,10,55,49,33,33,33,33],"items_purged":["Strike_G","Strike_G"],"gold":141,"score":265,"play_id":"d2eb299d-42e0-430c-8706-778502b8e333","is_prod":false,"is_daily":false,"is_ascension_mode":true,"campfire_upgraded":1,"path_taken":["M","$","?","?","?","R","M","E","T","R","M","M","?","?","R","BOSS","M","?","?","$","?","E"],"build_version":"2018-02-22-PROD2","purchased_purges":2,"victory":false,"master_deck":["Defend_G","Defend_G","Defend_G","Defend_G","Defend_G","Strike_G","Strike_G","Strike_G","Survivor","Neutralize+1","Dash","Caltrops","Terror","Dagger Spray","Blur","Footwork","After Image"],"max_hp_per_floor":[70,70,70,70,70,70,70,70,70,70,70,70,70,70,70,70,70,70,70,70,70,70],"relics":["Lizard Tail","Dodecahedron","Kunai","Bottled Tornado","Black Star","Enchiridion","Matryoshka"],"card_choices":[{"not_picked":["Dodge and Roll","All Out Attack"],"picked":"Dash"},{"not_picked":["Bane","Acrobatics"],"picked":"Terror"},{"not_picked":["Underhanded Strike","Masterful Stab"],"picked":"Dagger Spray"},{"not_picked":["Calculated Gamble","Endless Agony"],"picked":"Blur"},{"not_picked":["Slice","Deadly Poison"],"picked":"Footwork"},{"not_picked":["Phantasmal Killer","Grand Finale"],"picked":"After Image"}],"player_experience":291739,"potions_floor_usage":[13,13,13,14,23],"damage_taken":[{"damage":0,"enemies":"2 Louse","floor":1,"turns":4},{"damage":4,"enemies":"Cultist","floor":5,"turns":5},{"damage":0,"enemies":"Jaw Worm","floor":7,"turns":4},{"damage":28,"enemies":"Lagavulin","floor":8,"turns":8},{"damage":5,"enemies":"2 Fungi Beasts","floor":11,"turns":4},{"damage":10,"enemies":"3 Louse","floor":12,"turns":6},{"damage":18,"enemies":"3 Sentries","floor":13,"turns":8},{"damage":2,"enemies":"Gremlin Gang","floor":14,"turns":4},{"damage":17,"enemies":"The Guardian","floor":16,"turns":15},{"damage":6,"enemies":"Shell Parasite","floor":18,"turns":8},{"damage":70,"enemies":"Gremlin Leader","floor":23,"turns":5}],"event_choices":[{"event_name":"The Lab","player_choice":"Got Potions","floor":3,"damage_taken":0},{"event_name":"World of Goop","player_choice":"Gather Gold","floor":4,"damage_taken":0},{"event_name":"Dead Adventurer","player_choice":"Searched \u00271\u0027 times","floor":13,"damage_taken":0},{"event_name":"Cursed Tome","player_choice":"Obtained Book","floor":19,"damage_taken":0},{"event_name":"Golden Shrine","player_choice":"Pray","floor":22,"damage_taken":0}],"boss_relics":[{"not_picked":["Sozu","Astrolabe"],"picked":"Black Star"}],"potions_floor_spawned":[7,11,13,13,16,18],"seed_played":"-6038637476572247460","killed_by":"Gremlin Leader","ascension_level":8,"is_trial":false}