{"path_per_floor":["M","$","M","$","?","R","M","M","T","M","R","M","M","?","R","B",null,"M","?","$","M","M","R"],"character_chosen":"THE_SILENT","items_purchased":["Die Die Die","Dagger Spray","Outmaneuver"],"gold_per_floor":[119,42,60,37,37,37,50,62,62,79,79,91,107,107,107,212,212,223,223,125,137,150,150],"floor_reached":24,"campfire_rested":1,"playtime":1049,"current_hp_per_floor":[58,58,58,58,58,58,57,57,57,53,53,53,53,53,53,23,56,39,39,39,36,28,48],"items_purged":["Strike_G"],"gold":150,"score":285,"play_id":"0e3475c5-1ab0-46cb-8cef-ee12db727569","is_prod":false,"is_daily":false,"is_ascension_mode":true,"campfire_upgraded":3,"path_taken":["M","?","M","$","?","R","M","M","T","M","R","M","?","?","R","BOSS","M","?","$","M","M","R","E"],"build_version":"2018-02-22-PROD2","purchased_purges":1,"victory":false,"master_deck":["Defend_G","Defend_G","Defend_G","Defend_G","Defend_G","Strike_G","Strike_G","Strike_G","Survivor","Neutralize+1","Die Die Die+1","PiercingWail","Dagger Spray","Backstab","Caltrops+1","Cloak And Dagger","Glass Knife","Outmaneuver","Terror"],"max_hp_per_floor":[70,70,70,70,70,70,70,70,70,70,70,70,70,67,67,67,67,67,67,67,67,67,67],"relics":["Ring of the Snake","Unceasing Top","Lizard Tail"],"card_choices":[{"not_picked":["Catalyst","Underhanded Strike"],"picked":"PiercingWail"},{"not_picked":["Cloak And Dagger","Acrobatics"],"picked":"Backstab"},{"not_picked":["Dagger Throw","Poisoned Stab"],"picked":"Caltrops"},{"not_picked":["Dagger Throw","Dagger Spray"],"picked":"Cloak And Dagger"},{"not_picked":["Night Terror","A Thousand Cuts"],"picked":"Glass Knife"},{"not_picked":["Quick Slash","Calculated Gamble"],"picked":"Terror"}],"player_experience":376041,"potions_floor_usage":[16,16,16,18,22,22],"damage_taken":[{"damage":5,"enemies":"Cultist","floor":1,"turns":5},{"damage":0,"enemies":"2 Louse","floor":3,"turns":1},{"damage":1,"enemies":"Jaw Worm","floor":7,"turns":2},{"damage":0,"enemies":"2 Fungi Beasts","floor":8,"turns":3},{"damage":4,"enemies":"Red Slaver","floor":10,"turns":3},{"damage":0,"enemies":"Large Slime","floor":12,"turns":5},{"damage":0,"enemies":"Exordium Wildlife","floor":13,"turns":3},{"damage":30,"enemies":"Hexaghost","floor":16,"turns":9},{"damage":29,"enemies":"Shell Parasite","floor":18,"turns":6},{"damage":3,"enemies":"3 Byrds","floor":21,"turns":3},{"damage":8,"enemies":"Snecko","floor":22,"turns":4},{"damage":31,"enemies":"Gremlin Leader","floor":24,"turns":9}],"event_choices":[{"event_name":"The Cleric","player_choice":"Leave","floor":5,"damage_taken":0},{"event_name":"Living Wall","player_choice":"Forget","floor":14,"damage_taken":0},{"event_name":"Bonfire Elementals","player_choice":"BASIC","floor":19,"damage_taken":0}],"boss_relics":[{"not_picked":["Orrery","Snecko Eye"],"picked":"Lizard Tail"}],"potions_floor_spawned":[1,10,12,13,16,18,21],"seed_played":"6330279277246613057","killed_by":"Gremlin Leader","ascension_level":10,"is_trial":false}