{"path_per_floor":["M","$","M","M","?","M","R","M","T","?","?","M","M","M","R","B",null,"M","$","?","?","$","R","M","?","T"],"character_chosen":"IRONCLAD","items_purchased":["Feel No Pain","Power Through"],"gold_per_floor":[117,42,52,67,67,79,79,95,149,149,149,167,186,202,202,307,307,323,149,149,349,152,152,171,96,96,96],"floor_reached":27,"campfire_rested":0,"playtime":748,"current_hp_per_floor":[72,72,72,63,63,53,53,55,55,41,41,43,45,47,47,8,72,40,40,40,40,40,40,42,42,42,0],"items_purged":["Defend_R","Strike_R","Defend_R"],"gold":96,"score":205,"play_id":"c93b463d-6765-48df-834d-5df3c31a747d","local_time":"20180424174028","is_prod":false,"is_daily":false,"chose_seed":false,"is_ascension_mode":false,"campfire_upgraded":3,"timestamp":1524602428,"path_taken":["M","$","M","?","?","M","R","M","T","?","?","M","?","M","R","BOSS","M","$","?","?","$","R","M","?","T","M"],"build_version":"2018-04-19","seed_source_timestamp":29540234378555,"purchased_purges":3,"victory":false,"master_deck":["Strike_R","Strike_R","Defend_R+1","Bash","Flex+1","Offering","Headbutt","Dual Wield+1","Second Wind+1","Clash+1","Immolate","Feel No Pain","Power Through","Rampage+1"],"max_hp_per_floor":[72,72,72,72,72,72,72,72,72,72,72,72,72,72,72,72,72,72,72,72,72,72,72,72,72,72,72],"relics":["Burning Blood"],"card_choices":[{"not_picked":["Clash","Heavy Blade"],"picked":"Flex","floor":4},{"not_picked":["Sentinel","Metallicize"],"picked":"Headbutt","floor":6},{"not_picked":["Anger","Sentinel"],"picked":"Dual Wield","floor":8},{"not_picked":["Uppercut","Armaments"],"picked":"Second Wind","floor":12},{"not_picked":["Carnage","Infernal Blade"],"picked":"Clash","floor":14},{"not_picked":["Reaper","Demon Form"],"picked":"Immolate","floor":16},{"not_picked":["Thunderclap","Spot Weakness"],"picked":"Rampage","floor":24}],"player_experience":736155,"potions_floor_usage":[16,16,27,27],"damage_taken":[{"damage":1,"enemies":"Cultist","floor":1,"turns":3},{"damage":5,"enemies":"Small Slimes","floor":3,"turns":4},{"damage":15,"enemies":"2 Louse","floor":4,"turns":3},{"damage":16,"enemies":"2 Fungi Beasts","floor":6,"turns":3},{"damage":4,"enemies":"Exordium Wildlife","floor":8,"turns":2},{"damage":4,"enemies":"3 Louse","floor":12,"turns":3},{"damage":4,"enemies":"Blue Slaver","floor":13,"turns":2},{"damage":4,"enemies":"Looter","floor":14,"turns":2},{"damage":45,"enemies":"The Guardian","floor":16,"turns":9},{"damage":38,"enemies":"Shell Parasite","floor":18,"turns":5},{"damage":4,"enemies":"Chosen","floor":24,"turns":2},{"damage":58,"enemies":"Slaver and Parasite","floor":27,"turns":6}],"event_choices":[{"event_name":"Match and Keep!","player_choice":"1 cards matched","floor":5,"damage_taken":0},{"event_name":"Shining Light","player_choice":"Entered Light","floor":10,"damage_taken":0},{"event_name":"Liars Game","player_choice":"disagreed","floor":11,"damage_taken":0},{"event_name":"Addict","player_choice":"Ignored","floor":20,"damage_taken":0},{"event_name":"The Joust","player_choice":"Bet on Owner","floor":21,"damage_taken":0},{"event_name":"Beggar","player_choice":"Gave Gold","floor":25,"damage_taken":0}],"boss_relics":[{"not_picked":["Runic Cube","Snecko Eye","Eternal Feather"]}],"potions_floor_spawned":[6,13,14,16,18,24],"seed_played":"-8996589102177085566","killed_by":"Slaver and Parasite","ascension_level":0,"is_trial":false}