{"gold_per_floor":[119,46,46,60,80,80,80,93,93,168,187,203,203,203,203,298,298,313,86,86,103,103,103,113,113,138,138,138,138],"floor_reached":29,"playtime":656,"items_purged":["Strike_R"],"score":238,"play_id":"b054f179-c0fa-495b-87f5-eee666898151","local_time":"20190124190858","is_ascension_mode":false,"campfire_choices":[{"data":"Heavy Blade","floor":6,"key":"SMITH"},{"data":"Inflame","floor":13,"key":"SMITH"},{"data":"Sword Boomerang","floor":15,"key":"SMITH"},{"data":"Shrug It Off","floor":23,"key":"SMITH"},{"data":"Armaments","floor":25,"key":"SMITH"},{"data":"Demon Form","floor":28,"key":"SMITH"}],"neow_cost":"NONE","seed_source_timestamp":26815034516599,"circlet_count":0,"master_deck":["Strike_R","Strike_R","Strike_R","Strike_R","Defend_R","Defend_R","Defend_R","Defend_R","Bash","Sword Boomerang+1","Inflame+1","Heavy Blade+1","Shrug It Off+1","Clash","Burning Pact","Demon Form+1","Feed","Flame Barrier+1","Armaments+1"],"relics":["Burning Blood"],"potions_floor_usage":[16,21,24,24],"damage_taken":[{"damage":0,"enemies":"2 Louse","floor":1,"turns":3},{"damage":10,"enemies":"Small Slimes","floor":4,"turns":3},{"damage":6,"enemies":"Jaw Worm","floor":5,"turns":3},{"damage":16,"enemies":"Large Slime","floor":8,"turns":2},{"damage":15,"enemies":"Looter","floor":11,"turns":3},{"damage":12,"enemies":"Blue Slaver","floor":12,"turns":3},{"damage":1,"enemies":"Slime Boss","floor":16,"turns":6},{"damage":48,"enemies":"3 Byrds","floor":18,"turns":7},{"damage":26,"enemies":"Chosen","floor":21,"turns":5},{"damage":18,"enemies":"Snake Plant","floor":24,"turns":3},{"damage":20,"enemies":"Colosseum Slavers","floor":29,"turns":1}],"seed_played":"-6834260832933608388","potions_obtained":[{"floor":5,"key":"FearPotion"},{"floor":11,"key":"BloodPotion"},{"floor":12,"key":"FearPotion"},{"floor":18,"key":"BloodPotion"}],"is_trial":false,"path_per_floor":["M","$","?","M","M","R","?","M","T","?","M","M","R","?","R","B",null,"M","$","?","M","?","R","M","R","T","?","R","?"],"character_chosen":"IRONCLAD","items_purchased":["Inflame","Feed"],"campfire_rested":0,"item_purchase_floors":[2,19],"current_hp_per_floor":[88,88,88,84,84,84,84,74,74,63,54,48,48,48,48,53,88,46,46,29,21,21,21,18,18,18,18,18,0],"gold":138,"neow_bonus":"TEN_PERCENT_HP_BONUS","is_prod":false,"is_daily":false,"chose_seed":false,"campfire_upgraded":6,"win_rate":0,"timestamp":1548364138,"path_taken":["M","$","?","M","M","R","?","M","T","?","M","M","R","?","R","BOSS","M","$","?","M","?","R","M","R","T","?","R","?"],"build_version":"2019-01-23","purchased_purges":1,"victory":false,"max_hp_per_floor":[88,88,88,88,88,88,88,88,88,88,88,88,88,88,88,88,88,88,88,93,96,96,96,96,96,96,96,96,96],"card_choices":[{"not_picked":["Wild Strike","Flex"],"picked":"Sword Boomerang","floor":1},{"not_picked":["Power Through","Anger","Dual Wield"],"picked":"SKIP","floor":4},{"not_picked":["Feel No Pain","Uppercut"],"picked":"Heavy Blade","floor":5},{"not_picked":["Body Slam","Wild Strike"],"picked":"Shrug It Off","floor":8},{"not_picked":["Combust","Heavy Blade"],"picked":"Clash","floor":11},{"not_picked":["Warcry","Clash"],"picked":"Burning Pact","floor":12},{"not_picked":["Feed","Bludgeon"],"picked":"Demon Form","floor":16},{"not_picked":["Clothesline","Fire Breathing","Hemokinesis"],"picked":"SKIP","floor":18},{"not_picked":["Wild Strike","Battle Trance"],"picked":"Flame Barrier+1","floor":21},{"not_picked":["Iron Wave","Heavy Blade"],"picked":"Armaments","floor":24}],"player_experience":946612,"relics_obtained":[],"event_choices":[{"damage_healed":0,"gold_gain":0,"player_choice":"Fled","damage_taken":0,"max_hp_gain":0,"max_hp_loss":0,"event_name":"Scrap Ooze","floor":3,"gold_loss":0},{"damage_healed":0,"gold_gain":0,"player_choice":"Ignored","damage_taken":0,"max_hp_gain":0,"max_hp_loss":0,"event_name":"Liars Game","floor":7,"gold_loss":0},{"damage_healed":0,"gold_gain":75,"player_choice":"Gather Gold","damage_taken":11,"max_hp_gain":0,"max_hp_loss":0,"event_name":"World of Goop","floor":10,"gold_loss":0},{"damage_healed":0,"gold_gain":0,"player_choice":"Ignored","damage_taken":0,"max_hp_gain":0,"max_hp_loss":0,"event_name":"Golden Idol","floor":14,"gold_loss":0},{"damage_healed":0,"gold_gain":0,"player_choice":"Shed Blood","damage_taken":22,"max_hp_gain":5,"max_hp_loss":0,"event_name":"Forgotten Altar","floor":20,"gold_loss":0},{"damage_healed":0,"gold_gain":0,"player_choice":"Ignored","damage_taken":0,"max_hp_gain":0,"max_hp_loss":0,"event_name":"Ghosts","floor":27,"gold_loss":0},{"damage_healed":0,"gold_gain":0,"player_choice":"Fight","damage_taken":0,"max_hp_gain":0,"max_hp_loss":0,"event_name":"Colosseum","floor":29,"gold_loss":0}],"is_beta":true,"boss_relics":[{"not_picked":["Fusion Hammer","Mark of Pain","Astrolabe"]}],"items_purged_floors":[19],"is_endless":false,"potions_floor_spawned":[5,11,12,18],"killed_by":"Colosseum Slavers","ascension_level":0}