{"path_per_floor":["M","?","M","$","?","R","E","R","T","E","M","M","?","?","R","B",null,"M","?","?","?","T","R","M","$","T","?","$","E","$","M","R","B",null,"M","M","M","?","$","R","?","R","T","?"],"character_chosen":"IRONCLAD","items_purchased":["Whirlwind","Limit Break","Inflame","Flash of Steel"],"gold_per_floor":[112,112,124,46,121,121,154,154,154,185,195,213,233,233,233,335,335,355,355,270,520,520,520,535,390,390,390,212,240,27,46,46,148,148,161,178,196,196,46,46,0,0,0,0],"floor_reached":45,"campfire_rested":3,"playtime":2085,"current_hp_per_floor":[80,73,79,79,68,68,74,74,74,71,62,56,31,15,39,18,80,65,65,65,65,65,65,49,49,49,49,49,24,24,25,49,49,80,61,48,42,42,42,66,66,66,66,56],"items_purged":["Regret","Decay","Strike_R","Strike_R"],"gold":0,"score":497,"play_id":"e80030bf-5c85-47c4-a61c-2c59ced01ad7","local_time":"20180305120243","is_prod":false,"is_daily":false,"is_ascension_mode":true,"campfire_upgraded":4,"timestamp":1520262163,"path_taken":["M","?","M","$","?","R","E","R","T","E","?","M","?","?","R","BOSS","M","?","?","?","?","R","?","$","T","?","?","E","$","M","R","BOSS","M","M","M","?","$","R","?","R","T","?","M"],"build_version":"2018-03-01-PROD1","purchased_purges":4,"victory":false,"master_deck":["Defend_R","Defend_R","Defend_R+1","Bash+1","Whirlwind+1","Flex+1","Dual Wield+1","Double Tap+1","Cleave+1","Feel No Pain+1","Pummel+1","Dropkick","Limit Break","Inflame+1","Flash of Steel","Madness+1","Madness+1"],"max_hp_per_floor":[80,80,80,80,80,80,80,80,80,80,80,80,80,80,80,80,80,80,80,80,80,80,80,80,80,80,80,80,80,80,80,80,80,80,80,80,80,80,80,80,80,80,80,80],"relics":["Burning Blood","NeowsBlessing","Frozen Egg 2","Ginger","Pantograph","Odd Mushroom","Astrolabe","Mummified Hand","Champion Belt","Toxic Egg 2","Vajra","Runic Cube","Red Mask","Torii"],"card_choices":[{"not_picked":["Uppercut","Corruption"],"picked":"Flex"},{"not_picked":["Rupture","Disarm"],"picked":"Dual Wield"},{"not_picked":["Exhume","Impervious"],"picked":"Double Tap"}],"player_experience":426900,"potions_floor_usage":[10,12,16,18,24,31,33,36],"damage_taken":[{"damage":0,"enemies":"Jaw Worm","floor":1,"turns":1},{"damage":0,"enemies":"2 Louse","floor":3,"turns":1},{"damage":0,"enemies":"Lagavulin","floor":7,"turns":1},{"damage":9,"enemies":"3 Sentries","floor":10,"turns":4},{"damage":15,"enemies":"Small Slimes","floor":11,"turns":3},{"damage":12,"enemies":"Exordium Wildlife","floor":12,"turns":5},{"damage":31,"enemies":"The Mushroom Lair","floor":13,"turns":3},{"damage":52,"enemies":"The Guardian","floor":16,"turns":13},{"damage":21,"enemies":"Spheric Guardian","floor":18,"turns":4},{"damage":22,"enemies":"2 Thieves","floor":24,"turns":3},{"damage":31,"enemies":"Gremlin Leader","floor":29,"turns":6},{"damage":5,"enemies":"3 Cultists","floor":31,"turns":3},{"damage":31,"enemies":"Collector","floor":33,"turns":7},{"damage":25,"enemies":"3 Darklings","floor":35,"turns":4},{"damage":19,"enemies":"3 Shapes","floor":36,"turns":3},{"damage":12,"enemies":"Sphere and 2 Shapes","floor":37,"turns":4},{"damage":62,"enemies":"4 Shapes","floor":45,"turns":8}],"event_choices":[{"event_name":"Golden Wing","player_choice":"Card Removal","floor":2,"damage_taken":0},{"event_name":"World of Goop","player_choice":"Gather Gold","floor":5,"damage_taken":0},{"event_name":"Mushrooms","player_choice":"Fought Mushrooms","floor":13,"damage_taken":0},{"event_name":"Shining Light","player_choice":"Entered Light","floor":14,"damage_taken":0},{"event_name":"Match and Keep!","player_choice":"1 cards matched","floor":19,"damage_taken":0},{"event_name":"Addict","player_choice":"Obtained Relic","floor":20,"damage_taken":0},{"event_name":"Golden Shrine","player_choice":"Desecrate","floor":21,"damage_taken":0},{"event_name":"Forgotten Altar","player_choice":"Smashed Altar","floor":27,"damage_taken":0},{"event_name":"Mysterious Sphere","player_choice":"Ignore","floor":38,"damage_taken":0},{"event_name":"Tomb of Lord Red Mask","player_choice":"Paid","floor":41,"damage_taken":0},{"event_name":"Winding Halls","player_choice":"Embrace Madness","floor":44,"damage_taken":0}],"boss_relics":[{"not_picked":["Velvet Choker","Eternal Feather"],"picked":"Astrolabe"},{"not_picked":["Pandora\u0027s Box","Orrery"],"picked":"Runic Cube"}],"potions_floor_spawned":[1,11,13,16,18,24,31,35],"seed_played":"-2381042142602890066","killed_by":"4 Shapes","ascension_level":3,"is_trial":false}