{"gold_per_floor":[113,38,51,226,226,226,240,251,331,76,94,109,139,169,169,169],"floor_reached":16,"playtime":426,"items_purged":["Defend_R","Doubt"],"score":133,"play_id":"6370a95e-8c68-4018-b405-e2da636500e9","local_time":"20181108181337","is_ascension_mode":true,"campfire_choices":[{"data":"Rampage","floor":6,"key":"SMITH"},{"floor":15,"key":"REST"}],"neow_cost":"NONE","seed_source_timestamp":38253802233492,"circlet_count":0,"master_deck":["Strike_R","Strike_R","Strike_R","Strike_R","Strike_R","Defend_R","Defend_R","Defend_R","Bash","Offering","Rampage+1","Dropkick","Limit Break","Inflame","Thunderclap","Heavy Blade"],"relics":["Burning Blood","Lantern","Matryoshka","Tiny Chest","Odd Mushroom"],"potions_floor_usage":[14,14],"damage_taken":[{"damage":7,"enemies":"Cultist","floor":1,"turns":3},{"damage":10,"enemies":"Small Slimes","floor":3,"turns":3},{"damage":10,"enemies":"Jaw Worm","floor":7,"turns":3},{"damage":20,"enemies":"Red Slaver","floor":8,"turns":3},{"damage":15,"enemies":"2 Fungi Beasts","floor":11,"turns":2},{"damage":0,"enemies":"3 Louse","floor":12,"turns":2},{"damage":24,"enemies":"The Mushroom Lair","floor":14,"turns":3},{"damage":36,"enemies":"The Guardian","floor":16,"turns":5}],"seed_played":"1735329063297161765","potions_obtained":[{"floor":1,"key":"Regen Potion"},{"floor":3,"key":"SpeedPotion"},{"floor":8,"key":"Ancient Potion"},{"floor":11,"key":"SkillPotion"}],"is_trial":false,"path_per_floor":["M","$","M","?","T","R","M","M","T","$","M","M","?","?","R","B"],"character_chosen":"IRONCLAD","items_purchased":["Limit Break","Inflame"],"campfire_rested":1,"item_purchase_floors":[10,10],"current_hp_per_floor":[71,71,67,67,67,67,63,49,49,49,40,46,28,19,43,7],"gold":169,"neow_bonus":"ONE_RANDOM_RARE_CARD","is_prod":false,"is_daily":false,"chose_seed":false,"campfire_upgraded":1,"win_rate":0,"timestamp":1541708017,"path_taken":["M","?","M","?","?","R","M","M","T","$","M","?","?","?","R","BOSS"],"build_version":"2018-11-07","purchased_purges":2,"victory":false,"max_hp_per_floor":[80,80,80,80,80,80,80,80,80,80,80,80,80,80,80,80],"card_choices":[{"not_picked":["Bloodletting","Body Slam"],"picked":"Rampage","floor":1},{"not_picked":["Twin Strike","Bloodletting","Hemokinesis"],"picked":"SKIP","floor":3},{"not_picked":["Intimidate","True Grit","Hemokinesis"],"picked":"SKIP","floor":7},{"not_picked":["Pommel Strike","Body Slam"],"picked":"Dropkick","floor":8},{"not_picked":["Flex","Intimidate"],"picked":"Thunderclap","floor":11},{"not_picked":["Thunderclap","Twin Strike"],"picked":"Heavy Blade","floor":12}],"player_experience":871676,"relics_obtained":[{"floor":5,"key":"Lantern"},{"floor":9,"key":"Matryoshka"},{"floor":14,"key":"Odd Mushroom"}],"event_choices":[{"damage_healed":0,"gold_gain":175,"player_choice":"AGREE","damage_taken":0,"max_hp_gain":0,"max_hp_loss":0,"event_name":"Liars Game","floor":4,"gold_loss":0,"cards_obtained":["Doubt"]},{"damage_healed":0,"gold_gain":0,"player_choice":"Success","damage_taken":18,"relics_obtained":["Tiny Chest"],"max_hp_gain":0,"max_hp_loss":0,"event_name":"Scrap Ooze","floor":13,"gold_loss":0},{"damage_healed":0,"gold_gain":0,"player_choice":"Fought Mushrooms","damage_taken":0,"max_hp_gain":0,"max_hp_loss":0,"event_name":"Mushrooms","floor":14,"gold_loss":0}],"is_beta":true,"boss_relics":[],"items_purged_floors":[2,10],"is_endless":false,"potions_floor_spawned":[1,3,8,11,12],"killed_by":"The Guardian","ascension_level":9}