{"path_per_floor":["M","T","$","?","$","E","R","M","T","R","?","$","T","T","R","B",null,"M","?","?","?","?","R","M","E","T","?","R","M","R","E","R","B",null,"M","$","?","?","T","R","E","M","T","R","E","M","?","M","R"],"character_chosen":"THE_SILENT","items_purchased":["Flying Knee","Kunai"],"gold_per_floor":[114,114,16,16,16,45,45,56,111,111,111,11,11,11,11,107,107,117,117,117,117,42,42,54,89,89,89,89,104,104,135,135,236,236,246,1,1,0,24,24,49,61,86,86,116,128,128,145,145],"floor_reached":50,"campfire_rested":8,"playtime":2827,"current_hp_per_floor":[54,54,54,54,54,11,47,44,44,44,44,44,44,44,70,53,66,63,47,34,34,34,71,71,38,38,38,75,75,75,62,75,48,68,66,66,57,57,57,75,8,18,18,55,34,29,29,35,72],"items_purged":["Strike_G","Regret"],"gold":145,"score":645,"play_id":"6707a256-4bdb-4dd4-b598-2cc552518d24","is_prod":false,"is_daily":false,"is_ascension_mode":true,"campfire_upgraded":2,"path_taken":["M","?","$","?","$","E","R","M","T","R","?","$","?","?","R","BOSS","M","?","?","?","?","R","M","E","T","?","R","M","R","E","R","BOSS","M","$","?","?","?","R","E","M","T","R","E","M","?","M","R","BOSS"],"build_version":"2018-02-22-PROD2","purchased_purges":2,"victory":false,"master_deck":["Defend_G","Defend_G","Defend_G","Defend_G","Defend_G","Strike_G","Strike_G+1","Strike_G+1","Survivor","Neutralize+1","Terror","Flying Knee","Blur","Cloak And Dagger","A Thousand Cuts+1","Cloak And Dagger+1","Dagger Spray","Burst","PiercingWail+1","Distraction","Blade Dance+1","Madness","Madness","Cloak And Dagger+1","Accuracy+1","Caltrops+1"],"max_hp_per_floor":[70,70,70,70,70,70,70,70,70,70,70,70,70,70,70,70,70,70,70,75,75,75,75,75,75,75,75,75,75,75,75,75,75,75,75,75,75,75,75,75,75,75,75,75,75,75,75,75,75],"relics":["Ring of the Snake","Whetstone","Matryoshka","Regal Pillow","Orichalcum","Tiny Chest","Ancient Tea Set","Torii","Juzu Bracelet","Sozu","Enchiridion","Dodecahedron","Calipers","Mercury Hourglass","Bird Faced Urn","Orrery","Kunai","Red Mask","Vajra","Bag of Marbles","Art of War","Omamori"],"card_choices":[{"not_picked":["Cloak And Dagger","Backflip"],"picked":"Terror"},{"not_picked":["Deadly Poison","Acrobatics"],"picked":"Blur"},{"not_picked":["Dodge and Roll","Deflect"],"picked":"Cloak And Dagger"},{"not_picked":["After Image","Envenom"],"picked":"A Thousand Cuts"},{"not_picked":["Slice","Deadly Poison"],"picked":"Cloak And Dagger"},{"not_picked":["Choke","Well Laid Plans"],"picked":"Dagger Spray"},{"not_picked":["Venomology","Glass Knife"],"picked":"Burst"},{"not_picked":["Deflect","Deadly Poison"],"picked":"PiercingWail"},{"not_picked":["Acrobatics","All Out Attack"],"picked":"Distraction"},{"not_picked":["Sucker Punch","Infinite Blades"],"picked":"Blade Dance"},{"not_picked":["Acrobatics","Concentrate"],"picked":"Cloak And Dagger"},{"not_picked":["Backflip","Tools of the Trade"],"picked":"Accuracy"},{"not_picked":["Crippling Poison","Skewer"],"picked":"Caltrops"}],"player_experience":264893,"potions_floor_usage":[42,42],"damage_taken":[{"damage":9,"enemies":"Cultist","floor":1,"turns":6},{"damage":43,"enemies":"3 Sentries","floor":6,"turns":12},{"damage":3,"enemies":"Jaw Worm","floor":8,"turns":5},{"damage":17,"enemies":"The Guardian","floor":16,"turns":14},{"damage":3,"enemies":"3 Byrds","floor":18,"turns":5},{"damage":0,"enemies":"Shell Parasite","floor":24,"turns":4},{"damage":33,"enemies":"Slavers","floor":25,"turns":7},{"damage":0,"enemies":"3 Cultists","floor":29,"turns":4},{"damage":13,"enemies":"Gremlin Leader","floor":31,"turns":6},{"damage":27,"enemies":"Collector","floor":33,"turns":9},{"damage":6,"enemies":"Orb Walker","floor":35,"turns":4},{"damage":69,"enemies":"Nemesis","floor":41,"turns":7},{"damage":0,"enemies":"3 Darklings","floor":42,"turns":3},{"damage":25,"enemies":"2 Orb Walkers","floor":45,"turns":3},{"damage":11,"enemies":"Maw","floor":46,"turns":7},{"damage":0,"enemies":"Sphere and 2 Shapes","floor":48,"turns":4},{"damage":93,"enemies":"Donu and Deca","floor":50,"turns":6}],"event_choices":[{"event_name":"Big Fish","player_choice":"Box","floor":4,"damage_taken":0},{"event_name":"Liars Game","player_choice":"disagreed","floor":11,"damage_taken":0},{"event_name":"Cursed Tome","player_choice":"Obtained Book","floor":19,"damage_taken":0},{"event_name":"Forgotten Altar","player_choice":"Shed Blood","floor":20,"damage_taken":0},{"event_name":"Drug Dealer","player_choice":"Ignored","floor":21,"damage_taken":0},{"event_name":"Beggar","player_choice":"Gave Gold","floor":22,"damage_taken":0},{"event_name":"The Mausoleum","player_choice":"Yes","floor":27,"damage_taken":0},{"event_name":"Winding Halls","player_choice":"Embrace Madness","floor":37,"damage_taken":0},{"event_name":"Tomb of Lord Red Mask","player_choice":"Paid","floor":38,"damage_taken":0},{"event_name":"Mysterious Sphere","player_choice":"Ignore","floor":47,"damage_taken":0}],"boss_relics":[{"not_picked":["White Beast Statue","Snecko Eye"],"picked":"Sozu"},{"not_picked":["Tiny House","Pandora\u0027s Box"],"picked":"Orrery"}],"potions_floor_spawned":[1,16,25,31,35,42,46,48],"seed_played":"-5371689222161180133","killed_by":"Donu and Deca","ascension_level":7,"is_trial":false}