{"path_per_floor":["M","?","?","$","M","E","?","M","T","R","M","$","?","?","R","B",null,"M","?","$","?","M","R","M"],"character_chosen":"IRONCLAD","items_purchased":["Lantern","Tiny Chest"],"gold_per_floor":[113,113,213,138,148,181,181,195,240,240,260,9,84,84,84,188,188,203,203,36,36,51,51,64],"floor_reached":25,"campfire_rested":1,"playtime":1170,"current_hp_per_floor":[80,80,80,80,68,40,40,42,42,42,41,41,30,30,69,29,80,68,68,68,68,52,52,40],"items_purged":["Strike_R","Defend_R","Strike_R"],"gold":64,"score":199,"play_id":"830de755-b4c1-47a7-8167-1ba398dce80d","is_prod":false,"is_daily":false,"is_ascension_mode":false,"campfire_upgraded":2,"path_taken":["M","?","?","$","M","E","?","?","T","R","M","?","?","?","R","BOSS","M","?","$","?","M","R","M","M"],"build_version":"2018-02-15-PROD1","purchased_purges":3,"victory":false,"master_deck":["Strike_R","Defend_R","Defend_R","Defend_R","Bash","Body Slam+1","Flex","Shockwave","Offering","Armaments+1","Reaper","Twin Strike+1","Flex+1","Armaments+1"],"max_hp_per_floor":[80,80,80,80,80,80,80,80,80,80,80,80,80,80,80,80,80,80,80,80,80,80,80,80],"relics":["Burning Blood","Oddly Smooth Stone","Regal Pillow","Lantern","Calling Bell","Blood Vial","Pantograph","Smiling Mask","Tiny Chest"],"card_choices":[{"not_picked":["Iron Wave","Perfected Strike"],"picked":"Cleave"},{"not_picked":["Clash","True Grit"],"picked":"Body Slam"},{"not_picked":["Seeing Red","Fiend Fire"],"picked":"Flex"},{"not_picked":["Body Slam","Thunderclap"],"picked":"Armaments"},{"not_picked":["Double Tap","Bludgeon"],"picked":"Reaper"},{"not_picked":["Fire Breathing","Anger"],"picked":"Twin Strike"},{"not_picked":["Warcry","Twin Strike"],"picked":"Flex"},{"not_picked":["Flex","Seeing Red"],"picked":"Armaments"}],"player_experience":40767,"potions_floor_usage":[18,22,22,25],"damage_taken":[{"damage":6,"enemies":"Jaw Worm","floor":1,"turns":3},{"damage":18,"enemies":"Cultist","floor":5,"turns":5},{"damage":34,"enemies":"Gremlin Nob","floor":6,"turns":5},{"damage":4,"enemies":"Small Slimes","floor":8,"turns":5},{"damage":7,"enemies":"Gremlin Gang","floor":11,"turns":5},{"damage":46,"enemies":"The Guardian","floor":16,"turns":11},{"damage":24,"enemies":"Chosen","floor":18,"turns":7},{"damage":24,"enemies":"Spheric Guardian","floor":22,"turns":5},{"damage":26,"enemies":"Snecko","floor":24,"turns":6},{"damage":52,"enemies":"Chosen and Byrds","floor":25,"turns":8}],"event_choices":[{"event_name":"Bonfire Elementals","player_choice":"COMMON","floor":2,"damage_taken":0},{"event_name":"Golden Shrine","player_choice":"Pray","floor":3,"damage_taken":0},{"event_name":"Match and Keep!","player_choice":"2 cards matched","floor":7,"damage_taken":0},{"event_name":"World of Goop","player_choice":"Gather Gold","floor":13,"damage_taken":0},{"event_name":"Scrap Ooze","player_choice":"unsuccessful","floor":14,"damage_taken":0},{"event_name":"Fountain of Cleansing","player_choice":"Removed Curse","floor":19,"damage_taken":0},{"event_name":"Purifier","player_choice":"One Purge","floor":21,"damage_taken":0}],"boss_relics":[{"not_picked":["Runic Dome","Mark of Pain"],"picked":"Calling Bell"}],"potions_floor_spawned":[6,11,16,22],"seed_played":"2230881869639457778","killed_by":"Chosen and Byrds","ascension_level":0,"is_trial":false}