{"gold_per_floor":[99,99,99,19,19,19,19,19,19,19,19,19,19,19,19,19,19,0,0,0,0,0,0,0,0,0,0,0,0,0,0,0,0,0,0,0,0,0,0,0,0,0],"floor_reached":42,"playtime":2089,"items_purged":[],"score":671,"play_id":"93dd1ccd-81f4-4911-b32f-2f613bdf9d8a","local_time":"20190303125121","is_ascension_mode":true,"campfire_choices":[{"data":"Streamline","floor":6.0,"key":"SMITH"},{"data":"Auto Shields","floor":8.0,"key":"SMITH"},{"data":"Genetic Algorithm","floor":10.0,"key":"SMITH"},{"data":"Sweeping Beam","floor":12.0,"key":"SMITH"},{"data":"Streamline","floor":15.0,"key":"SMITH"},{"floor":23.0,"key":"REST"},{"floor":27.0,"key":"REST"},{"floor":32.0,"key":"RECALL"},{"floor":41,"key":"REST"}],"neow_cost":"NONE","seed_source_timestamp":143186467672134,"circlet_count":0,"master_deck":["Strike_B","Defend_B","Defend_B","Defend_B","Defend_B","Zap","Dualcast","Conserve Battery","Sweeping Beam+1","Streamline+1","Glacier","Auto Shields+1","Genetic Algorithm+1","Rebound","Streamline+1","Rebound","All For One","Hologram","FTL","Gash","Gash","Redo","Meteor Strike","Hologram","Steam Power+1","Seek","Defragment","Glacier+1","Secret Technique","Reinforced Body+1","FTL+1"],"special_seed":0,"relics":["Ectoplasm","Ornamental Fan","Omamori","Happy Flower","Anchor","Fusion Hammer","DataDisk","Regal Pillow","Tiny Chest","Inserter","Ice Cream","Emotion Chip"],"potions_floor_usage":[40,40,40],"damage_taken":[{"damage":0.0,"enemies":"2 Louse","floor":1.0,"turns":2.0},{"damage":1.0,"enemies":"Small Slimes","floor":2.0,"turns":4.0},{"damage":7.0,"enemies":"Jaw Worm","floor":3.0,"turns":4.0},{"damage":0.0,"enemies":"2 Fungi Beasts","floor":5.0,"turns":4.0},{"damage":15.0,"enemies":"3 Sentries","floor":7.0,"turns":8.0},{"damage":11.0,"enemies":"Gremlin Nob","floor":11.0,"turns":5.0},{"damage":8.0,"enemies":"Blue Slaver","floor":13.0,"turns":5.0},{"damage":0.0,"enemies":"3 Sentries","floor":14.0,"turns":6.0},{"damage":0.0,"enemies":"Slime Boss","floor":16.0,"turns":4.0},{"damage":14.0,"enemies":"2 Thieves","floor":18.0,"turns":4.0},{"damage":0.0,"enemies":"Spheric Guardian","floor":20.0,"turns":3.0},{"damage":17.0,"enemies":"3 Cultists","floor":21.0,"turns":5.0},{"damage":0.0,"enemies":"Snake Plant","floor":24.0,"turns":4.0},{"damage":32.0,"enemies":"Book of Stabbing","floor":25.0,"turns":5.0},{"damage":4.0,"enemies":"Cultist and Chosen","floor":28.0,"turns":6.0},{"damage":14.0,"enemies":"Gremlin Leader","floor":30.0,"turns":8.0},{"damage":61.0,"enemies":"Automaton","floor":33.0,"turns":12.0},{"damage":12.0,"enemies":"3 Darklings","floor":35.0,"turns":7.0},{"damage":0.0,"enemies":"3 Shapes","floor":37.0,"turns":3.0},{"damage":19,"enemies":"Mind Bloom Boss Battle","floor":39,"turns":9},{"damage":38,"enemies":"Reptomancer","floor":40,"turns":11},{"damage":45,"enemies":"Nemesis","floor":42,"turns":8}],"seed_played":"8272440625252990844","potions_obtained":[{"floor":1.0,"key":"FearPotion"},{"floor":7.0,"key":"Regen Potion"},{"floor":11.0,"key":"Strength Potion"},{"floor":21.0,"key":"GamblersBrew"},{"floor":24.0,"key":"Poison Potion"},{"floor":25.0,"key":"Regen Potion"},{"floor":30.0,"key":"Fire Potion"},{"floor":33.0,"key":"SkillPotion"}],"is_trial":false,"path_per_floor":["M","M","M","$","M","R","E","R","T","R","E","R","M","E","R","B",null,"M","?","M","M","?","R","M","E","T","R","M","?","E","$","R","B",null,"M","?","M","?","?","E","R","E"],"character_chosen":"DEFECT","items_purchased":["Glacier"],"campfire_rested":3,"item_purchase_floors":[4],"current_hp_per_floor":[75,74,67,67,67,67,52,52,52,52,41,41,45,45,45,45,75,61,61,61,44,44,66,66,34,34,71,67,67,53,53,53,7,75,63,63,63,63,44,6,43,0],"gold":0,"neow_bonus":"BOSS_RELIC","is_prod":false,"is_daily":false,"chose_seed":false,"campfire_upgraded":5,"win_rate":0,"timestamp":1551639081,"path_taken":["M","M","M","$","M","R","E","R","T","R","E","R","M","E","R","BOSS","M","?","M","M","?","R","M","E","T","R","M","?","E","$","R","BOSS","M","?","M","?","?","E","R","E"],"build_version":"2019-01-23","purchased_purges":0,"victory":false,"max_hp_per_floor":[75,75,75,75,75,75,75,75,75,75,75,75,75,75,75,75,75,75,75,75,75,75,75,75,75,75,75,75,75,75,75,75,75,75,75,75,75,75,75,75,75,75],"card_choices":[{"not_picked":["Aggregate","Steam"],"picked":"Conserve Battery","floor":1.0},{"not_picked":["Reprogram","Undo"],"picked":"Sweeping Beam","floor":2.0},{"not_picked":["Stack","Force Field"],"picked":"Streamline","floor":3.0},{"not_picked":["Static Discharge","Undo"],"picked":"Auto Shields","floor":5.0},{"not_picked":["Sunder","Capacitor"],"picked":"Genetic Algorithm","floor":7.0},{"not_picked":["Skim","Scrape"],"picked":"Rebound","floor":11.0},{"not_picked":["Go for the Eyes","Blizzard"],"picked":"Streamline","floor":13.0},{"not_picked":["Reprogram","Fission"],"picked":"Rebound","floor":14.0},{"not_picked":["Hyperbeam","Multi-Cast"],"picked":"All For One","floor":16.0},{"not_picked":["Static Discharge","Compile Driver","Steam"],"picked":"SKIP","floor":18.0},{"not_picked":["Turbo","Ball Lightning"],"picked":"FTL","floor":20.0},{"not_picked":["Streamline","Ball Lightning"],"picked":"Gash","floor":21.0},{"not_picked":["Stack","Cold Snap"],"picked":"Meteor Strike","floor":24.0},{"not_picked":["Capacitor","Defragment","Compile Driver+1"],"picked":"SKIP","floor":25.0},{"not_picked":["Force Field","Defragment+1"],"picked":"Hologram","floor":28.0},{"not_picked":["Stack+1","Conserve Battery"],"picked":"Steam Power+1","floor":30.0},{"not_picked":["Buffer","Fission"],"picked":"Seek","floor":33.0},{"not_picked":["Steam Power+1","Scrape+1"],"picked":"Defragment","floor":35.0},{"not_picked":["Capacitor","Conserve Battery"],"picked":"Glacier+1","floor":37.0},{"not_picked":["Trip","Good Instincts"],"picked":"Secret Technique","floor":38.0},{"not_picked":["Conserve Battery+1","Stack+1"],"picked":"Reinforced Body+1","floor":39},{"not_picked":["Redo+1","Aggregate"],"picked":"FTL+1","floor":40}],"player_experience":280126,"relics_obtained":[{"floor":7.0,"key":"Ornamental Fan"},{"floor":9.0,"key":"Omamori"},{"floor":11.0,"key":"Happy Flower"},{"floor":14.0,"key":"Anchor"},{"floor":25.0,"key":"DataDisk"},{"floor":26.0,"key":"Regal Pillow"},{"floor":30.0,"key":"Tiny Chest"},{"floor":39,"key":"Ice Cream"},{"floor":40,"key":"Emotion Chip"}],"event_choices":[{"damage_healed":0.0,"max_hp_gain":0.0,"max_hp_loss":0.0,"gold_gain":0.0,"event_name":"The Library","player_choice":"Read","floor":19.0,"gold_loss":0.0,"damage_taken":0.0,"cards_obtained":["Hologram"]},{"damage_healed":0.0,"max_hp_gain":0.0,"max_hp_loss":0.0,"gold_gain":0.0,"cards_transformed":["Strike_B","Strike_B"],"event_name":"Drug Dealer","player_choice":"Became Test Subject","floor":22.0,"gold_loss":0.0,"damage_taken":0.0,"cards_obtained":["Gash","Redo"]},{"damage_healed":0.0,"max_hp_gain":0.0,"max_hp_loss":0.0,"gold_gain":0.0,"event_name":"Beggar","player_choice":"Ignored","floor":29.0,"gold_loss":0.0,"damage_taken":0.0},{"cards_removed":["Strike_B"],"damage_healed":0.0,"max_hp_gain":0.0,"max_hp_loss":0.0,"gold_gain":0.0,"event_name":"Falling","player_choice":"Removed Attack","floor":36.0,"gold_loss":0.0,"damage_taken":0.0},{"damage_healed":0.0,"max_hp_gain":0.0,"max_hp_loss":0.0,"gold_gain":0.0,"event_name":"SensoryStone","player_choice":"Memory 1","floor":38.0,"gold_loss":0.0,"damage_taken":0.0},{"damage_healed":0,"gold_gain":0,"player_choice":"Fight","damage_taken":0,"max_hp_gain":0,"max_hp_loss":0,"event_name":"MindBloom","floor":39,"gold_loss":0}],"is_beta":false,"boss_relics":[{"not_picked":["Calling Bell","Empty Cage"],"picked":"Fusion Hammer"},{"not_picked":["Runic Dome","Astrolabe"],"picked":"Inserter"}],"items_purged_floors":[],"is_endless":false,"potions_floor_spawned":[1,7,11,21,24,25,30,33,37],"killed_by":"Nemesis","ascension_level":4}