{"gold_per_floor":[109,121,137,137,161,161,172,172,199,211,239,251,294,231,231,231],"floor_reached":16,"playtime":539,"items_purged":["Strike_R"],"score":145,"play_id":"8d1c42e6-6e42-4095-8864-20ae47925235","local_time":"20180731181838","is_ascension_mode":true,"campfire_choices":[{"data":"Feel No Pain","floor":6.0,"key":"SMITH"},{"floor":8,"key":"REST"},{"data":"Spot Weakness","floor":10,"key":"SMITH"},{"data":"Shrug It Off","floor":12,"key":"SMITH"},{"floor":15,"key":"REST"}],"neow_cost":"","seed_source_timestamp":0,"circlet_count":0,"master_deck":["Strike_R","Strike_R","Strike_R","Strike_R","Defend_R","Defend_R","Defend_R","Defend_R","Bash","Burning Pact","Feel No Pain+1","Spot Weakness+1","Corruption","Twin Strike","Shrug It Off+1","Infernal Blade","Limit Break"],"special_seed":0,"relics":["Burning Blood","Dream Catcher","Regal Pillow","MawBank","Omamori"],"potions_floor_usage":[7,16,16,16],"damage_taken":[{"damage":1.0,"enemies":"Cultist","floor":1.0,"turns":3.0},{"damage":4.0,"enemies":"2 Louse","floor":2.0,"turns":3.0},{"damage":15.0,"enemies":"Jaw Worm","floor":3.0,"turns":4.0},{"damage":6,"enemies":"Exordium Wildlife","floor":7,"turns":2},{"damage":40,"enemies":"Large Slime","floor":11,"turns":7},{"damage":11,"enemies":"3 Sentries","floor":13,"turns":7},{"damage":84,"enemies":"Slime Boss","floor":16,"turns":12}],"seed_played":"-4059806403232929497","potions_obtained":[{"floor":1.0,"key":"LiquidBronze"},{"floor":2.0,"key":"AttackPotion"},{"floor":7,"key":"Weak Potion"},{"floor":13,"key":"Fire Potion"}],"is_trial":false,"path_per_floor":["M","M","M","?","T","R","M","R","T","R","M","R","E","$","R"],"character_chosen":"IRONCLAD","items_purchased":[],"campfire_rested":2,"item_purchase_floors":[],"current_hp_per_floor":[77,79,70,52,52,52,52,80,80,80,46,46,41,41,80,0],"gold":231,"neow_bonus":"","is_prod":false,"is_daily":false,"chose_seed":false,"campfire_upgraded":3,"win_rate":0,"timestamp":1533071918,"path_taken":["M","?","M","?","?","R","M","R","T","R","M","R","E","?","R","BOSS"],"build_version":"2018-07-30","purchased_purges":1,"victory":false,"max_hp_per_floor":[80,80,80,80,80,80,80,80,80,80,80,80,80,80,80,80],"card_choices":[{"not_picked":["Havoc","Sentinel"],"picked":"Burning Pact","floor":1.0},{"not_picked":["Sever Soul","Ghostly Armor"],"picked":"Feel No Pain","floor":2.0},{"not_picked":["Twin Strike","Perfected Strike"],"picked":"Spot Weakness","floor":3.0},{"not_picked":["Cleave","Pommel Strike"],"picked":"Corruption","floor":7},{"not_picked":["Havoc","Clothesline"],"picked":"Twin Strike","floor":8},{"not_picked":["Armaments","Perfected Strike"],"picked":"Shrug It Off","floor":11},{"not_picked":["Rupture","Sword Boomerang"],"picked":"Infernal Blade","floor":13},{"not_picked":["Pummel","Body Slam"],"picked":"Limit Break","floor":15}],"player_experience":854509,"relics_obtained":[{"floor":5.0,"key":"Regal Pillow"},{"floor":9,"key":"MawBank"},{"floor":13,"key":"Omamori"}],"event_choices":[{"event_name":"Scrap Ooze","player_choice":"success","floor":4.0,"damage_taken":18.0}],"is_beta":true,"boss_relics":[],"items_purged_floors":[14],"is_endless":false,"potions_floor_spawned":[1,2,7,13],"killed_by":"Slime Boss","ascension_level":9}