{"path_per_floor":["M","M","?","T","?","R","?","E","T","M","M","R","M","E","R","B",null,"M","?","T","M","$"],"character_chosen":"IRONCLAD","items_purchased":["Shovel"],"gold_per_floor":[109,121,121,148,98,98,198,230,254,266,286,286,298,323,323,425,425,414,414,439,456,72,72],"floor_reached":23,"campfire_rested":1,"playtime":828,"current_hp_per_floor":[73,71,71,71,71,71,71,57,57,57,63,63,68,47,80,34,69,52,36,43,46,46,0],"items_purged":["Defend_R"],"gold":72,"score":259,"play_id":"55ddd4d1-746f-4f23-b9bd-dd33d478c86e","local_time":"20180404220247","is_prod":false,"is_daily":false,"is_ascension_mode":true,"campfire_upgraded":2,"timestamp":1522890167,"path_taken":["M","M","?","?","?","R","?","E","T","?","M","R","M","E","R","BOSS","M","?","?","M","$","E"],"build_version":"2018-03-29v2","purchased_purges":1,"victory":false,"master_deck":["Strike_R+1","Strike_R","Strike_R+1","Strike_R","Defend_R","Defend_R","Bash","Inflame+1","Iron Wave+1","Twin Strike","Twin Strike","Corruption","Exhume","Pummel","Dual Wield","Flame Barrier","Rage+1"],"max_hp_per_floor":[80,80,80,80,80,80,80,80,80,80,80,80,80,80,80,80,80,80,80,87,87,87,87],"relics":["Burning Blood","Orichalcum","Regal Pillow","Whetstone","Dead Branch","Orrery","Nilry\u0027s Codex","Strawberry","Shovel"],"card_choices":[{"not_picked":["Infernal Blade","Perfected Strike"],"picked":"Inflame","floor":2},{"not_picked":["Berserk","Wild Strike"],"picked":"Iron Wave","floor":10},{"not_picked":["True Grit","Bloodletting"],"picked":"Twin Strike","floor":11},{"not_picked":["Reckless Charge","Seeing Red"],"picked":"Twin Strike","floor":13},{"not_picked":["Barricade","Carnage"],"picked":"Corruption","floor":14},{"not_picked":["Juggernaut","Reaper"],"picked":"Exhume","floor":16},{"not_picked":["Power Through","Anger"],"picked":"Pummel","floor":17},{"not_picked":["Infernal Blade","Twin Strike"],"picked":"Dual Wield","floor":17},{"not_picked":["Infernal Blade","Ghostly Armor"],"picked":"Flame Barrier","floor":17},{"not_picked":["Wild Strike","Perfected Strike"],"picked":"Rage","floor":18}],"player_experience":682010,"potions_floor_usage":[11,13,16,18,23],"damage_taken":[{"damage":5,"enemies":"Small Slimes","floor":1,"turns":3},{"damage":8,"enemies":"2 Louse","floor":2,"turns":4},{"damage":20,"enemies":"Gremlin Nob","floor":8,"turns":4},{"damage":6,"enemies":"Jaw Worm","floor":10,"turns":2},{"damage":0,"enemies":"2 Fungi Beasts","floor":11,"turns":2},{"damage":1,"enemies":"Blue Slaver","floor":13,"turns":2},{"damage":27,"enemies":"Lagavulin","floor":14,"turns":5},{"damage":52,"enemies":"Slime Boss","floor":16,"turns":8},{"damage":23,"enemies":"2 Thieves","floor":18,"turns":4},{"damage":3,"enemies":"3 Byrds","floor":21,"turns":3},{"damage":50,"enemies":"Book of Stabbing","floor":23,"turns":5}],"event_choices":[{"event_name":"Living Wall","player_choice":"Forget","floor":3,"damage_taken":0},{"event_name":"The Cleric","player_choice":"Card Removal","floor":5,"damage_taken":0},{"event_name":"Golden Shrine","player_choice":"Pray","floor":7,"damage_taken":0},{"event_name":"Cursed Tome","player_choice":"Obtained Book","floor":19,"damage_taken":0}],"boss_relics":[{"not_picked":["White Beast Statue","Eternal Feather"],"picked":"Orrery"}],"potions_floor_spawned":[2,8,10,13,21],"seed_played":"-6275372990328311642","killed_by":"Book of Stabbing","ascension_level":6,"is_trial":false}