{"path_per_floor":["M","M","$","?","?","R","?","R","T","M","M","M","?","M","R","B",null,"M","$","?","?","?","R"],"character_chosen":"IRONCLAD","items_purchased":[],"gold_per_floor":[114,129,54,54,54,54,54,54,80,95,112,123,123,139,139,242,242,232,132,132,132,47,47],"floor_reached":24,"campfire_rested":0,"playtime":541,"current_hp_per_floor":[66,66,66,66,66,66,66,66,66,67,61,65,70,72,72,32,77,53,53,53,53,53,53],"items_purged":["Defend_R","Normality"],"gold":47,"score":184,"play_id":"710563d2-2dfd-4c71-ab17-8cf1e11599dc","local_time":"20180321223852","is_prod":false,"is_daily":false,"is_ascension_mode":false,"campfire_upgraded":4,"timestamp":1521682732,"path_taken":["M","M","$","?","?","R","?","R","T","M","M","?","?","M","R","BOSS","M","$","?","?","?","R","E"],"build_version":"2018-03-15v3","purchased_purges":2,"victory":false,"master_deck":["Strike_R+1","Strike_R+1","Defend_R+1","Bash+1","Flex+1","Immolate"],"max_hp_per_floor":[72,72,72,72,72,72,72,72,72,72,72,72,77,77,77,77,77,77,77,77,77,77,77],"relics":["Burning Blood","Gremlin Horn","Oddly Smooth Stone","Orrery","Torii"],"card_choices":[{"not_picked":["Burning Pact","Bloodletting"],"picked":"Flex"}],"player_experience":632363,"potions_floor_usage":[16,16,24],"damage_taken":[{"damage":12,"enemies":"Small Slimes","floor":1,"turns":4},{"damage":6,"enemies":"Cultist","floor":2,"turns":3},{"damage":5,"enemies":"2 Louse","floor":10,"turns":2},{"damage":12,"enemies":"2 Fungi Beasts","floor":11,"turns":3},{"damage":2,"enemies":"Exordium Wildlife","floor":12,"turns":4},{"damage":4,"enemies":"3 Louse","floor":14,"turns":3},{"damage":61,"enemies":"The Guardian","floor":16,"turns":11},{"damage":30,"enemies":"2 Thieves","floor":18,"turns":4},{"damage":53,"enemies":"Book of Stabbing","floor":24,"turns":5}],"event_choices":[{"event_name":"Upgrade Shrine","player_choice":"Upgraded","floor":4,"damage_taken":0},{"event_name":"Purifier","player_choice":"One Purge","floor":5,"damage_taken":0},{"event_name":"Accursed Blacksmith","player_choice":"Rummage","floor":7,"damage_taken":0},{"event_name":"Big Fish","player_choice":"Donut","floor":13,"damage_taken":0},{"event_name":"Back to Basics","player_choice":"Elegance","floor":20,"damage_taken":0},{"event_name":"Transmorgrifier","player_choice":"Transform","floor":21,"damage_taken":0},{"event_name":"Addict","player_choice":"Obtained Relic","floor":22,"damage_taken":0}],"boss_relics":[{"not_picked":["Velvet Choker","Tiny House"],"picked":"Orrery"}],"potions_floor_spawned":[2,11,18],"seed_played":"5610105319092358251","killed_by":"Book of Stabbing","ascension_level":0,"is_trial":false}