{"gold_per_floor":[110,110,121,137,149,149,5,22,22,22,51,65,65,81,81,180,180,190,206,216,216,236,236,269,21,21,21,52,71,89,44,44,149,149,160,160,8,25,37,37,37,37,61,61,61,96,47,57,57,57],"floor_reached":51,"playtime":2650,"items_purged":["Strike_G"],"score":886,"play_id":"571b75cb-19e9-4eb3-a95a-eaa35986262b","local_time":"20190306122738","is_ascension_mode":true,"campfire_choices":[{"data":"Skewer","floor":6,"key":"SMITH"},{"floor":10,"key":"REST"},{"data":"Predator","floor":13,"key":"SMITH"},{"data":"Dagger Throw","floor":15,"key":"SMITH"},{"floor":23,"key":"REST"},{"floor":27,"key":"REST"},{"floor":32,"key":"REST"},{"data":"Footwork","floor":40,"key":"SMITH"},{"data":"Well Laid Plans","floor":42,"key":"SMITH"},{"floor":44,"key":"REST"},{"data":"Sucker Punch","floor":49,"key":"SMITH"}],"neow_cost":"NONE","seed_source_timestamp":222169857883434,"circlet_count":0,"master_deck":["Defend_G","Defend_G","Defend_G","Defend_G","Defend_G","Strike_G","Strike_G","Survivor","Neutralize+1","Dagger Throw+1","Skewer+1","Predator+1","Sucker Punch+1","Well Laid Plans+1","Underhanded Strike","Terror+1","Terror+1","Phantasmal Killer+1","Reflex+1","Cloak And Dagger+1","Calculated Gamble+1","Deflect+1","Heel Hook","Acrobatics+1","Adrenaline+1","Footwork+1","Tactician+1","Dash","Underhanded Strike","Blur+1","Pain","Backstab+1","Escape Plan+1"],"relics":["Ring of the Snake","Toxic Egg 2","Mercury Hourglass","Black Star","Strawberry","Centennial Puzzle","Pantograph","PreservedInsect","Bag of Marbles","Letter Opener","Cursed Key","Art of War","Dream Catcher","Orichalcum","Question Card"],"potions_floor_usage":[5,11,12,19,20,29,33,33,48,50,50,50],"damage_taken":[{"damage":0,"enemies":"Jaw Worm","floor":1,"turns":4},{"damage":3,"enemies":"Small Slimes","floor":3,"turns":5},{"damage":0,"enemies":"Cultist","floor":4,"turns":3},{"damage":10,"enemies":"Gremlin Gang","floor":5,"turns":5},{"damage":4,"enemies":"Red Slaver","floor":8,"turns":4},{"damage":12,"enemies":"Gremlin Nob","floor":11,"turns":4},{"damage":0,"enemies":"Lots of Slimes","floor":12,"turns":1},{"damage":6,"enemies":"Exordium Wildlife","floor":14,"turns":4},{"damage":9,"enemies":"The Guardian","floor":16,"turns":8},{"damage":7,"enemies":"2 Thieves","floor":18,"turns":4},{"damage":12,"enemies":"Shell Parasite","floor":19,"turns":3},{"damage":12,"enemies":"Snecko","floor":20,"turns":4},{"damage":12,"enemies":"Chosen and Byrds","floor":22,"turns":3},{"damage":28,"enemies":"Book of Stabbing","floor":24,"turns":5},{"damage":17,"enemies":"Slavers","floor":28,"turns":3},{"damage":2,"enemies":"Centurion and Healer","floor":29,"turns":2},{"damage":3,"enemies":"Sentry and Sphere","floor":30,"turns":3},{"damage":64,"enemies":"Collector","floor":33,"turns":9},{"damage":0,"enemies":"3 Darklings","floor":35,"turns":4},{"damage":1,"enemies":"Orb Walker","floor":38,"turns":2},{"damage":11,"enemies":"Sphere and 2 Shapes","floor":39,"turns":4},{"damage":23,"enemies":"Giant Head","floor":46,"turns":6},{"damage":7,"enemies":"Transient","floor":48,"turns":5},{"damage":44,"enemies":"Time Eater","floor":50,"turns":12}],"seed_played":"6856785192423982831","potions_obtained":[{"floor":3,"key":"Poison Potion"},{"floor":4,"key":"Dexterity Potion"},{"floor":8,"key":"Block Potion"},{"floor":11,"key":"Explosive Potion"},{"floor":14,"key":"Fire Potion"},{"floor":18,"key":"Ancient Potion"},{"floor":19,"key":"SkillPotion"},{"floor":28,"key":"AttackPotion"},{"floor":33,"key":"Ancient Potion"},{"floor":39,"key":"SpeedPotion"},{"floor":46,"key":"Dexterity Potion"},{"floor":48,"key":"Weak Potion"}],"is_trial":false,"path_per_floor":["M","?","M","M","M","R","$","M","T","R","E","M","R","M","R","B",null,"M","M","M","?","M","R","E","$","T","R","E","M","M","$","R","B",null,"M","?","$","M","M","R","$","R","T","R","?","E","$","M","R","B",null],"character_chosen":"THE_SILENT","items_purchased":["Well Laid Plans","Pantograph","Acrobatics+1","Tactician+1","Dash","Underhanded Strike","Block Potion"],"campfire_rested":5,"item_purchase_floors":[7,25,31,37,37,37,47],"current_hp_per_floor":[70,63,60,60,50,50,50,46,46,67,55,55,55,49,49,40,63,56,44,32,32,20,41,20,20,20,43,26,24,21,21,44,5,59,59,59,59,58,47,47,47,47,47,70,70,47,47,40,40,21],"gold":57,"neow_bonus":"UPGRADE_CARD","is_prod":false,"is_daily":false,"chose_seed":false,"campfire_upgraded":6,"win_rate":0,"timestamp":1551896858,"path_taken":["M","?","M","M","M","R","$","M","T","R","E","M","R","M","R","BOSS","M","M","M","?","?","R","E","$","T","R","E","M","?","$","R","BOSS","M","?","$","?","M","R","$","R","T","R","?","E","?","M","R","BOSS"],"build_version":"2019-01-23","purchased_purges":1,"victory":true,"max_hp_per_floor":[70,70,70,70,70,70,70,70,70,70,70,70,70,70,70,70,70,70,70,70,70,70,70,77,77,77,77,77,77,77,77,77,77,77,77,77,77,77,77,77,77,77,77,77,73,73,73,73,73,73],"card_choices":[{"not_picked":["Escape Plan","Deadly Poison"],"picked":"Dagger Throw","floor":1},{"not_picked":["PiercingWail","Distraction"],"picked":"Skewer","floor":3},{"not_picked":["Setup","Bane"],"picked":"Predator","floor":4},{"not_picked":["Slice","Poisoned Stab"],"picked":"Sucker Punch","floor":5},{"not_picked":["Prepared","Poisoned Stab","Bane"],"picked":"SKIP","floor":8},{"not_picked":["Storm of Steel+1","Footwork"],"picked":"Underhanded Strike","floor":11},{"not_picked":["Masterful Stab","Predator"],"picked":"Terror+1","floor":12},{"not_picked":["Blade Dance+1","Caltrops"],"picked":"Terror+1","floor":14},{"not_picked":["Night Terror+1","Storm of Steel+1"],"picked":"Phantasmal Killer+1","floor":16},{"not_picked":["Dagger Spray+1","Underhanded Strike"],"picked":"Reflex+1","floor":18},{"not_picked":["Underhanded Strike+1","Outmaneuver+1"],"picked":"Cloak And Dagger+1","floor":19},{"not_picked":["Finisher","Cloak And Dagger+1"],"picked":"Calculated Gamble+1","floor":20},{"not_picked":["Quick Slash","Bane","Slice"],"picked":"SKIP","floor":22},{"not_picked":["Venomology+1","Cloak And Dagger+1"],"picked":"Dodge and Roll+1","floor":24},{"not_picked":["Flying Knee","Distraction+1"],"picked":"Deflect+1","floor":28},{"not_picked":["Cloak And Dagger+1","PiercingWail+1","Flying Knee"],"picked":"SKIP","floor":29},{"not_picked":["Outmaneuver+1","Calculated Gamble+1"],"picked":"Heel Hook","floor":30},{"not_picked":["Night Terror+1","Venomology+1"],"picked":"Adrenaline+1","floor":33},{"not_picked":["Dagger Spray","Slice"],"picked":"Footwork","floor":35},{"not_picked":["Reflex+1","Quick Slash+1"],"picked":"Blur+1","floor":38},{"not_picked":["Dodge and Roll+1","Backflip+1","Acrobatics+1"],"picked":"SKIP","floor":39},{"not_picked":["Outmaneuver+1","Infinite Blades"],"picked":"Backstab+1","floor":44},{"not_picked":["Reflex+1","Poisoned Stab"],"picked":"Escape Plan+1","floor":46},{"not_picked":["Flechettes","Riddle With Holes+1","Well Laid Plans+1","Dagger Spray+1"],"picked":"SKIP","floor":48}],"player_experience":317653,"relics_obtained":[{"floor":9,"key":"Toxic Egg 2"},{"floor":11,"key":"Mercury Hourglass"},{"floor":24,"key":"Strawberry"},{"floor":24,"key":"Centennial Puzzle"},{"floor":26,"key":"PreservedInsect"},{"floor":28,"key":"Bag of Marbles"},{"floor":28,"key":"Letter Opener"},{"floor":43,"key":"Dream Catcher"},{"floor":46,"key":"Orichalcum"},{"floor":46,"key":"Question Card"}],"event_choices":[{"cards_removed":["Strike_G"],"damage_healed":0,"gold_gain":0,"player_choice":"Card Removal","damage_taken":7,"max_hp_gain":0,"max_hp_loss":0,"event_name":"Golden Wing","floor":2,"gold_loss":0},{"cards_removed":["Strike_G"],"damage_healed":0,"gold_gain":0,"player_choice":"Purged","damage_taken":0,"max_hp_gain":0,"max_hp_loss":0,"event_name":"Purifier","floor":21,"gold_loss":0},{"cards_removed":["Dodge and Roll"],"damage_healed":0,"gold_gain":0,"player_choice":"Gave Card","damage_taken":0,"relics_obtained":["Art of War"],"max_hp_gain":0,"max_hp_loss":0,"event_name":"WeMeetAgain","floor":36,"gold_loss":0},{"damage_healed":0,"gold_gain":0,"player_choice":"Max HP","damage_taken":0,"max_hp_gain":0,"max_hp_loss":4,"event_name":"Winding Halls","floor":45,"gold_loss":0}],"is_beta":false,"boss_relics":[{"not_picked":["Snecko Eye","Ring of the Serpent"],"picked":"Black Star"},{"not_picked":["HoveringKite","Lizard Tail"],"picked":"Cursed Key"}],"items_purged_floors":[7],"is_endless":false,"potions_floor_spawned":[3,4,8,11,14,18,19,28,33,39,46,48],"ascension_level":5}