{"gold_per_floor":[115,40,40,40,60,60,86,41,41,41,58,58,90,104,104,104],"floor_reached":16,"playtime":513,"items_purged":["Strike_R"],"score":113,"play_id":"66c67e1b-e163-45c8-ae82-574db0c160b1","local_time":"20190212112557","is_ascension_mode":true,"campfire_choices":[{"data":"True Grit","floor":6,"key":"SMITH"},{"floor":10,"key":"REST"},{"data":"Pommel Strike","floor":12,"key":"SMITH"},{"data":"Whirlwind","floor":15,"key":"SMITH"}],"neow_cost":"NONE","seed_source_timestamp":124104998610514,"circlet_count":0,"master_deck":["Strike_R+1","Strike_R","Strike_R","Defend_R","Defend_R","Defend_R+1","Defend_R","Bash+1","True Grit+1","Cleave","Pommel Strike+1","Iron Wave","Uppercut","Whirlwind+1"],"relics":["Burning Blood","Oddly Smooth Stone","Dream Catcher","Mango"],"potions_floor_usage":[16,16],"damage_taken":[{"damage":11,"enemies":"Jaw Worm","floor":1,"turns":2},{"damage":3,"enemies":"Small Slimes","floor":5,"turns":4},{"damage":23,"enemies":"Gremlin Nob","floor":7,"turns":4},{"damage":6,"enemies":"Cultist","floor":11,"turns":3},{"damage":20,"enemies":"Lagavulin","floor":13,"turns":5},{"damage":17,"enemies":"Large Slime","floor":14,"turns":6},{"damage":52,"enemies":"Hexaghost","floor":16,"turns":9}],"seed_played":"-6985574806522590469","potions_obtained":[{"floor":7,"key":"Weak Potion"},{"floor":11,"key":"Swift Potion"},{"floor":13,"key":"SteroidPotion"}],"is_trial":false,"path_per_floor":["M","$","?","?","M","R","E","$","T","R","M","R","E","M","R","B"],"character_chosen":"IRONCLAD","items_purchased":["Iron Wave"],"campfire_rested":1,"item_purchase_floors":[8],"current_hp_per_floor":[75,75,59,52,55,55,38,38,38,62,62,62,62,51,51,0],"gold":104,"neow_bonus":"UPGRADE_CARD","is_prod":false,"is_daily":false,"chose_seed":false,"campfire_upgraded":3,"win_rate":0,"timestamp":1549992357,"path_taken":["M","$","?","?","M","R","E","$","T","R","M","R","E","M","R","BOSS"],"build_version":"2019-01-23","purchased_purges":1,"victory":false,"max_hp_per_floor":[80,80,80,80,80,80,80,80,80,80,80,80,94,94,94,94],"card_choices":[{"not_picked":["Dropkick","Havoc"],"picked":"True Grit","floor":1},{"not_picked":["Infernal Blade","Body Slam"],"picked":"Cleave","floor":5},{"not_picked":["Intimidate","Wild Strike"],"picked":"Pommel Strike","floor":7},{"not_picked":["Pommel Strike","Havoc"],"picked":"Uppercut","floor":11},{"not_picked":["Disarm","Searing Blow"],"picked":"Whirlwind","floor":13},{"not_picked":["Carnage","Armaments","Iron Wave"],"picked":"SKIP","floor":14}],"player_experience":149726,"relics_obtained":[{"floor":7,"key":"Oddly Smooth Stone"},{"floor":9,"key":"Dream Catcher"},{"floor":13,"key":"Mango"}],"event_choices":[{"damage_healed":0,"gold_gain":0,"player_choice":"Entered Light","damage_taken":16,"max_hp_gain":0,"max_hp_loss":0,"event_name":"Shining Light","floor":3,"gold_loss":0,"cards_upgraded":["Defend_R","Strike_R"]},{"cards_removed":["Strike_R"],"damage_healed":0,"gold_gain":0,"player_choice":"Card Removal","damage_taken":7,"max_hp_gain":0,"max_hp_loss":0,"event_name":"Golden Wing","floor":4,"gold_loss":0}],"is_beta":false,"boss_relics":[],"items_purged_floors":[2],"is_endless":false,"potions_floor_spawned":[7,11,13],"killed_by":"Hexaghost","ascension_level":1}