{"path_per_floor":["M","M","?","M","M","R","$","E","T","M","R","M","M","T","R","B",null,"M","M","T","?","M","R","M","R","T","$","M","R","$","M","R"],"character_chosen":"THE_SILENT","items_purchased":["Pen Nib","Kunai"],"gold_per_floor":[114,126,201,221,238,238,14,75,75,86,86,105,120,120,120,217,217,233,246,271,271,288,288,302,302,326,65,78,78,78,93,93],"floor_reached":33,"campfire_rested":6,"playtime":4820,"current_hp_per_floor":[55,51,40,40,26,47,47,28,28,27,47,47,47,47,47,28,57,53,50,50,46,24,37,20,33,33,33,13,26,26,30,43],"items_purged":["Parasite"],"gold":93,"score":403,"play_id":"2789be0e-ee4f-43a4-a227-5b9af6caee41","local_time":"20180301224335","is_prod":false,"is_daily":false,"is_ascension_mode":true,"campfire_upgraded":1,"timestamp":1519955015,"path_taken":["M","M","?","M","M","R","$","E","T","M","R","M","M","?","R","BOSS","M","?","?","?","?","R","M","R","T","?","M","R","?","?","R","BOSS"],"build_version":"2018-03-01-PROD1","purchased_purges":1,"victory":false,"master_deck":["Defend_G+1","Defend_G","Defend_G","Defend_G+1","Defend_G","Survivor","Neutralize","Infinite Blades","Blade Dance","Backstab","PiercingWail","Cloak And Dagger+1","All Out Attack","After Image","Finisher","Bite","Bite","Bite","Bite","Bite","Cloak And Dagger+1"],"max_hp_per_floor":[70,70,70,70,70,70,67,67,67,67,67,67,67,67,67,67,67,67,67,67,46,46,46,46,46,46,46,46,46,46,46,46],"relics":["Ring of the Snake","Bag of Marbles","Pen Nib","Tiny Chest","War Paint","Frozen Eye","Black Star","Bronze Scales","Ancient Tea Set","Kunai"],"card_choices":[{"not_picked":["Deflect","Bane"],"picked":"Infinite Blades"},{"not_picked":["Poisoned Stab","Masterful Stab"],"picked":"Blade Dance"},{"not_picked":["Masterful Stab","Deadly Poison"],"picked":"Backstab"},{"not_picked":["Doppelganger","Masterful Stab"],"picked":"PiercingWail"},{"not_picked":["Bouncing Flask","Escape Plan"],"picked":"Cloak And Dagger"},{"not_picked":["Cloak And Dagger","Poisoned Stab"],"picked":"All Out Attack"},{"not_picked":["Die Die Die","Unload"],"picked":"After Image"},{"not_picked":["Dodge and Roll","Calculated Gamble"],"picked":"Finisher"},{"not_picked":["Slice","Prepared"],"picked":"Cloak And Dagger"}],"player_experience":395067,"potions_floor_usage":[28],"damage_taken":[{"damage":8.0,"enemies":"Jaw Worm","floor":1.0,"turns":5.0},{"damage":4.0,"enemies":"Small Slimes","floor":2.0,"turns":4.0},{"damage":0.0,"enemies":"Cultist","floor":4.0,"turns":4.0},{"damage":14.0,"enemies":"Exordium Thugs","floor":5.0,"turns":5.0},{"damage":19.0,"enemies":"3 Sentries","floor":8.0,"turns":10.0},{"damage":1.0,"enemies":"Blue Slaver","floor":10.0,"turns":3.0},{"damage":0.0,"enemies":"3 Louse","floor":12.0,"turns":3.0},{"damage":0.0,"enemies":"Exordium Thugs","floor":13.0,"turns":3.0},{"damage":19.0,"enemies":"Hexaghost","floor":16.0,"turns":8.0},{"damage":4.0,"enemies":"Chosen","floor":18.0,"turns":3.0},{"damage":3.0,"enemies":"3 Byrds","floor":19.0,"turns":5.0},{"damage":38.0,"enemies":"Slaver and Parasite","floor":22.0,"turns":8.0},{"damage":29,"enemies":"Sentry and Sphere","floor":24,"turns":6},{"damage":28,"enemies":"Snake Plant","floor":28,"turns":5},{"damage":8,"enemies":"3 Cultists","floor":31,"turns":6},{"damage":65,"enemies":"Champ","floor":33,"turns":11}],"event_choices":[{"event_name":"World of Goop","player_choice":"Gather Gold","floor":3.0,"damage_taken":0.0},{"event_name":"Vampires","player_choice":"Became a vampire","floor":21.0,"damage_taken":0.0}],"boss_relics":[],"potions_floor_spawned":[1,5,10,22,31],"seed_played":"-3216176513471043602","killed_by":"Champ","ascension_level":10,"is_trial":false}