{"path_per_floor":["M","M","$","M","M","R","?","$","T","?","R","$","?","E","R","B",null,"M","M","?","$","M","R","?","M","T","?","R","$","R","?","R","B",null,"M","?","?","M","?","E"],"character_chosen":"IRONCLAD","items_purchased":["Armaments","Inflame","Feed"],"gold_per_floor":[211,228,153,166,184,184,214,94,94,269,269,169,169,203,203,308,308,322,339,339,214,234,234,234,246,246,246,246,101,101,101,101,197,197,209,209,209,228,228,256],"floor_reached":41,"campfire_rested":3,"playtime":1746,"current_hp_per_floor":[80,78,78,80,71,71,71,71,71,71,71,71,71,19,43,28,80,50,34,34,34,31,55,55,35,35,35,35,35,35,35,59,44,80,39,39,39,27,27,7],"items_purged":["Strike_R","Doubt","Strike_R"],"gold":256,"score":402,"play_id":"da1dbae7-2ac8-4408-8459-aa27274965c4","is_prod":false,"is_daily":false,"is_ascension_mode":true,"campfire_upgraded":4,"path_taken":["M","M","$","M","M","R","?","$","T","?","R","?","?","E","R","BOSS","M","M","?","$","M","R","?","M","T","?","R","$","R","?","R","BOSS","M","?","?","M","?","E","M"],"build_version":"2018-02-22-PROD2","purchased_purges":4,"victory":false,"master_deck":["Strike_R","Defend_R","Defend_R","Defend_R","Defend_R","Bash","Thunderclap","Flex+1","Sword Boomerang","Armaments+1","Inflame","Demon Form","Double Tap+1","Headbutt","Whirlwind+1","Feed","Offering","Limit Break+1","Clothesline+1","Iron Wave+1","Ghostly Armor+1"],"max_hp_per_floor":[80,80,80,80,80,80,80,80,80,80,80,80,80,80,80,80,80,80,80,80,80,80,80,80,80,80,80,80,80,80,80,80,80,80,83,83,83,83,83,83],"relics":["Burning Blood","Bottled Flame","Juzu Bracelet","Velvet Choker","Red Skull","Eternal Feather","Paper Frog"],"card_choices":[{"not_picked":["Sentinel","Warcry"],"picked":"Thunderclap"},{"not_picked":["Sword Boomerang","Iron Wave"],"picked":"Flex"},{"not_picked":["Evolve","Flex"],"picked":"Sword Boomerang"},{"not_picked":["Infernal Blade","Thunderclap"],"picked":"Double Tap"},{"not_picked":["Wild Strike","Body Slam"],"picked":"Headbutt"},{"not_picked":["Exhume","Bludgeon"],"picked":"Limit Break"},{"not_picked":["Rupture","Anger"],"picked":"Clothesline"},{"not_picked":["Twin Strike","Reckless Charge"],"picked":"Iron Wave"},{"not_picked":["Disarm","Feel No Pain"],"picked":"Ghostly Armor"}],"player_experience":345860,"potions_floor_usage":[16,16,22,35,40],"damage_taken":[{"damage":5,"enemies":"2 Louse","floor":1,"turns":3},{"damage":8,"enemies":"Jaw Worm","floor":2,"turns":4},{"damage":0,"enemies":"Small Slimes","floor":4,"turns":4},{"damage":15,"enemies":"3 Louse","floor":5,"turns":3},{"damage":58,"enemies":"Gremlin Nob","floor":14,"turns":6},{"damage":21,"enemies":"Hexaghost","floor":16,"turns":7},{"damage":36,"enemies":"2 Thieves","floor":18,"turns":4},{"damage":22,"enemies":"Spheric Guardian","floor":19,"turns":4},{"damage":9,"enemies":"Snake Plant","floor":22,"turns":4},{"damage":26,"enemies":"Centurion and Healer","floor":25,"turns":4},{"damage":21,"enemies":"Automaton","floor":33,"turns":6},{"damage":50,"enemies":"3 Shapes","floor":35,"turns":6},{"damage":18,"enemies":"3 Darklings","floor":38,"turns":2},{"damage":26,"enemies":"2 Orb Walkers","floor":40,"turns":2},{"damage":10,"enemies":"4 Shapes","floor":41,"turns":2}],"event_choices":[{"event_name":"Dead Adventurer","player_choice":"Searched \u00271\u0027 times","floor":7,"damage_taken":0},{"event_name":"Liars Game","player_choice":"agreed","floor":10,"damage_taken":0},{"event_name":"Transmorgrifier","player_choice":"Transform","floor":13,"damage_taken":0},{"event_name":"Drug Dealer","player_choice":"Ignored","floor":20,"damage_taken":0},{"event_name":"Vampires","player_choice":"Ignored","floor":24,"damage_taken":0},{"event_name":"The Library","player_choice":"Read","floor":27,"damage_taken":0},{"event_name":"Transmorgrifier","player_choice":"Transform","floor":31,"damage_taken":0},{"event_name":"The Woman in Blue","player_choice":"Bought 0 Potions","floor":36,"damage_taken":0},{"event_name":"Upgrade Shrine","player_choice":"Upgraded","floor":37,"damage_taken":0},{"event_name":"Mysterious Sphere","player_choice":"Ignore","floor":39,"damage_taken":0}],"boss_relics":[{"not_picked":["Pandora\u0027s Box","Calling Bell"],"picked":"Velvet Choker"},{"not_picked":["White Beast Statue","Runic Dome"],"picked":"Eternal Feather"}],"potions_floor_spawned":[2,5,14,33,38],"seed_played":"-2199461471300015665","killed_by":"4 Shapes","ascension_level":2,"is_trial":false}