{"path_per_floor":["M","M","$","?","?","R","M","M","T","R","?","$","M","M","R","B",null,"M","M","$","?","M","R","M","?","T","?","M","$","R","M","R"],"character_chosen":"IRONCLAD","items_purchased":["Evolve","Headbutt","Warcry"],"gold_per_floor":[115,129,21,21,21,21,41,53,77,77,77,2,15,25,25,126,126,143,159,11,11,30,30,47,47,47,47,57,57,57,74,74,74],"floor_reached":33,"campfire_rested":3,"playtime":1202,"current_hp_per_floor":[78,80,80,77,82,82,77,70,70,70,70,70,55,47,47,18,85,71,21,21,21,11,36,24,24,24,24,8,8,33,10,35,0],"items_purged":["Defend_R","Strike_R"],"gold":74,"score":239,"play_id":"5eb88ccb-d69a-47fa-bd70-7a0dc2d01e4e","local_time":"20180417144539","is_prod":false,"is_daily":false,"chose_seed":false,"is_ascension_mode":false,"campfire_upgraded":3,"timestamp":1523987139,"path_taken":["M","M","$","?","?","R","M","M","T","R","?","$","?","M","R","BOSS","M","M","$","?","?","R","M","?","T","?","M","$","R","M","R","BOSS"],"build_version":"2018-04-12","seed_source_timestamp":12643086090581,"purchased_purges":2,"victory":false,"master_deck":["Strike_R","Strike_R","Strike_R","Strike_R","Defend_R","Defend_R","Defend_R","Immolate","Evolve+1","Headbutt","True Grit+1","Flex","Rampage+1","Double Tap+1","Warcry"],"max_hp_per_floor":[80,80,80,80,85,85,85,85,85,85,85,85,85,85,85,85,85,85,85,85,85,85,85,85,85,85,85,85,85,85,85,85,85],"relics":["Burning Blood"],"card_choices":[{"not_picked":["Combust","Hemokinesis"],"picked":"True Grit","floor":7},{"not_picked":["Shrug It Off","Cleave"],"picked":"Flex","floor":8},{"not_picked":["Metallicize","Body Slam"],"picked":"Rampage","floor":13},{"not_picked":["Exhume","Immolate"],"picked":"Double Tap","floor":16}],"player_experience":700802,"potions_floor_usage":[16,18,22,28,31],"damage_taken":[{"damage":8,"enemies":"Small Slimes","floor":1,"turns":4},{"damage":0,"enemies":"2 Louse","floor":2,"turns":1},{"damage":11,"enemies":"Jaw Worm","floor":7,"turns":3},{"damage":13,"enemies":"Red Slaver","floor":8,"turns":4},{"damage":21,"enemies":"Exordium Wildlife","floor":13,"turns":4},{"damage":14,"enemies":"Lots of Slimes","floor":14,"turns":3},{"damage":35,"enemies":"Slime Boss","floor":16,"turns":6},{"damage":20,"enemies":"Chosen","floor":18,"turns":7},{"damage":56,"enemies":"2 Thieves","floor":19,"turns":5},{"damage":16,"enemies":"Centurion and Healer","floor":22,"turns":8},{"damage":18,"enemies":"Sentry and Sphere","floor":24,"turns":4},{"damage":22,"enemies":"Chosen and Byrds","floor":28,"turns":5},{"damage":29,"enemies":"Centurion and Healer","floor":31,"turns":8},{"damage":40,"enemies":"Automaton","floor":33,"turns":4}],"event_choices":[{"event_name":"Scrap Ooze","player_choice":"unsuccessful","floor":4,"damage_taken":3},{"event_name":"Big Fish","player_choice":"Donut","floor":5,"damage_taken":0},{"event_name":"Golden Idol","player_choice":"Ignored","floor":11,"damage_taken":0},{"event_name":"Accursed Blacksmith","player_choice":"Forge","floor":21,"damage_taken":0},{"event_name":"Bonfire Elementals","player_choice":"BASIC","floor":25,"damage_taken":0},{"event_name":"Drug Dealer","player_choice":"Ignored","floor":27,"damage_taken":0}],"boss_relics":[{"not_picked":["Eternal Feather","Lizard Tail","Sozu"]}],"potions_floor_spawned":[1,14,18,19,28],"seed_played":"-6499159511399136375","killed_by":"Automaton","ascension_level":0,"is_trial":false}