{"gold_per_floor":[116,127,139,139,139,166,166,178,178,178,208,228,285,298,298,394,394,404,404,423,423,438,438,457,492,517,517,535,535,564,414,414,519,519,530,541,441,453,172,172,203,203,226,226,239,255,255,62,62,160,160,170,91,91,91,107,107,134,134,134,146,146,159,170,135,135,235,235,249,249,249,261,12,38,38,38,70,70,97,97,107,67,67,169,169,185,236,61,61,81,81,101,134,167,167,183,183,183],"floor_reached":98,"playtime":5157,"items_purged":["Strike_G+1","Reflex","Strike_G+1","Pain","Writhe"],"score":2112,"play_id":"07d80aad-c967-4547-8d7a-6a463f17047d","local_time":"20190305063954","is_ascension_mode":true,"campfire_choices":[{"data":"Predator","floor":7.0,"key":"SMITH"},{"data":"Backflip","floor":10.0,"key":"SMITH"},{"floor":15.0,"key":"REST"},{"data":"Glass Knife","floor":23.0,"key":"SMITH"},{"data":"Crippling Poison","floor":27.0,"key":"SMITH"},{"floor":29.0,"key":"REST"},{"data":"Footwork","floor":32.0,"key":"SMITH"},{"data":"Backflip","floor":40.0,"key":"SMITH"},{"data":"PiercingWail","floor":42.0,"key":"SMITH"},{"data":"Noxious Fumes","floor":44.0,"key":"SMITH"},{"floor":49.0,"key":"REST"},{"data":"Deadly Poison","floor":57.0,"key":"SMITH"},{"data":"Deadly Poison","floor":62.0,"key":"SMITH"},{"data":"Dash","floor":66.0,"key":"SMITH"},{"floor":76.0,"key":"REST"},{"floor":78.0,"key":"REST"},{"floor":83,"key":"REST"},{"data":"Wraith Form v2","floor":91,"key":"SMITH"},{"floor":97,"key":"REST"}],"neow_cost":"","seed_source_timestamp":0,"circlet_count":0,"master_deck":["Defend_G+1","Defend_G+1","Defend_G+1","Defend_G+1","Survivor","Neutralize","Dagger Spray","Dodge and Roll+1","Backstab","Predator+1","Backflip+1","Poisoned Stab","Cloak And Dagger","Dash+1","Glass Knife+1","Crippling Poison+1","Deadly Poison+1","PiercingWail+1","Footwork+1","Well Laid Plans+1","Backflip+1","Envenom","Footwork","Noxious Fumes+1","Burst","Footwork+1","Tools of the Trade+1","Dagger Spray","Deadly Poison+1","Dagger Spray","Corpse Explosion","Calculated Gamble+1","Skewer","Backflip","Noxious Fumes","Wraith Form v2+1","Footwork","Leg Sweep","Dodge and Roll+1","Dodge and Roll+1","Envenom","Well Laid Plans+1","Riddle With Holes"],"special_seed":0,"relics":["Ring of the Snake","Bronze Scales","War Paint","Bottled Lightning","Orichalcum","Regal Pillow","Velvet Choker","Mummified Hand","PreservedInsect","Ornamental Fan","Snecko Eye","Dodecahedron","Anchor","Medical Kit","WarpedTongs","Sundial","Empty Cage","Nilry\u0027s Codex","Art of War","Sozu","Pocketwatch"],"potions_floor_usage":[93,98],"damage_taken":[{"damage":0.0,"enemies":"Cultist","floor":1.0,"turns":4.0},{"damage":0.0,"enemies":"Jaw Worm","floor":2.0,"turns":4.0},{"damage":4.0,"enemies":"2 Louse","floor":3.0,"turns":2.0},{"damage":7.0,"enemies":"Gremlin Nob","floor":6.0,"turns":4.0},{"damage":5.0,"enemies":"Looter","floor":8.0,"turns":2.0},{"damage":12.0,"enemies":"Lagavulin","floor":11.0,"turns":6.0},{"damage":9.0,"enemies":"Gremlin Gang","floor":12.0,"turns":3.0},{"damage":23.0,"enemies":"Lagavulin Event","floor":13.0,"turns":6.0},{"damage":0.0,"enemies":"2 Fungi Beasts","floor":14.0,"turns":3.0},{"damage":16.0,"enemies":"Slime Boss","floor":16.0,"turns":11.0},{"damage":5.0,"enemies":"2 Thieves","floor":18.0,"turns":4.0},{"damage":4.0,"enemies":"Shell Parasite","floor":20.0,"turns":3.0},{"damage":5.0,"enemies":"3 Cultists","floor":22.0,"turns":4.0},{"damage":2.0,"enemies":"Chosen and Byrds","floor":24.0,"turns":5.0},{"damage":22.0,"enemies":"Slavers","floor":25.0,"turns":5.0},{"damage":1.0,"enemies":"Centurion and Healer","floor":28.0,"turns":5.0},{"damage":0.0,"enemies":"Gremlin Leader","floor":30.0,"turns":4.0},{"damage":61.0,"enemies":"Collector","floor":33.0,"turns":15.0},{"damage":0.0,"enemies":"3 Shapes","floor":35.0,"turns":3.0},{"damage":8.0,"enemies":"3 Darklings","floor":36.0,"turns":5.0},{"damage":0.0,"enemies":"Transient","floor":38.0,"turns":5.0},{"damage":10.0,"enemies":"Reptomancer","floor":41.0,"turns":4.0},{"damage":0.0,"enemies":"Writhing Mass","floor":45.0,"turns":5.0},{"damage":11.0,"enemies":"Sphere and 2 Shapes","floor":46.0,"turns":4.0},{"damage":54.0,"enemies":"Donu and Deca","floor":50.0,"turns":12.0},{"damage":0.0,"enemies":"Jaw Worm","floor":52.0,"turns":2.0},{"damage":0.0,"enemies":"2 Louse","floor":56.0,"turns":2.0},{"damage":18.0,"enemies":"Gremlin Nob","floor":58.0,"turns":3.0},{"damage":0.0,"enemies":"Cultist","floor":61.0,"turns":2.0},{"damage":1.0,"enemies":"Looter","floor":63.0,"turns":2.0},{"damage":20.0,"enemies":"Large Slime","floor":64.0,"turns":4.0},{"damage":5.0,"enemies":"Hexaghost","floor":67.0,"turns":8.0},{"damage":5.0,"enemies":"Chosen","floor":69.0,"turns":6.0},{"damage":0.0,"enemies":"3 Byrds","floor":72.0,"turns":2.0},{"damage":13.0,"enemies":"Book of Stabbing","floor":74.0,"turns":5.0},{"damage":21.0,"enemies":"Slavers","floor":77.0,"turns":4.0},{"damage":52,"enemies":"Gremlin Leader","floor":79,"turns":7},{"damage":5,"enemies":"Snecko","floor":81,"turns":5},{"damage":16,"enemies":"Collector","floor":84,"turns":8},{"damage":0,"enemies":"3 Shapes","floor":86,"turns":4},{"damage":3,"enemies":"2 Orb Walkers","floor":87,"turns":3},{"damage":6,"enemies":"3 Darklings","floor":90,"turns":4},{"damage":0,"enemies":"Transient","floor":92,"turns":5},{"damage":29,"enemies":"Giant Head","floor":93,"turns":9},{"damage":14,"enemies":"Nemesis","floor":94,"turns":7},{"damage":6,"enemies":"Spire Growth","floor":96,"turns":6},{"damage":50,"enemies":"Sphere and 2 Shapes","floor":98,"turns":3}],"seed_played":"-298184612506793206","potions_obtained":[{"floor":1.0,"key":"LiquidBronze"},{"floor":2.0,"key":"Explosive Potion"},{"floor":12.0,"key":"Dexterity Potion"},{"floor":14.0,"key":"Ancient Potion"},{"floor":16.0,"key":"SteroidPotion"},{"floor":18.0,"key":"SkillPotion"},{"floor":28.0,"key":"SpeedPotion"},{"floor":33.0,"key":"FearPotion"},{"floor":41.0,"key":"Weak Potion"},{"floor":46.0,"key":"SneckoOil"},{"floor":63.0,"key":"Block Potion"},{"floor":74.0,"key":"SpeedPotion"},{"floor":81,"key":"Swift Potion"},{"floor":84,"key":"AttackPotion"}],"is_trial":true,"path_per_floor":["M","M","M","?","T","E","R","M","T","R","E","M","?","M","R","B",null,"M","?","M","?","M","R","M","E","T","R","M","R","E","$","R","B",null,"M","M","$","M","$","R","E","R","T","R","M","M","?","$","R","B",null,"M","$","?","$","M","R","E","?","T","M","R","M","M","?","R","B",null,"M","?","?","M","$","E","?","R","E","R","E","?","M","$","R","B",null,"M","?","$","?","M","R","M","E","E","?","M","R","M"],"character_chosen":"THE_SILENT","items_purchased":["Fire Potion","Backflip","Noxious Fumes","Regen Potion","Medical Kit","Dagger Spray","Deadly Poison","Skewer","Backflip","Leg Sweep"],"campfire_rested":7,"item_purchase_floors":[31,31,39,39,48,53,53,73,73,82],"current_hp_per_floor":[70,70,66,59,59,52,52,47,47,47,35,26,3,3,39,23,70,65,65,61,70,65,65,63,41,41,41,40,70,70,70,70,9,70,70,62,62,62,62,62,64,64,64,64,64,53,53,53,70,16,70,70,70,56,56,56,56,38,38,38,38,38,37,17,34,34,29,70,65,49,49,49,49,36,36,70,49,70,18,18,13,13,49,33,70,70,67,67,67,61,61,61,32,18,18,12,48,0],"gold":183,"neow_bonus":"","is_prod":false,"is_daily":false,"chose_seed":false,"campfire_upgraded":12,"win_rate":0,"timestamp":1551789594,"path_taken":["M","M","M","?","?","E","R","M","T","R","E","?","?","M","R","BOSS","M","?","M","?","M","R","M","E","T","R","M","R","E","$","R","BOSS","M","M","$","M","$","R","E","R","T","R","M","?","?","$","R","BOSS","M","$","?","$","M","R","E","?","T","M","R","M","?","?","R","BOSS","M","?","?","M","$","E","?","R","E","R","E","?","M","$","R","BOSS","M","?","$","?","?","R","M","E","E","?","M","R","?"],"build_version":"2019-01-23","purchased_purges":5,"victory":false,"max_hp_per_floor":[70,70,70,70,70,70,70,70,70,70,70,70,70,70,70,70,70,70,70,70,70,70,70,70,70,70,70,70,70,70,70,70,70,70,70,70,70,70,70,70,70,70,70,70,70,70,70,70,70,70,70,70,70,70,70,70,70,70,70,70,70,70,70,70,70,70,70,70,70,70,70,70,70,70,70,70,70,70,70,70,70,70,70,70,70,70,70,70,70,70,70,70,70,70,70,70,70,70],"card_choices":[{"not_picked":["Calculated Gamble","Acrobatics"],"picked":"Dagger Spray","floor":1.0},{"not_picked":["Underhanded Strike","Cloak And Dagger"],"picked":"Dodge and Roll","floor":2.0},{"not_picked":["Choke","Flechettes"],"picked":"Backstab","floor":3.0},{"not_picked":["Caltrops","Sucker Punch"],"picked":"Predator","floor":6.0},{"not_picked":["PiercingWail","Leg Sweep"],"picked":"Backflip","floor":8.0},{"not_picked":["Outmaneuver","Accuracy"],"picked":"Poisoned Stab","floor":11.0},{"not_picked":["Prepared","Slice"],"picked":"Cloak And Dagger","floor":12.0},{"not_picked":["Slice","Flying Knee"],"picked":"Backstab","floor":13.0},{"not_picked":["Outmaneuver","Expertise"],"picked":"Dash","floor":14.0},{"not_picked":["Bullet Time","Phantasmal Killer"],"picked":"Glass Knife","floor":16.0},{"not_picked":["Deadly Poison","All Out Attack"],"picked":"Reflex","floor":18.0},{"not_picked":["All Out Attack","Accuracy"],"picked":"Crippling Poison","floor":20.0},{"not_picked":["Flechettes","Dagger Spray"],"picked":"Deadly Poison","floor":22.0},{"not_picked":["Deflect","After Image"],"picked":"PiercingWail","floor":24.0},{"not_picked":["Infinite Blades+1","Acrobatics"],"picked":"Footwork","floor":25.0},{"not_picked":["Bane+1","Finisher"],"picked":"Well Laid Plans","floor":28.0},{"not_picked":["Phantasmal Killer","Predator","Dodge and Roll"],"picked":"SKIP","floor":30.0},{"not_picked":["Venomology","A Thousand Cuts"],"picked":"Envenom","floor":33.0},{"not_picked":["All Out Attack","Slice","Backflip"],"picked":"SKIP","floor":35.0},{"not_picked":["Bane+1","Deflect+1","Blade Dance"],"picked":"SKIP","floor":36.0},{"not_picked":["Backflip+1","Acrobatics+1"],"picked":"Footwork","floor":38.0},{"not_picked":["Backflip+1","Tactician+1","Outmaneuver"],"picked":"SKIP","floor":41.0},{"not_picked":["Flying Knee","Backflip+1"],"picked":"Burst","floor":45.0},{"not_picked":["PiercingWail+1","Poisoned Stab+1","Deadly Poison"],"picked":"SKIP","floor":46.0},{"not_picked":["Night Terror","Grand Finale"],"picked":"Tools of the Trade","floor":50.0},{"not_picked":["Deadly Poison","Well Laid Plans","Dagger Spray"],"picked":"SKIP","floor":52.0},{"not_picked":["Dagger Spray","PiercingWail","Predator"],"picked":"SKIP","floor":56.0},{"not_picked":["Acrobatics","Prepared","Deflect"],"picked":"SKIP","floor":58.0},{"not_picked":["Cloak And Dagger","Acrobatics","Bane"],"picked":"SKIP","floor":61.0},{"not_picked":["Dagger Spray","Tactician","Heel Hook"],"picked":"SKIP","floor":63.0},{"not_picked":["Outmaneuver","Grand Finale"],"picked":"Dagger Spray","floor":64.0},{"not_picked":["Phantasmal Killer","Glass Knife"],"picked":"Corpse Explosion","floor":67.0},{"not_picked":["Leg Sweep","Dagger Spray","Deflect+1"],"picked":"SKIP","floor":69.0},{"not_picked":["Deflect","Crippling Poison+1"],"picked":"Calculated Gamble+1","floor":72.0},{"not_picked":["Dagger Throw+1","Deadly Poison"],"picked":"Noxious Fumes","floor":74.0},{"not_picked":["Blur","Noxious Fumes"],"picked":"Wraith Form v2","floor":77.0},{"not_picked":["Terror","Dodge and Roll","Noxious Fumes"],"picked":"SKIP","floor":79},{"not_picked":["Heel Hook","Setup"],"picked":"Footwork","floor":81},{"not_picked":["Poisoned Stab+1","Quick Slash+1"],"picked":"Dodge and Roll+1","floor":86},{"not_picked":["Underhanded Strike+1","Eviscerate"],"picked":"Dodge and Roll+1","floor":87},{"not_picked":["Deflect","Dash","Dagger Throw+1"],"picked":"SKIP","floor":90},{"not_picked":["Prepared","Escape Plan+1"],"picked":"Well Laid Plans+1","floor":92},{"not_picked":["Backflip+1","Deflect+1","Predator"],"picked":"SKIP","floor":93},{"not_picked":["Blur","Die Die Die","Prepared"],"picked":"SKIP","floor":94},{"not_picked":["Finisher+1","Outmaneuver","Footwork+1"],"picked":"SKIP","floor":96}],"player_experience":304225,"relics_obtained":[{"floor":5.0,"key":"Bronze Scales"},{"floor":6.0,"key":"War Paint"},{"floor":9.0,"key":"Bottled Lightning"},{"floor":11.0,"key":"Orichalcum"},{"floor":13.0,"key":"Regal Pillow"},{"floor":25.0,"key":"Mummified Hand"},{"floor":26.0,"key":"PreservedInsect"},{"floor":30.0,"key":"Ornamental Fan"},{"floor":41.0,"key":"Dodecahedron"},{"floor":43.0,"key":"Anchor"},{"floor":60.0,"key":"Sundial"},{"floor":70.0,"key":"Nilry\u0027s Codex"},{"floor":87,"key":"Pocketwatch"}],"event_choices":[{"cards_removed":["Strike_G"],"damage_healed":0.0,"max_hp_gain":0.0,"max_hp_loss":0.0,"gold_gain":0.0,"event_name":"Golden Wing","player_choice":"Card Removal","floor":4.0,"gold_loss":0.0,"damage_taken":7.0},{"damage_healed":0.0,"max_hp_gain":0.0,"max_hp_loss":0.0,"gold_gain":30.0,"event_name":"Dead Adventurer","player_choice":"Searched \u00273\u0027 times","floor":13.0,"gold_loss":0.0,"damage_taken":0.0},{"damage_healed":0.0,"max_hp_gain":0.0,"max_hp_loss":0.0,"gold_gain":0.0,"event_name":"Back to Basics","player_choice":"Simplicity","floor":19.0,"gold_loss":0.0,"damage_taken":0.0,"cards_upgraded":["Defend_G","Defend_G","Defend_G","Defend_G","Strike_G","Strike_G","Strike_G","Strike_G"]},{"cards_removed":["Backstab"],"damage_healed":9.0,"max_hp_gain":0.0,"max_hp_loss":0.0,"gold_gain":0.0,"event_name":"Bonfire Elementals","player_choice":"Offered Uncommon","floor":21.0,"gold_loss":0.0,"damage_taken":0.0},{"damage_healed":0.0,"max_hp_gain":0.0,"max_hp_loss":0.0,"gold_gain":0.0,"event_name":"Duplicator","player_choice":"Copied","floor":47.0,"gold_loss":0.0,"damage_taken":0.0,"cards_obtained":["Footwork"]},{"damage_healed":0.0,"max_hp_gain":0.0,"max_hp_loss":0.0,"gold_gain":0.0,"event_name":"Shining Light","player_choice":"Entered Light","floor":54.0,"gold_loss":0.0,"damage_taken":14.0,"cards_upgraded":["Well Laid Plans","Tools of the Trade"]},{"damage_healed":0.0,"max_hp_gain":0.0,"max_hp_loss":0.0,"gold_gain":0.0,"event_name":"Accursed Blacksmith","player_choice":"Rummage","floor":59.0,"gold_loss":0.0,"damage_taken":0.0,"relics_obtained":["WarpedTongs"],"cards_obtained":["Pain"]},{"damage_healed":17.0,"max_hp_gain":0.0,"max_hp_loss":0.0,"gold_gain":0.0,"event_name":"The Cleric","player_choice":"Healed","floor":65.0,"gold_loss":35.0,"damage_taken":0.0},{"damage_healed":0.0,"max_hp_gain":0.0,"max_hp_loss":0.0,"gold_gain":0.0,"event_name":"Cursed Tome","player_choice":"Obtained Book","floor":70.0,"gold_loss":0.0,"damage_taken":16.0},{"damage_healed":0.0,"max_hp_gain":0.0,"max_hp_loss":0.0,"gold_gain":0.0,"event_name":"The Mausoleum","player_choice":"Opened","floor":71.0,"gold_loss":0.0,"damage_taken":0.0,"relics_obtained":["Art of War"],"cards_obtained":["Writhe"]},{"damage_healed":0.0,"max_hp_gain":0.0,"max_hp_loss":0.0,"gold_gain":0.0,"event_name":"Vampires","player_choice":"Ignored","floor":75.0,"gold_loss":0.0,"damage_taken":0.0},{"cards_removed":["Defend_G"],"damage_healed":0,"gold_gain":0,"player_choice":"Elegance","damage_taken":0,"max_hp_gain":0,"max_hp_loss":0,"event_name":"Back to Basics","floor":80,"gold_loss":0},{"damage_healed":0,"gold_gain":0,"player_choice":"Fight","damage_taken":0,"max_hp_gain":0,"max_hp_loss":0,"event_name":"Mysterious Sphere","floor":87,"gold_loss":0},{"damage_healed":0,"gold_gain":0,"player_choice":"Copied","damage_taken":0,"max_hp_gain":0,"max_hp_loss":0,"event_name":"Duplicator","floor":89,"gold_loss":0,"cards_obtained":["Envenom"]},{"damage_healed":0,"gold_gain":0,"player_choice":"1 cards matched","damage_taken":0,"max_hp_gain":0,"max_hp_loss":0,"event_name":"Match and Keep!","floor":95,"gold_loss":0,"cards_obtained":["Riddle With Holes"]}],"is_beta":false,"boss_relics":[{"not_picked":["Busted Crown","Eternal Feather"],"picked":"Velvet Choker"},{"not_picked":["WristBlade","Black Star"],"picked":"Snecko Eye"},{"not_picked":["Calling Bell","Runic Pyramid","Pandora\u0027s Box"]},{"not_picked":["Eternal Feather","Runic Pyramid"],"picked":"Empty Cage"},{"not_picked":["Philosopher\u0027s Stone","Fusion Hammer"],"picked":"Sozu"}],"items_purged_floors":[31,37,39,73,88],"is_endless":true,"potions_floor_spawned":[1,2,12,14,16,18,20,28,33,41,46,50,58,61,63,67,74,81,84,92,96],"killed_by":"Sphere and 2 Shapes","ascension_level":1}