{"gold_per_floor":[112,287,287,287,252,252,267,302,328,366,393,405,446,458,470,482],"floor_reached":16,"playtime":1733,"items_purged":[],"score":116,"play_id":"ce06f502-cd90-4f82-b029-51283da971eb","local_time":"20190106200337","is_ascension_mode":false,"campfire_choices":[{"data":"Bash","floor":6,"key":"SMITH"},{"data":"Feel No Pain","floor":12,"key":"SMITH"},{"data":"Burning Pact","floor":15,"key":"SMITH"}],"neow_cost":"TEN_PERCENT_HP_LOSS","seed_source_timestamp":106056465652533,"circlet_count":0,"master_deck":["Strike_R","Strike_R+1","Strike_R","Strike_R","Strike_R+1","Defend_R","Defend_R+1","Defend_R","Defend_R+1","Bash+1","Fiend Fire","Feel No Pain+1","Burning Pact+1","Iron Wave","Shrug It Off+1"],"relics":["Burning Blood","Champion Belt","Whetstone","MawBank","War Paint","Toxic Egg 2","Golden Idol"],"potions_floor_usage":[16,16],"damage_taken":[{"damage":1,"enemies":"2 Louse","floor":1,"turns":4},{"damage":0,"enemies":"Small Slimes","floor":7,"turns":3},{"damage":29,"enemies":"Lagavulin","floor":8,"turns":6},{"damage":18,"enemies":"3 Sentries","floor":10,"turns":11},{"damage":0,"enemies":"Cultist","floor":11,"turns":3},{"damage":13,"enemies":"Lagavulin","floor":13,"turns":5},{"damage":43,"enemies":"Hexaghost","floor":16,"turns":14}],"seed_played":"-2149799666302260934","potions_obtained":[{"floor":7,"key":"LiquidBronze"},{"floor":8,"key":"PowerPotion"},{"floor":10,"key":"Poison Potion"}],"is_trial":false,"path_per_floor":["M","?","?","?","?","R","M","E","T","E","M","R","E","?","R","B"],"character_chosen":"IRONCLAD","items_purchased":[],"campfire_rested":0,"item_purchase_floors":[],"current_hp_per_floor":[72,72,65,65,72,72,72,49,49,37,43,43,36,36,36,0],"gold":482,"neow_bonus":"ONE_RARE_RELIC","is_prod":false,"is_daily":false,"chose_seed":false,"campfire_upgraded":3,"win_rate":0.0,"timestamp":1546823017,"path_taken":["M","?","?","?","?","R","M","E","T","E","M","R","E","?","R","BOSS"],"build_version":"2019-01-03v4","purchased_purges":0,"victory":false,"max_hp_per_floor":[72,72,72,72,72,72,72,72,72,72,72,72,72,67,67,67],"card_choices":[{"not_picked":["Body Slam","Searing Blow"],"picked":"Cleave","floor":1},{"not_picked":["Uppercut","Iron Wave"],"picked":"Feel No Pain","floor":7},{"not_picked":["Pummel","Battle Trance"],"picked":"Burning Pact","floor":8},{"not_picked":["Cleave","Twin Strike","Reckless Charge"],"picked":"SKIP","floor":10},{"not_picked":["Clash","Twin Strike"],"picked":"Iron Wave","floor":11},{"not_picked":["Rupture","Intimidate"],"picked":"Shrug It Off","floor":13}],"player_experience":6304,"relics_obtained":[{"floor":8,"key":"Whetstone"},{"floor":9,"key":"MawBank"},{"floor":10,"key":"War Paint"},{"floor":13,"key":"Toxic Egg 2"}],"event_choices":[{"damage_healed":0,"gold_gain":175,"player_choice":"AGREE","damage_taken":0,"max_hp_gain":0,"max_hp_loss":0,"event_name":"Liars Game","floor":2,"gold_loss":0,"cards_obtained":["Doubt"]},{"cards_removed":["Doubt"],"damage_healed":0,"gold_gain":0,"player_choice":"Card Removal","damage_taken":7,"max_hp_gain":0,"max_hp_loss":0,"event_name":"Golden Wing","floor":3,"gold_loss":0},{"damage_healed":0,"gold_gain":0,"cards_transformed":["Cleave"],"player_choice":"Change","damage_taken":0,"max_hp_gain":0,"max_hp_loss":0,"event_name":"Living Wall","floor":4,"gold_loss":0,"cards_obtained":["Fiend Fire"]},{"damage_healed":18,"gold_gain":0,"player_choice":"Healed","damage_taken":0,"max_hp_gain":0,"max_hp_loss":0,"event_name":"The Cleric","floor":5,"gold_loss":35},{"damage_healed":0,"gold_gain":0,"player_choice":"Lose Max HP","damage_taken":0,"relics_obtained":["Golden Idol"],"max_hp_gain":0,"max_hp_loss":5,"event_name":"Golden Idol","floor":14,"gold_loss":0}],"is_beta":false,"boss_relics":[],"items_purged_floors":[],"is_endless":false,"potions_floor_spawned":[7,8,10],"killed_by":"Hexaghost","ascension_level":0}