{"path_per_floor":["M","M","?","$","?","E","R","M","T","?","?","R","?","T","R","B",null,"M","M","?","$","M","R","M","E","T","R","$","?","M","E","R"],"character_chosen":"THE_SILENT","items_purchased":["Caltrops","Ninja Scroll","Adrenaline","Accuracy"],"gold_per_floor":[110,120,120,52,52,82,82,94,94,94,269,269,269,269,269,370,370,386,403,403,1,18,18,36,69,116,116,49,49,63,95,95],"floor_reached":33,"campfire_rested":2,"playtime":1352,"current_hp_per_floor":[70,70,67,67,67,67,67,67,67,67,67,67,67,67,67,28,70,55,36,36,36,34,55,46,50,50,50,50,50,46,32,53],"items_purged":["Normality"],"gold":95,"score":330,"play_id":"31fae89c-5d05-4072-a4a8-de435706a7af","is_prod":false,"is_daily":false,"is_ascension_mode":false,"campfire_upgraded":4,"path_taken":["M","M","?","$","?","E","R","M","T","?","?","R","?","?","R","BOSS","M","M","?","$","?","R","?","E","T","R","$","?","M","E","R","BOSS"],"build_version":"2018-02-15-PROD1","purchased_purges":2,"victory":false,"master_deck":["Defend_G","Defend_G","Defend_G","Defend_G+1","Defend_G","Strike_G","Strike_G","Strike_G","Strike_G","Survivor+1","Neutralize+1","Caltrops+1","Escape Plan","Caltrops+1","Prepared","Die Die Die","Backstab","Finisher+1","Adrenaline+1","Escape Plan","A Thousand Cuts","Prepared","Accuracy","Blade Dance","Well Laid Plans+1"],"max_hp_per_floor":[70,70,70,70,70,70,70,70,70,70,70,70,70,70,70,70,70,70,70,70,70,70,70,70,70,70,70,70,70,70,70,70],"relics":["Ring of the Snake","NeowsBlessing","Anchor","Lantern","War Paint","Bird Faced Urn","Pen Nib","Philosopher\u0027s Stone","Ninja Scroll","Prayer Wheel","Blood Vial","Spirit Poop","Ginger"],"card_choices":[{"not_picked":["Masterful Stab","Prepared"],"picked":"Caltrops"},{"not_picked":["Acrobatics","Quick Slash"],"picked":"Escape Plan"},{"not_picked":["Bane","Dagger Throw"],"picked":"Prepared"},{"not_picked":["Corpse Explosion","Doppelganger"],"picked":"Die Die Die"},{"not_picked":["Acrobatics","Dodge and Roll"],"picked":"Backstab"},{"not_picked":["Concentrate","Poisoned Stab"],"picked":"Finisher"},{"not_picked":["Dagger Spray","Sucker Punch"],"picked":"Escape Plan"},{"not_picked":["Poisoned Stab","Finisher"],"picked":"A Thousand Cuts"},{"not_picked":["PiercingWail","Dodge and Roll"],"picked":"Prepared"},{"not_picked":["Footwork","Bane"],"picked":"Blade Dance"},{"not_picked":["Night Terror","Malaise"],"picked":"Well Laid Plans"}],"player_experience":128538,"potions_floor_usage":[16,18,25,25,31,31],"damage_taken":[{"damage":0,"enemies":"Jaw Worm","floor":1,"turns":1},{"damage":0,"enemies":"Cultist","floor":2,"turns":1},{"damage":0,"enemies":"Gremlin Nob","floor":6,"turns":1},{"damage":0,"enemies":"2 Louse","floor":8,"turns":2},{"damage":42,"enemies":"Hexaghost","floor":16,"turns":9},{"damage":15,"enemies":"Chosen","floor":18,"turns":6},{"damage":23,"enemies":"2 Thieves","floor":19,"turns":4},{"damage":4,"enemies":"Snake Plant","floor":22,"turns":2},{"damage":13,"enemies":"Centurion and Healer","floor":24,"turns":4},{"damage":0,"enemies":"Slavers","floor":25,"turns":2},{"damage":14,"enemies":"Chosen and Byrds","floor":30,"turns":6},{"damage":24,"enemies":"Book of Stabbing","floor":31,"turns":4},{"damage":66,"enemies":"Collector","floor":33,"turns":6}],"event_choices":[{"event_name":"Scrap Ooze","player_choice":"success","floor":3,"damage_taken":3},{"event_name":"Purifier","player_choice":"One Purge","floor":5,"damage_taken":0},{"event_name":"The Lab","player_choice":"Got Potions","floor":10,"damage_taken":0},{"event_name":"Liars Game","player_choice":"agreed","floor":11,"damage_taken":0},{"event_name":"Accursed Blacksmith","player_choice":"Rummage","floor":13,"damage_taken":0},{"event_name":"Upgrade Shrine","player_choice":"Upgraded","floor":20,"damage_taken":0},{"event_name":"Bonfire Elementals","player_choice":"CURSE","floor":29,"damage_taken":0}],"boss_relics":[{"not_picked":["Astrolabe","White Beast Statue"],"picked":"Philosopher\u0027s Stone"}],"potions_floor_spawned":[1,6,8,19,24,25],"seed_played":"-8816918059256381475","killed_by":"Collector","ascension_level":0,"is_trial":false}