{"gold_per_floor":[119,130,142,156,174,174,204,204],"floor_reached":8,"playtime":925,"items_purged":[],"score":60,"play_id":"a4615147-58d3-463b-b0cd-053618db4906","local_time":"20190312230210","is_ascension_mode":false,"campfire_choices":[{"floor":6,"key":"REST"}],"neow_cost":"NONE","seed_source_timestamp":343969758608700,"circlet_count":0,"master_deck":["Strike_B","Strike_B","Strike_B","Strike_B","Defend_B","Defend_B","Defend_B","Defend_B","Zap","Dualcast","Electrodynamics","Stack","Ball Lightning"],"relics":["Cracked Core","Strawberry","Toxic Egg 2"],"potions_floor_usage":[7,7],"damage_taken":[{"damage":11,"enemies":"Jaw Worm","floor":1,"turns":2},{"damage":2,"enemies":"2 Louse","floor":2,"turns":3},{"damage":8,"enemies":"Small Slimes","floor":3,"turns":2},{"damage":6,"enemies":"3 Louse","floor":4,"turns":2},{"damage":25,"enemies":"Exordium Thugs","floor":5,"turns":3},{"damage":27,"enemies":"Lagavulin","floor":7,"turns":5},{"damage":34,"enemies":"Gremlin Nob","floor":8,"turns":4}],"seed_played":"-3441728348243289110","potions_obtained":[{"floor":1,"key":"Dexterity Potion"},{"floor":3,"key":"FocusPotion"}],"is_trial":false,"path_per_floor":["M","M","M","M","M","R","E","?"],"character_chosen":"DEFECT","items_purchased":[],"campfire_rested":1,"item_purchase_floors":[],"current_hp_per_floor":[64,62,54,48,23,45,25,0],"gold":204,"neow_bonus":"ONE_RANDOM_RARE_CARD","is_prod":false,"is_daily":false,"chose_seed":false,"campfire_upgraded":0,"win_rate":0.0,"timestamp":1552453330,"path_taken":["M","M","M","M","M","R","E","?"],"build_version":"2019-01-23","purchased_purges":0,"victory":false,"max_hp_per_floor":[75,75,75,75,75,75,82,82],"card_choices":[{"not_picked":["Defragment","Consume"],"picked":"Stack","floor":1},{"not_picked":["Compile Driver","Beam Cell","Go for the Eyes"],"picked":"SKIP","floor":2},{"not_picked":["Steam Power","Hologram","Streamline"],"picked":"SKIP","floor":3},{"not_picked":["Beam Cell","Darkness"],"picked":"Ball Lightning","floor":4},{"not_picked":["Turbo","Rebound","Compile Driver"],"picked":"SKIP","floor":5},{"not_picked":["Darkness","Turbo","Steam"],"picked":"SKIP","floor":7}],"player_experience":328397,"relics_obtained":[{"floor":7,"key":"Strawberry"}],"event_choices":[{"damage_healed":0,"gold_gain":0,"player_choice":"Searched \u00273\u0027 times","damage_taken":0,"relics_obtained":["Toxic Egg 2"],"max_hp_gain":0,"max_hp_loss":0,"event_name":"Dead Adventurer","floor":8,"gold_loss":0}],"is_beta":false,"boss_relics":[],"items_purged_floors":[],"is_endless":false,"potions_floor_spawned":[1,3],"killed_by":"Gremlin Nob","ascension_level":0}