{"path_per_floor":["M","?","M","?","$","E","R","$","T","M","M","?","M","M","R","B",null,"M","?","M","$","?","E","T","E","T","M","R","M","E","M","R","B",null,"M","?","$","M","?","R","?","$","T","T","R","M","M","?","R"],"character_chosen":"IRONCLAD","items_purchased":["Flex","Finesse"],"gold_per_floor":[112,112,130,130,55,110,110,84,84,94,108,108,123,140,140,244,244,264,264,276,71,71,102,102,131,131,149,149,161,192,207,207,307,307,321,321,196,213,213,213,213,63,363,414,414,434,444,444,444],"floor_reached":50,"campfire_rested":3,"playtime":2041,"current_hp_per_floor":[74,71,70,63,63,47,47,47,47,47,52,52,51,46,46,28,80,80,80,45,45,29,23,37,26,26,24,52,48,34,20,63,27,94,86,86,86,51,51,51,51,51,51,51,51,58,45,45,88],"items_purged":["Defend_R","Defend_R","Strike_R","Berserk"],"gold":444,"score":500,"play_id":"5b05605b-0918-4425-afa4-406b200f243c","is_prod":false,"is_daily":false,"is_ascension_mode":false,"campfire_upgraded":3,"path_taken":["M","?","M","?","$","E","R","$","T","M","M","?","?","M","R","BOSS","M","?","M","$","?","E","?","E","T","?","R","M","E","M","R","BOSS","M","?","$","?","?","R","?","$","T","?","R","?","M","?","R","BOSS"],"build_version":"2018-02-15-PROD1","purchased_purges":4,"victory":false,"master_deck":["Bash+1","Dropkick+1","Sever Soul+1","Dropkick+1","Flex","Dropkick","Finesse","Fire Breathing+1"],"max_hp_per_floor":[80,80,80,80,80,80,80,80,80,80,80,80,80,80,80,80,80,80,80,80,80,80,80,94,94,94,94,94,94,94,94,94,94,94,94,94,94,94,94,94,94,94,94,94,94,94,94,94,94],"relics":["Astrolabe","Meat on the Bone","Tiny Chest","Prayer Wheel","Sozu","Enchiridion","Girya","Mango","Mummified Hand","Bronze Scales","Regal Pillow","Lizard Tail","Old Coin","Oddly Smooth Stone"],"card_choices":[{"not_picked":["Heavy Blade","Iron Wave"],"picked":"Dropkick"},{"not_picked":["Perfected Strike","Combust"],"picked":"Dropkick"},{"not_picked":["Wild Strike","Reckless Charge"],"picked":"Fire Breathing"}],"player_experience":106297,"potions_floor_usage":[],"damage_taken":[{"damage":6,"enemies":"Jaw Worm","floor":1,"turns":2},{"damage":1,"enemies":"Small Slimes","floor":3,"turns":3},{"damage":28,"enemies":"Gremlin Nob","floor":6,"turns":4},{"damage":0,"enemies":"Cultist","floor":10,"turns":2},{"damage":7,"enemies":"Blue Slaver","floor":11,"turns":2},{"damage":1,"enemies":"Exordium Thugs","floor":13,"turns":3},{"damage":5,"enemies":"Looter","floor":14,"turns":2},{"damage":30,"enemies":"Hexaghost","floor":16,"turns":5},{"damage":0,"enemies":"Chosen","floor":18,"turns":2},{"damage":35,"enemies":"2 Thieves","floor":20,"turns":3},{"damage":18,"enemies":"Gremlin Leader","floor":23,"turns":3},{"damage":23,"enemies":"Book of Stabbing","floor":25,"turns":3},{"damage":14,"enemies":"Snake Plant","floor":27,"turns":2},{"damage":4,"enemies":"Cultist and Chosen","floor":29,"turns":4},{"damage":26,"enemies":"Slavers","floor":30,"turns":3},{"damage":26,"enemies":"Centurion and Healer","floor":31,"turns":3},{"damage":48,"enemies":"Collector","floor":33,"turns":5},{"damage":8,"enemies":"Orb Walker","floor":35,"turns":2},{"damage":35,"enemies":"3 Shapes","floor":38,"turns":3},{"damage":5,"enemies":"Maw","floor":46,"turns":3},{"damage":74,"enemies":"4 Shapes","floor":47,"turns":3},{"damage":101,"enemies":"Donu and Deca","floor":50,"turns":4}],"event_choices":[{"event_name":"Scrap Ooze","player_choice":"success","floor":2,"damage_taken":3},{"event_name":"Golden Wing","player_choice":"Card Removal","floor":4,"damage_taken":0},{"event_name":"Living Wall","player_choice":"Forget","floor":12,"damage_taken":0},{"event_name":"Drug Dealer","player_choice":"Ignored","floor":19,"damage_taken":0},{"event_name":"Cursed Tome","player_choice":"Obtained Book","floor":22,"damage_taken":0},{"event_name":"The Woman in Blue","player_choice":"Bought 0 Potions","floor":36,"damage_taken":0},{"event_name":"Transmorgrifier","player_choice":"Transform","floor":39,"damage_taken":0},{"event_name":"Purifier","player_choice":"One Purge","floor":41,"damage_taken":0},{"event_name":"Mysterious Sphere","player_choice":"Ignore","floor":48,"damage_taken":0}],"boss_relics":[{"not_picked":["Tiny House","Ectoplasm"],"picked":"Sozu"},{"not_picked":["Runic Cube","Philosopher\u0027s Stone"],"picked":"Lizard Tail"}],"potions_floor_spawned":[1,3,10,13,16,23,27,29,33,35,46,47],"seed_played":"5212268632571081905","killed_by":"Donu and Deca","ascension_level":0,"is_trial":false}