{"gold_per_floor":[114,74,89,107,122,151,167,202,202,202,70,83,83,98,98,198,198,214,214,214,0,14,44,44,76,121,139,139,150,150,178,178,273,273,289,301,346,5,5,5,36,51,51,51],"floor_reached":44,"playtime":2886,"items_purged":[],"score":634,"play_id":"a416f376-5a71-4517-a204-2d7dcda4ee6f","local_time":"20190216161249","is_ascension_mode":true,"campfire_choices":[{"floor":10,"key":"RECALL"},{"data":"Armaments","floor":13,"key":"SMITH"},{"data":"Inflame","floor":15,"key":"SMITH"},{"floor":24,"key":"REST"},{"floor":28,"key":"REST"},{"floor":30,"key":"REST"},{"floor":32,"key":"REST"},{"data":"1","floor":40,"key":"LIFT"}],"neow_cost":"NONE","seed_source_timestamp":769832011906564,"circlet_count":0,"master_deck":["Strike_R","Strike_R","Strike_R","Strike_R","Strike_R","Defend_R","Defend_R","Defend_R","Defend_R","Bash","Armaments+1","Metallicize","Thunderclap","Pommel Strike","Clothesline","Anger","Iron Wave","Pommel Strike","Inflame+1","Shrug It Off","Pommel Strike","Ghostly Armor","Demon Form","Shrug It Off","Flame Barrier","RitualDagger","Shrug It Off","Warcry","Evolve","Intimidate+1","Whirlwind+1","Pommel Strike+1","Limit Break","Cleave","Offering","Madness","Madness","Warcry"],"special_seed":0,"relics":["Burning Blood","Mango","Mercury Hourglass","Philosopher\u0027s Stone","Lantern","Smiling Mask","Bottled Lightning","Happy Flower","Kunai","Sozu","Girya","Membership Card","Bag of Preparation","Shuriken","Toxic Egg 2"],"potions_floor_usage":[16,16,23,23],"damage_taken":[{"damage":1.0,"enemies":"Cultist","floor":1.0,"turns":3.0},{"damage":0.0,"enemies":"2 Louse","floor":3.0,"turns":3.0},{"damage":9.0,"enemies":"Small Slimes","floor":4.0,"turns":3.0},{"damage":16.0,"enemies":"2 Fungi Beasts","floor":5.0,"turns":5.0},{"damage":22.0,"enemies":"Gremlin Nob","floor":6.0,"turns":5.0},{"damage":10.0,"enemies":"Large Slime","floor":7.0,"turns":6.0},{"damage":8.0,"enemies":"3 Sentries","floor":8.0,"turns":8.0},{"damage":5,"enemies":"Blue Slaver","floor":12,"turns":3},{"damage":2,"enemies":"2 Fungi Beasts","floor":14,"turns":3},{"damage":16,"enemies":"Hexaghost","floor":16,"turns":9},{"damage":20,"enemies":"2 Thieves","floor":18,"turns":4},{"damage":7,"enemies":"3 Byrds","floor":22,"turns":4},{"damage":58,"enemies":"Slavers","floor":23,"turns":6},{"damage":42,"enemies":"Book of Stabbing","floor":25,"turns":6},{"damage":17,"enemies":"Centurion and Healer","floor":27,"turns":7},{"damage":31,"enemies":"Sentry and Sphere","floor":29,"turns":6},{"damage":18,"enemies":"Slavers","floor":31,"turns":6},{"damage":20,"enemies":"Champ","floor":33,"turns":9},{"damage":29,"enemies":"3 Darklings","floor":35,"turns":5},{"damage":0,"enemies":"Orb Walker","floor":36,"turns":5},{"damage":26,"enemies":"2 Orb Walkers","floor":37,"turns":4},{"damage":36,"enemies":"Giant Head","floor":41,"turns":8},{"damage":10,"enemies":"Maw","floor":42,"turns":6},{"damage":24,"enemies":"Jaw Worm Horde","floor":44,"turns":2}],"seed_played":"4842015889611426582","potions_obtained":[{"floor":6.0,"key":"EssenceOfSteel"},{"floor":7.0,"key":"Ancient Potion"},{"floor":12,"key":"Strength Potion"},{"floor":18,"key":"Block Potion"},{"floor":25,"key":"SpeedPotion"},{"floor":33,"key":"SpeedPotion"}],"is_trial":false,"path_per_floor":["M","$","M","M","M","E","M","E","T","R","$","M","R","M","R","B",null,"M","?","?","$","M","E","R","E","T","M","R","M","R","E","R","B",null,"M","M","?","$","?","R","E","M","T","M"],"character_chosen":"IRONCLAD","items_purchased":["Metallicize","Inflame","Shrug It Off","Lantern","Shrug It Off","Warcry","Offering","Membership Card","Bag of Preparation"],"campfire_rested":4,"item_purchase_floors":[2,11,11,21,21,21,38,38,38],"current_hp_per_floor":[88,88,88,85,75,73,69,67,67,67,67,68,68,72,72,62,102,88,88,82,82,81,29,59,23,23,12,42,17,47,35,65,51,102,79,85,65,65,52,52,22,18,18,0],"gold":51,"neow_bonus":"TEN_PERCENT_HP_BONUS","is_prod":false,"is_daily":false,"chose_seed":false,"campfire_upgraded":2,"win_rate":0,"timestamp":1550351569,"path_taken":["M","$","?","M","?","E","M","E","T","R","$","M","R","M","R","BOSS","M","?","?","$","M","E","R","E","T","M","R","M","R","E","R","BOSS","M","M","?","$","?","R","E","M","T","M"],"build_version":"2019-01-23","purchased_purges":0,"victory":false,"max_hp_per_floor":[88,88,88,88,88,102,102,102,102,102,102,102,102,102,102,102,102,102,102,102,102,102,102,102,102,102,102,102,102,102,102,102,102,102,102,102,102,102,102,102,102,102,102,102],"card_choices":[{"not_picked":["Heavy Blade","Havoc"],"picked":"Armaments","floor":1.0},{"not_picked":["Body Slam","Armaments"],"picked":"Thunderclap","floor":3.0},{"not_picked":["Metallicize","Flame Barrier"],"picked":"Pommel Strike","floor":4.0},{"not_picked":["Bloodletting","Bludgeon"],"picked":"Clothesline","floor":5.0},{"not_picked":["Perfected Strike","Hemokinesis"],"picked":"Anger","floor":6.0},{"not_picked":["Heavy Blade","Clash"],"picked":"Iron Wave","floor":7.0},{"not_picked":["Disarm","Evolve"],"picked":"Pommel Strike","floor":8},{"not_picked":["Twin Strike","Anger"],"picked":"Pommel Strike","floor":12},{"not_picked":["Flex","Sever Soul"],"picked":"Ghostly Armor","floor":14},{"not_picked":["Limit Break","Berserk"],"picked":"Demon Form","floor":16},{"not_picked":["Clash","Flex"],"picked":"Shrug It Off","floor":18},{"not_picked":["Perfected Strike","Iron Wave"],"picked":"Evolve","floor":22},{"not_picked":["Reckless Charge","Iron Wave"],"picked":"Intimidate+1","floor":23},{"not_picked":["Uppercut","Pummel","Sentinel"],"picked":"SKIP","floor":25},{"not_picked":["Clothesline","Iron Wave+1","Body Slam"],"picked":"SKIP","floor":27},{"not_picked":["Burning Pact+1","Heavy Blade"],"picked":"Whirlwind+1","floor":29},{"not_picked":["Berserk","Clothesline"],"picked":"Pommel Strike+1","floor":31},{"not_picked":["Demon Form","Impervious"],"picked":"Limit Break","floor":33},{"not_picked":["Headbutt+1","Warcry"],"picked":"Cleave","floor":35},{"not_picked":["Power Through","Hemokinesis+1","Anger"],"picked":"SKIP","floor":36},{"not_picked":["Cleave+1","Rampage+1","Wild Strike"],"picked":"SKIP","floor":41},{"not_picked":["Flex+1","Sword Boomerang+1"],"picked":"Warcry","floor":42}],"player_experience":124046,"relics_obtained":[{"floor":6.0,"key":"Mango"},{"floor":8,"key":"Mercury Hourglass"},{"floor":23,"key":"Smiling Mask"},{"floor":25,"key":"Bottled Lightning"},{"floor":26,"key":"Happy Flower"},{"floor":31,"key":"Kunai"},{"floor":37,"key":"Girya"},{"floor":41,"key":"Shuriken"},{"floor":43,"key":"Toxic Egg 2"}],"event_choices":[{"damage_healed":0,"gold_gain":0,"player_choice":"Read","damage_taken":0,"max_hp_gain":0,"max_hp_loss":0,"event_name":"The Library","floor":19,"gold_loss":0,"cards_obtained":["Flame Barrier"]},{"damage_healed":0,"gold_gain":0,"player_choice":"Joined the Cult","damage_taken":6,"max_hp_gain":0,"max_hp_loss":0,"event_name":"Nest","floor":20,"gold_loss":0,"cards_obtained":["RitualDagger"]},{"damage_healed":0,"gold_gain":0,"player_choice":"Fight","damage_taken":0,"max_hp_gain":0,"max_hp_loss":0,"event_name":"Mysterious Sphere","floor":37,"gold_loss":0},{"damage_healed":0,"gold_gain":0,"player_choice":"Embrace Madness","damage_taken":13,"max_hp_gain":0,"max_hp_loss":0,"event_name":"Winding Halls","floor":39,"gold_loss":0,"cards_obtained":["Madness","Madness"]}],"is_beta":false,"boss_relics":[{"not_picked":["White Beast Statue","Mark of Pain"],"picked":"Philosopher\u0027s Stone"},{"not_picked":["Astrolabe","Runic Dome"],"picked":"Sozu"}],"items_purged_floors":[],"is_endless":false,"potions_floor_spawned":[6,7,12,18,25,33,35,36,37],"killed_by":"Jaw Worm Horde","ascension_level":2}