{"gold_per_floor":[116,131,131,146,159,191,191,44,44,44,54,73,106,122,122,122],"floor_reached":16,"playtime":769,"items_purged":["Strike_R"],"score":137,"play_id":"0aa38ab5-b3d0-4be9-8762-21f6e56b353d","local_time":"20190227233551","is_ascension_mode":true,"campfire_choices":[{"data":"Bash","floor":7,"key":"SMITH"},{"data":"Bash","floor":10,"key":"SMITH"},{"data":"Dropkick","floor":15,"key":"SMITH"}],"neow_cost":"NONE","seed_source_timestamp":81257174909660,"circlet_count":0,"master_deck":["Strike_R","Strike_R","Strike_R","Strike_R","Defend_R","Defend_R","Defend_R","Defend_R","Bash+1","Headbutt","Iron Wave","Bash+1","Good Instincts","Thunderclap","Clothesline","Dropkick+1","Metallicize","True Grit","Carnage"],"special_seed":0,"relics":["Burning Blood","Strawberry","Self Forming Clay","Pantograph","Matryoshka"],"potions_floor_usage":[6,13,13],"damage_taken":[{"damage":15.0,"enemies":"Cultist","floor":1.0,"turns":5.0},{"damage":4.0,"enemies":"Small Slimes","floor":2.0,"turns":3.0},{"damage":2.0,"enemies":"Jaw Worm","floor":4.0,"turns":3.0},{"damage":14.0,"enemies":"Lots of Slimes","floor":5.0,"turns":3.0},{"damage":20,"enemies":"Gremlin Nob","floor":6,"turns":4},{"damage":1,"enemies":"Exordium Thugs","floor":11,"turns":4},{"damage":8,"enemies":"Exordium Wildlife","floor":12,"turns":4},{"damage":7,"enemies":"3 Sentries","floor":13,"turns":8},{"damage":3,"enemies":"Large Slime","floor":14,"turns":5},{"damage":88,"enemies":"Slime Boss","floor":16,"turns":11}],"seed_played":"9023396721896042825","potions_obtained":[{"floor":2.0,"key":"Fire Potion"},{"floor":4.0,"key":"Swift Potion"},{"floor":12,"key":"EssenceOfSteel"}],"is_trial":false,"path_per_floor":["M","M","?","M","M","E","R","$","T","R","M","M","E","M","R","B"],"character_chosen":"IRONCLAD","items_purchased":["Metallicize"],"campfire_rested":0,"item_purchase_floors":[8],"current_hp_per_floor":[78,80,80,84,76,62,62,62,62,62,67,65,64,67,67,0],"gold":122,"neow_bonus":"RANDOM_COMMON_RELIC","is_prod":false,"is_daily":false,"chose_seed":false,"campfire_upgraded":3,"win_rate":0,"timestamp":1551332151,"path_taken":["M","M","?","M","M","E","R","$","T","R","M","?","E","M","R","BOSS"],"build_version":"2019-01-23","purchased_purges":1,"victory":false,"max_hp_per_floor":[87,87,87,87,87,87,87,87,87,87,87,87,87,87,87,87],"card_choices":[{"not_picked":["True Grit","Dual Wield"],"picked":"Headbutt","floor":1.0},{"not_picked":["Battle Trance","Blood for Blood"],"picked":"Iron Wave","floor":2.0},{"not_picked":["Iron Wave","Havoc"],"picked":"Thunderclap","floor":4.0},{"not_picked":["Flex","Havoc"],"picked":"Clothesline","floor":5.0},{"not_picked":["Fire Breathing","Offering"],"picked":"Dropkick","floor":6},{"not_picked":["Corruption","Power Through"],"picked":"True Grit","floor":11},{"not_picked":["Rupture","Heavy Blade","Anger"],"picked":"SKIP","floor":12},{"not_picked":["Reckless Charge","Heavy Blade","Fire Breathing"],"picked":"SKIP","floor":13},{"not_picked":["Warcry","Anger"],"picked":"Carnage","floor":14}],"player_experience":267024,"relics_obtained":[{"floor":6,"key":"Self Forming Clay"},{"floor":9,"key":"Pantograph"},{"floor":13,"key":"Matryoshka"}],"event_choices":[{"damage_healed":0.0,"max_hp_gain":0.0,"max_hp_loss":0.0,"gold_gain":0.0,"event_name":"Match and Keep!","player_choice":"2 cards matched","floor":3.0,"gold_loss":0.0,"damage_taken":0.0,"cards_obtained":["Bash","Good Instincts"]}],"is_beta":false,"boss_relics":[],"items_purged_floors":[8],"is_endless":false,"potions_floor_spawned":[2,4,12],"killed_by":"Slime Boss","ascension_level":4}