{"path_per_floor":["M","M","?","$","?","R","$","R","T","?","M","?","E","?","R","B",null,"M","?","?","$","?","R","M","M","T","?","M","?","$","M","R","B"],"character_chosen":"IRONCLAD","items_purchased":["Shuriken","Dual Wield"],"gold_per_floor":[113,123,123,48,48,48,48,48,116,116,129,129,173,173,173,294,294,313,313,313,56,56,56,70,84,132,132,151,151,77,90,90,185],"floor_reached":34,"campfire_rested":2,"playtime":852,"current_hp_per_floor":[74,75,55,55,39,39,39,63,63,63,69,62,44,44,68,27,80,75,75,56,56,56,56,56,56,56,56,56,56,56,56,56,46],"items_purged":["Defend_R"],"gold":185,"score":372,"play_id":"de297a39-bdea-455e-8c1d-d649be7ea2fc","local_time":"20180318181401","is_prod":false,"is_daily":false,"is_ascension_mode":false,"campfire_upgraded":3,"timestamp":1521407641,"path_taken":["M","M","?","$","?","R","?","R","T","?","M","?","E","?","R","BOSS","M","?","?","$","?","R","M","M","T","?","M","?","?","M","R","BOSS"],"build_version":"2018-03-15v3","purchased_purges":1,"victory":false,"master_deck":["Bash+1","Rage+1","Inflame","Double Tap+1","Bite+1","Bite+1","Bite+1","Bite+1","Bite+1","Clash+1","Thunderclap+1","Dual Wield+1"],"max_hp_per_floor":[80,80,80,80,80,80,80,80,80,80,80,80,80,80,80,80,80,80,80,56,56,56,56,56,56,56,56,56,56,56,56,56,56],"relics":["Burning Blood","Bloody Idol","Molten Egg 2","Omamori","Anchor","Orrery","Shuriken","Gambling Chip","Juzu Bracelet","Lizard Tail"],"card_choices":[{"not_picked":["Cleave","Twin Strike"],"picked":"Rage"},{"not_picked":["Reaper","Exhume"],"picked":"Double Tap"},{"not_picked":["Dual Wield","Warcry"],"picked":"Clash"}],"player_experience":611133,"potions_floor_usage":[13,33],"damage_taken":[{"damage":12,"enemies":"2 Louse","floor":1,"turns":3},{"damage":5,"enemies":"Jaw Worm","floor":2,"turns":2},{"damage":0,"enemies":"Small Slimes","floor":11,"turns":2},{"damage":24,"enemies":"3 Sentries","floor":13,"turns":5},{"damage":47,"enemies":"Hexaghost","floor":16,"turns":8},{"damage":11,"enemies":"3 Byrds","floor":18,"turns":6},{"damage":0,"enemies":"Shell Parasite","floor":24,"turns":3},{"damage":0,"enemies":"Chosen and Byrds","floor":25,"turns":4},{"damage":4,"enemies":"Slaver and Parasite","floor":28,"turns":3},{"damage":0,"enemies":"Centurion and Healer","floor":31,"turns":3},{"damage":30,"enemies":"Collector","floor":33,"turns":5}],"event_choices":[{"event_name":"Golden Idol","player_choice":"Take Damage","floor":3,"damage_taken":0},{"event_name":"Shining Light","player_choice":"Entered Light","floor":5,"damage_taken":0},{"event_name":"Transmorgrifier","player_choice":"Transform","floor":10,"damage_taken":0},{"event_name":"Golden Wing","player_choice":"Card Removal","floor":12,"damage_taken":0},{"event_name":"Big Fish","player_choice":"Box","floor":14,"damage_taken":0},{"event_name":"Forgotten Altar","player_choice":"Gave Idol","floor":19,"damage_taken":0},{"event_name":"Vampires","player_choice":"Became a vampire","floor":20,"damage_taken":0},{"event_name":"The Mausoleum","player_choice":"Yes","floor":22,"damage_taken":0},{"event_name":"Drug Dealer","player_choice":"Ignored","floor":27,"damage_taken":0},{"event_name":"The Library","player_choice":"Read","floor":29,"damage_taken":0}],"boss_relics":[{"not_picked":["Runic Pyramid","Question Card"],"picked":"Orrery"},{"not_picked":["Mark of Pain","Calling Bell"],"picked":"Lizard Tail"}],"potions_floor_spawned":[2,11,13,16,18,28],"seed_played":"-2278167955392274539","ascension_level":0,"is_trial":false}