{"path_per_floor":["M","$","M","M","M","R","?","M","T","?","M","R","$","E","R","B",null,"M","?","T","?","M","E","$","R","T","$","M","$","M","E","R","B",null,"M","?","$","M","?","R","E","R","T","?","$","E","M","E","R","B"],"character_chosen":"IRONCLAD","items_purchased":["Corruption"],"gold_per_floor":[114,39,51,69,84,84,143,153,178,178,197,197,97,130,130,255,255,270,220,220,220,233,272,147,147,147,147,172,22,41,102,102,225,225,238,238,63,84,84,84,119,119,167,167,91,127,150,183,183,183],"floor_reached":51,"campfire_rested":3,"playtime":2895,"current_hp_per_floor":[79,79,80,80,70,70,58,50,50,50,56,56,56,62,62,28,74,74,74,74,74,74,63,63,63,63,63,62,62,68,55,77,29,77,56,56,56,37,37,75,39,77,77,67,67,77,77,80,80,83],"items_purged":["Strike_R","Defend_R","Defend_R","Defend_R","Strike_R"],"gold":183,"score":800,"play_id":"7bfd7c84-b405-4f9a-a7dd-ca24546e01d6","local_time":"20180307011616","is_prod":false,"is_daily":false,"is_ascension_mode":true,"campfire_upgraded":5,"timestamp":1520396176,"path_taken":["M","$","M","M","M","R","?","M","T","?","?","R","$","E","R","BOSS","M","?","?","?","M","E","$","R","T","$","M","?","M","E","R","BOSS","M","?","$","M","?","R","E","R","T","?","$","E","M","E","R","BOSS"],"build_version":"2018-03-01-PROD1","purchased_purges":5,"victory":true,"master_deck":["Strike_R","Defend_R+1","Bash","Cleave","Rampage+1","True Grit+1","Clash","Rage+1","Double Tap+1","Immolate","Fiend Fire+1","Sentinel+1","Dark Embrace","Madness","Madness+1","Corruption","Exhume"],"max_hp_per_floor":[80,80,80,80,80,80,80,80,80,74,74,74,74,74,74,74,74,74,74,74,74,74,74,74,74,74,74,77,77,77,77,77,77,77,77,77,77,77,77,77,77,77,77,77,77,77,77,80,80,83],"relics":["Burning Blood","Darkstone Periapt","Bag of Preparation","Golden Idol","Matryoshka","Mark of Pain","Anchor","Dead Branch","Juzu Bracelet","Bag of Marbles","Regal Pillow","Tiny Chest","Philosopher\u0027s Stone","Sundial","War Paint","Bottled Tornado","The Courier"],"card_choices":[{"not_picked":["Burning Pact","Headbutt"],"picked":"Rampage"},{"not_picked":["Flex","Second Wind"],"picked":"True Grit"},{"not_picked":["Wild Strike","Infernal Blade"],"picked":"Clash"},{"not_picked":["Battle Trance","Combust"],"picked":"Rage"},{"not_picked":["Headbutt","Sword Boomerang"],"picked":"Double Tap"},{"not_picked":["Cleave","Havoc"],"picked":"Immolate"},{"not_picked":["Limit Break","Exhume"],"picked":"Fiend Fire"},{"not_picked":["Clothesline","Headbutt"],"picked":"Sentinel"},{"not_picked":["Thunderclap","Armaments"],"picked":"Dark Embrace"},{"not_picked":["Burning Pact","Twin Strike"],"picked":"Exhume"}],"player_experience":513003,"potions_floor_usage":[7,14,18,18,31,31,35,41,50],"damage_taken":[{"damage":7,"enemies":"2 Louse","floor":1,"turns":3},{"damage":4,"enemies":"Jaw Worm","floor":3,"turns":4},{"damage":0,"enemies":"Small Slimes","floor":4,"turns":3},{"damage":16,"enemies":"Blue Slaver","floor":5,"turns":4},{"damage":18,"enemies":"3 Sentries","floor":7,"turns":5},{"damage":14,"enemies":"Exordium Thugs","floor":8,"turns":4},{"damage":0,"enemies":"3 Louse","floor":11,"turns":3},{"damage":0,"enemies":"3 Sentries","floor":14,"turns":6},{"damage":40,"enemies":"Hexaghost","floor":16,"turns":8},{"damage":0,"enemies":"Spheric Guardian","floor":18,"turns":2},{"damage":0,"enemies":"Chosen","floor":22,"turns":4},{"damage":17,"enemies":"Slavers","floor":23,"turns":5},{"damage":10,"enemies":"3 Cultists","floor":28,"turns":4},{"damage":0,"enemies":"Centurion and Healer","floor":30,"turns":3},{"damage":19,"enemies":"Book of Stabbing","floor":31,"turns":4},{"damage":54,"enemies":"Champ","floor":33,"turns":11},{"damage":27,"enemies":"3 Darklings","floor":35,"turns":6},{"damage":25,"enemies":"3 Shapes","floor":38,"turns":6},{"damage":42,"enemies":"Giant Head","floor":41,"turns":6},{"damage":0,"enemies":"2 Orb Walkers","floor":46,"turns":1},{"damage":1,"enemies":"3 Darklings","floor":47,"turns":2},{"damage":6,"enemies":"Giant Head","floor":48,"turns":2},{"damage":21,"enemies":"Donu and Deca","floor":50,"turns":8}],"event_choices":[{"event_name":"Dead Adventurer","player_choice":"Searched \u00271\u0027 times","floor":7,"damage_taken":0},{"event_name":"Golden Idol","player_choice":"Lose Max HP","floor":10,"damage_taken":0},{"event_name":"The Joust","player_choice":"Bet on Murderer","floor":19,"damage_taken":0},{"event_name":"Upgrade Shrine","player_choice":"Upgraded","floor":21,"damage_taken":0},{"event_name":"Bonfire Elementals","player_choice":"BASIC","floor":36,"damage_taken":0},{"event_name":"Mysterious Sphere","player_choice":"Ignore","floor":39,"damage_taken":0},{"event_name":"Winding Halls","player_choice":"Embrace Madness","floor":44,"damage_taken":0}],"boss_relics":[{"not_picked":["Runic Pyramid","Orrery"],"picked":"Mark of Pain"},{"not_picked":["Velvet Choker","Runic Cube"],"picked":"Philosopher\u0027s Stone"}],"potions_floor_spawned":[1,5,11,16,23,28,30,35,41,48],"seed_played":"-8316539694430581796","ascension_level":4,"is_trial":false}