{"gold_per_floor":[117,117,67,77,93,93,18,18,44,71,71,98,114,147,147,244,244,254,267,267,11,11,44,44,73,97,117,129,129,145,170,170,265,265,280,380,380,69,69,69,104,104,104,116,116,116,147,165,165,165],"floor_reached":51,"playtime":2908,"items_purged":["Gash","Consume"],"score":1172,"play_id":"690ab527-c900-4d99-9470-c2eaa2e5c7e1","local_time":"20190125150323","is_ascension_mode":true,"campfire_choices":[{"data":"Genetic Algorithm","floor":6,"key":"SMITH"},{"data":"Defend_B","floor":15,"key":"SMITH"},{"data":"Clawfect:ClawCell","floor":24,"key":"SMITH"},{"data":"Glacier","floor":29,"key":"SMITH"},{"data":"Leap","floor":32,"key":"SMITH"},{"data":"Seek","floor":40,"key":"SMITH"},{"data":"Machine Learning","floor":42,"key":"SMITH"},{"data":"Master of Strategy","floor":45,"key":"SMITH"},{"data":"Skim","floor":49,"key":"SMITH"}],"neow_cost":"NONE","seed_source_timestamp":13096152184845,"circlet_count":0,"master_deck":["Gash","Gash","Gash","Defend_B+1","Defend_B+1","Defend_B+1","Defend_B+1","Genetic Algorithm+1","Clawfect:ClawForTheEyes","BootSequence","Clawfect:ScrapingClaw+1","Clawfect:ClawCell+1","Clawfect:ClawForOne","Clawfect:ClawingBeam","Steam","Glacier+1","Clawfect:ClawAndTear","Leap+1","Seek+1","Master of Strategy+1","Machine Learning+1","Skim+1"],"relics":["Coffee Dripper","Anchor","Ancient Tea Set","Bag of Preparation","Orichalcum","War Paint","Runic Dome","Bronze Scales","Omamori","Centennial Puzzle","Lantern","Nuclear Battery","conspire:IceCreamScoop","Boot","Singing Bowl","Du-Vu Doll","conspire:BottledYoYo"],"potions_floor_usage":[25,27,47,50,50],"damage_taken":[{"damage":2,"enemies":"conspire:RoseBush","floor":1,"turns":6},{"damage":12,"enemies":"Small Slimes","floor":4,"turns":4},{"damage":0,"enemies":"2 Louse","floor":5,"turns":4},{"damage":5,"enemies":"Lagavulin","floor":10,"turns":6},{"damage":4,"enemies":"Exordium Wildlife","floor":13,"turns":4},{"damage":11,"enemies":"3 Sentries","floor":14,"turns":7},{"damage":11,"enemies":"The Guardian","floor":16,"turns":8},{"damage":2,"enemies":"Shell Parasite","floor":18,"turns":4},{"damage":25,"enemies":"conspire:FuzzyDice","floor":19,"turns":4},{"damage":0,"enemies":"Slavers","floor":23,"turns":4},{"damage":15,"enemies":"conspire:SneckoGhost","floor":25,"turns":4},{"damage":6,"enemies":"Centurion and Healer","floor":27,"turns":4},{"damage":0,"enemies":"3 Cultists","floor":28,"turns":4},{"damage":2,"enemies":"Shelled Parasite and Fungi","floor":30,"turns":5},{"damage":5,"enemies":"Gremlin Leader","floor":31,"turns":4},{"damage":3,"enemies":"Collector","floor":33,"turns":5},{"damage":12,"enemies":"3 Darklings","floor":35,"turns":4},{"damage":3,"enemies":"Mind Bloom Boss Battle","floor":36,"turns":4},{"damage":6,"enemies":"Giant Head","floor":41,"turns":6},{"damage":0,"enemies":"Orb Walker","floor":44,"turns":3},{"damage":25,"enemies":"Nemesis","floor":47,"turns":3},{"damage":0,"enemies":"Transient","floor":48,"turns":4},{"damage":0,"enemies":"Donu and Deca","floor":50,"turns":4}],"seed_played":"8085347216885544787","potions_obtained":[{"floor":13,"key":"Strength Potion"},{"floor":19,"key":"Fire Potion"},{"floor":23,"key":"Regen Potion"},{"floor":27,"key":"Ancient Potion"},{"floor":33,"key":"SteroidPotion"},{"floor":41,"key":"conspire:TimeTravelPotion"},{"floor":47,"key":"Swift Potion"}],"is_trial":false,"path_per_floor":["M","?","?","M","M","R","$","?","T","E","$","T","M","E","R","B",null,"M","M","?","$","?","E","R","E","T","M","M","R","M","E","R","B",null,"M","?","?","$","?","R","E","R","T","M","R","$","E","M","R","B",null],"character_chosen":"DEFECT","items_purchased":["Bronze Scales","Boot","Master of Strategy"],"campfire_rested":0,"item_purchase_floors":[21,38,38],"current_hp_per_floor":[66,63,63,51,51,51,51,51,51,46,46,46,42,31,31,20,61,59,34,34,34,34,34,34,31,31,25,25,25,23,18,18,15,60,48,45,45,45,45,45,39,39,39,41,41,41,41,43,43,43],"gold":165,"neow_bonus":"BOSS_RELIC","is_prod":false,"is_daily":false,"chose_seed":false,"campfire_upgraded":9,"win_rate":0,"timestamp":1548435803,"path_taken":["M","?","?","M","M","R","$","?","T","E","$","?","?","E","R","BOSS","M","M","?","?","?","E","R","E","T","M","?","R","M","E","R","BOSS","M","?","?","$","?","R","E","R","T","?","R","$","E","M","R","BOSS"],"build_version":"2019-01-23","purchased_purges":2,"victory":true,"max_hp_per_floor":[75,75,75,75,75,75,75,75,75,75,75,75,75,75,75,75,75,75,75,75,75,75,75,75,75,75,75,75,75,75,75,75,75,75,75,75,75,75,75,75,75,75,75,77,77,77,77,79,79,79],"card_choices":[{"not_picked":["Clawfect:ClawForTheEyes","Clawfect:ClawingBeam"],"picked":"Genetic Algorithm","floor":1},{"not_picked":["Aggregate","Clawfect:ClawpileDriver"],"picked":"Clawfect:ClawForTheEyes","floor":4},{"not_picked":["Steam Power","Turbo"],"picked":"BootSequence","floor":5},{"not_picked":["Clawfect:Clawrage","Reprogram"],"picked":"Clawfect:ScrapingClaw","floor":10},{"not_picked":["Coolheaded","Clawfect:ClawpileDriver"],"picked":"Clawfect:ClawCell","floor":13},{"not_picked":["Redo","Reprogram","Aggregate"],"picked":"SKIP","floor":14},{"not_picked":["Rainbow","Thunder Strike"],"picked":"Clawfect:ClawForOne","floor":16},{"not_picked":["Stack","Clawfect:Clawrage"],"picked":"Clawfect:ClawingBeam","floor":18},{"not_picked":["Reprogram","Chaos+1","FTL"],"picked":"SKIP","floor":19},{"not_picked":["Storm+1","Static Discharge","Recycle"],"picked":"SKIP","floor":23},{"not_picked":["Stack","Conserve Battery"],"picked":"Steam","floor":25},{"not_picked":["Capacitor","Clawfect:ClawCell","Stack"],"picked":"SKIP","floor":27},{"not_picked":["Clawfect:ClawSnap","Amplify"],"picked":"Glacier","floor":28},{"not_picked":["Clawfect:ClawingBeam","Coolheaded"],"picked":"Clawfect:ClawAndTear","floor":30},{"not_picked":["Stack","FTL+1"],"picked":"Leap","floor":31},{"not_picked":["Rainbow","Echo Form"],"picked":"Seek","floor":33},{"not_picked":["Clawfect:ClawCell","Clawfect:ClawSnap+1","Leap+1"],"picked":"SKIP","floor":35},{"not_picked":["Gash+1","BootSequence"],"picked":"Machine Learning","floor":41},{"not_picked":["Sunder","conspire:SharedLibrary","Rebound+1"],"picked":"Singing Bowl","floor":44},{"not_picked":["Recycle","Lockon+1"],"picked":"Skim","floor":47},{"not_picked":["Static Discharge+1","Storm","Consume"],"picked":"Singing Bowl","floor":48}],"player_experience":981757,"relics_obtained":[{"floor":9,"key":"Ancient Tea Set"},{"floor":10,"key":"Bag of Preparation"},{"floor":12,"key":"Orichalcum"},{"floor":14,"key":"War Paint"},{"floor":23,"key":"Omamori"},{"floor":25,"key":"Centennial Puzzle"},{"floor":31,"key":"Lantern"},{"floor":36,"key":"conspire:IceCreamScoop"},{"floor":41,"key":"Singing Bowl"},{"floor":43,"key":"Du-Vu Doll"},{"floor":47,"key":"conspire:BottledYoYo"}],"event_choices":[{"damage_healed":0,"gold_gain":0,"player_choice":"Success","damage_taken":3,"relics_obtained":["Anchor"],"max_hp_gain":0,"max_hp_loss":0,"event_name":"Scrap Ooze","floor":2,"gold_loss":0},{"cards_removed":["Defend_B"],"damage_healed":0,"gold_gain":0,"player_choice":"Card Removal","damage_taken":0,"max_hp_gain":0,"max_hp_loss":0,"event_name":"The Cleric","floor":3,"gold_loss":50},{"damage_healed":0,"gold_gain":0,"player_choice":"Grow","damage_taken":0,"max_hp_gain":0,"max_hp_loss":0,"event_name":"Living Wall","floor":8,"gold_loss":0,"cards_upgraded":["Defend_B"]},{"damage_healed":0,"gold_gain":0,"cards_transformed":["Gash"],"player_choice":"Transformed","damage_taken":0,"max_hp_gain":0,"max_hp_loss":0,"event_name":"Transmorgrifier","floor":20,"gold_loss":0,"cards_obtained":["Consume"]},{"damage_healed":0,"gold_gain":0,"player_choice":"Forge","damage_taken":0,"max_hp_gain":0,"max_hp_loss":0,"event_name":"Accursed Blacksmith","floor":22,"gold_loss":0,"cards_upgraded":["Clawfect:ScrapingClaw"]},{"damage_healed":0,"gold_gain":0,"player_choice":"Fight","damage_taken":0,"max_hp_gain":0,"max_hp_loss":0,"event_name":"MindBloom","floor":36,"gold_loss":0},{"damage_healed":0,"gold_gain":0,"player_choice":"Ignored","damage_taken":0,"max_hp_gain":0,"max_hp_loss":0,"event_name":"Mysterious Sphere","floor":37,"gold_loss":0},{"damage_healed":0,"gold_gain":0,"player_choice":"0 cards matched","damage_taken":0,"max_hp_gain":0,"max_hp_loss":0,"event_name":"Match and Keep!","floor":39,"gold_loss":0,"cards_obtained":[]}],"is_beta":true,"boss_relics":[{"not_picked":["Pandora\u0027s Box","Philosopher\u0027s Stone"],"picked":"Runic Dome"},{"not_picked":["Velvet Choker","Lizard Tail"],"picked":"Nuclear Battery"}],"items_purged_floors":[7,21],"is_endless":false,"potions_floor_spawned":[13,19,23,27,33,41,47],"ascension_level":8}