{"path_per_floor":["M","?","$","M","?","?","E","R","T","$","R","M","R","M","R","B",null,"M","M","?","?","M","R","E","R","T","T","R","M"],"character_chosen":"DEFECT","items_purchased":["Doom and Gloom","Sunder"],"gold_per_floor":[115,190,44,62,62,62,90,90,90,51,51,70,70,84,84,186,186,199,217,217,217,231,231,257,257,329,329,329,339,339],"floor_reached":30,"campfire_rested":1,"playtime":982,"current_hp_per_floor":[74,63,63,63,63,63,41,41,41,41,41,41,41,38,60,23,75,50,17,75,75,69,69,36,36,46,46,46,15,0],"items_purged":["Defend_B"],"gold":339,"score":271,"play_id":"c5c9b9c6-d006-49d3-a586-4e4c307f7c82","local_time":"20180517143942","is_prod":false,"is_daily":false,"chose_seed":false,"is_ascension_mode":true,"campfire_upgraded":6,"timestamp":1526578782,"campfire_choices":[{"data":"Zap","floor":8,"key":"SMITH"},{"data":"Sunder","floor":11,"key":"SMITH"},{"data":"Ball Lightning","floor":13,"key":"SMITH"},{"floor":15,"key":"REST"},{"data":"Fission","floor":23,"key":"SMITH"},{"data":"Glacier","floor":25,"key":"SMITH"},{"data":"Consume","floor":28,"key":"SMITH"}],"path_taken":["M","?","$","M","?","?","E","R","T","?","R","?","R","M","R","BOSS","M","M","?","?","M","R","E","R","T","?","R","M","E"],"build_version":"2018-05-17","seed_source_timestamp":17780976461019,"purchased_purges":1,"victory":false,"master_deck":["Strike_B","Strike_B","Strike_B","Strike_B","Defend_B","Defend_B","Zap+1","Dualcast","Creative AI+1","Leap","Doom and Gloom","Skim","Cold Snap","Sunder+1","Ball Lightning+1","Fission+1","Consume+1","Glacier+1","Barrage","Self Repair"],"max_hp_per_floor":[75,75,75,75,75,75,75,75,75,75,75,75,75,75,75,75,75,75,75,75,75,75,75,75,75,85,85,85,85,85],"relics":["Cracked Core","Orichalcum","Centennial Puzzle","Runic Dome","Gambling Chip","Pear","Smiling Mask"],"card_choices":[{"not_picked":["Hologram","Go for the Eyes"],"picked":"Leap","floor":1},{"not_picked":["Axe Kick","Steam Power"],"picked":"Skim","floor":4},{"not_picked":["Fusion","Coolheaded"],"picked":"Cold Snap","floor":7},{"not_picked":["Cold Snap","Streamline"],"picked":"Ball Lightning","floor":12},{"not_picked":["Capacitor","Steam","Conserve Battery"],"picked":"SKIP","floor":14},{"not_picked":["Creative AI","Amplify"],"picked":"Fission","floor":16},{"not_picked":["Doom and Gloom+1","Undo+1"],"picked":"Consume","floor":18},{"not_picked":["Force Field+1","Lockon"],"picked":"Glacier","floor":19},{"not_picked":["Skim","Coolheaded+1"],"picked":"Barrage","floor":22},{"not_picked":["Turbo","Storm","Consume"],"picked":"SKIP","floor":24},{"not_picked":["Barrage","Hologram"],"picked":"Self Repair","floor":29}],"player_experience":797489,"potions_floor_usage":[18,24,24],"damage_taken":[{"damage":1,"enemies":"Cultist","floor":1,"turns":3},{"damage":0,"enemies":"Small Slimes","floor":4,"turns":3},{"damage":22,"enemies":"3 Sentries","floor":7,"turns":6},{"damage":0,"enemies":"Jaw Worm","floor":12,"turns":2},{"damage":3,"enemies":"Looter","floor":14,"turns":2},{"damage":37,"enemies":"Hexaghost","floor":16,"turns":9},{"damage":25,"enemies":"3 Byrds","floor":18,"turns":4},{"damage":33,"enemies":"2 Thieves","floor":19,"turns":3},{"damage":6,"enemies":"3 Cultists","floor":22,"turns":5},{"damage":33,"enemies":"Slavers","floor":24,"turns":4},{"damage":31,"enemies":"Snecko","floor":29,"turns":5},{"damage":18,"enemies":"Gremlin Leader","floor":30,"turns":2}],"relics_obtained":[{"floor":7,"key":"Orichalcum"},{"floor":9,"key":"Centennial Puzzle"},{"floor":24,"key":"Gambling Chip"},{"floor":26,"key":"Pear"},{"floor":27,"key":"Smiling Mask"}],"event_choices":[{"event_name":"World of Goop","player_choice":"Gather Gold","floor":2,"damage_taken":0},{"event_name":"Liars Game","player_choice":"disagreed","floor":5,"damage_taken":0},{"event_name":"Living Wall","player_choice":"Grow","floor":6,"damage_taken":0},{"event_name":"Wheel of Change","player_choice":"Full Heal","floor":20,"damage_taken":0},{"event_name":"Purifier","player_choice":"One Purge","floor":21,"damage_taken":0}],"boss_relics":[{"not_picked":["White Beast Statue","Tiny House"],"picked":"Runic Dome"}],"potions_floor_spawned":[1,12,14,18,24,29],"seed_played":"-4270201023871167611","killed_by":"Gremlin Leader","ascension_level":2,"potions_obtained":[{"floor":1,"key":"Energy Potion"},{"floor":12,"key":"Ancient Potion"},{"floor":14,"key":"FearPotion"},{"floor":18,"key":"Fire Potion"},{"floor":24,"key":"Strength Potion"},{"floor":29,"key":"Dexterity Potion"}],"is_trial":false}