{"path_per_floor":["M","?","?","?","M","R","E","?","T","R","$","M","R","M","R","B",null,"M","?","?","?","M","R","M","$","T","?","M","M","R","$","R","B",null,"M","?","M","?","$","R","M","T","T","R","?","M","M"],"character_chosen":"IRONCLAD","items_purchased":[],"gold_per_floor":[14,14,89,39,56,56,84,84,84,84,9,27,27,47,47,146,146,157,157,157,157,167,167,181,81,164,164,176,190,190,65,65,160,160,178,178,189,189,39,39,57,83,157,157,157,173,192],"floor_reached":48,"campfire_rested":0,"playtime":2647,"current_hp_per_floor":[80,73,62,62,64,64,54,54,54,54,54,59,59,68,68,51,80,75,75,75,75,80,80,52,52,52,90,77,64,64,64,64,77,90,76,76,66,66,66,66,33,33,33,33,56,43,11],"items_purged":["Strike_R","Strike_R","Defend_R","Strike_R"],"gold":192,"score":403,"play_id":"231b00ce-6b21-42b3-98bf-a8ebb295391c","is_prod":false,"is_daily":false,"is_ascension_mode":false,"campfire_upgraded":9,"path_taken":["M","?","?","?","?","R","E","?","T","R","$","M","R","M","R","BOSS","M","?","?","?","M","R","M","$","T","?","M","M","R","?","R","BOSS","M","?","M","?","$","R","M","?","T","R","?","?","M","M"],"build_version":"2018-02-15-PROD1","purchased_purges":4,"victory":false,"master_deck":["Defend_R","Defend_R","Bash","Offering+1","Pummel","Twin Strike+1","Armaments+1","Fiend Fire+1","Bash","Flex+1","Anger+1","Dark Embrace+1","Cleave+1","Whirlwind+1","Heavy Blade+1","Inflame+1","Shrug It Off+1","Writhe","Iron Wave"],"max_hp_per_floor":[80,80,80,80,80,80,80,80,80,80,80,80,80,80,80,80,80,80,80,80,80,80,80,80,80,80,90,90,90,90,90,90,90,90,90,90,90,90,90,90,90,90,90,90,90,90,90],"relics":["Burning Blood","Art of War","Magic Flower","Lizard Tail","Tiny Chest","Mark of Pain","Bag of Marbles","Dodecahedron"],"card_choices":[{"not_picked":["Feed","Bludgeon"],"picked":"Offering"},{"not_picked":["Corruption","Warcry"],"picked":"Pummel"},{"not_picked":["Anger","Second Wind"],"picked":"Twin Strike"},{"not_picked":["Hemokinesis","Clothesline"],"picked":"Armaments"},{"not_picked":["True Grit","Perfected Strike"],"picked":"Flex"},{"not_picked":["Wild Strike","Burning Pact"],"picked":"Anger"},{"not_picked":["Bludgeon","Berserk"],"picked":"Dark Embrace"},{"not_picked":["True Grit","Heavy Blade"],"picked":"Cleave"},{"not_picked":["Body Slam","Havoc"],"picked":"Heavy Blade"},{"not_picked":["Warcry","Havoc"],"picked":"Impervious"},{"not_picked":["Rage","Pommel Strike"],"picked":"Inflame"},{"not_picked":["Heavy Blade","Armaments"],"picked":"Shrug It Off"},{"not_picked":["Havoc","Reckless Charge"],"picked":"Iron Wave"}],"player_experience":146720,"potions_floor_usage":[22,22,29,33,41,41,46,46],"damage_taken":[{"damage":5,"enemies":"Jaw Worm","floor":1,"turns":3},{"damage":4,"enemies":"Cultist","floor":5,"turns":4},{"damage":16,"enemies":"3 Sentries","floor":7,"turns":11},{"damage":4,"enemies":"Small Slimes","floor":12,"turns":1},{"damage":0,"enemies":"3 Louse","floor":14,"turns":3},{"damage":26,"enemies":"Slime Boss","floor":16,"turns":6},{"damage":14,"enemies":"2 Thieves","floor":18,"turns":3},{"damage":14,"enemies":"Chosen","floor":22,"turns":5},{"damage":37,"enemies":"Snake Plant","floor":24,"turns":4},{"damage":22,"enemies":"Snecko","floor":28,"turns":4},{"damage":37,"enemies":"Cultist and Chosen","floor":29,"turns":6},{"damage":87,"enemies":"Collector","floor":33,"turns":8},{"damage":23,"enemies":"3 Darklings","floor":35,"turns":4},{"damage":19,"enemies":"Orb Walker","floor":37,"turns":2},{"damage":42,"enemies":"4 Shapes","floor":41,"turns":4},{"damage":22,"enemies":"Maw","floor":46,"turns":5},{"damage":41,"enemies":"Sphere and 2 Shapes","floor":47,"turns":11},{"damage":11,"enemies":"4 Shapes","floor":48,"turns":2}],"event_choices":[{"event_name":"Golden Wing","player_choice":"Card Removal","floor":2,"damage_taken":0},{"event_name":"World of Goop","player_choice":"Gather Gold","floor":3,"damage_taken":0},{"event_name":"The Cleric","player_choice":"Card Removal","floor":4,"damage_taken":0},{"event_name":"Match and Keep!","player_choice":"2 cards matched","floor":8,"damage_taken":0},{"event_name":"Cursed Tome","player_choice":"Ignored","floor":19,"damage_taken":0},{"event_name":"The Library","player_choice":"Read","floor":20,"damage_taken":0},{"event_name":"Drug Dealer","player_choice":"Ignored","floor":21,"damage_taken":0},{"event_name":"Bonfire Elementals","player_choice":"RARE","floor":27,"damage_taken":0},{"event_name":"Mysterious Sphere","player_choice":"Ignore","floor":38,"damage_taken":0},{"event_name":"Winding Halls","player_choice":"Writhe","floor":45,"damage_taken":0}],"boss_relics":[{"not_picked":["Calling Bell","White Beast Statue"],"picked":"Lizard Tail"},{"not_picked":["Tiny House","Astrolabe"],"picked":"Mark of Pain"}],"potions_floor_spawned":[1,7,16,28,33,35,37,41],"seed_played":"-8611660335916748634","killed_by":"4 Shapes","ascension_level":0,"is_trial":false}