{"path_per_floor":["M","?","?","?","M","E","R","M","T","M","R","?","M","M","R","B",null,"M","$","M","?","?","R","M","R","T","R","M","E","M","$","R"],"character_chosen":"IRONCLAD","items_purchased":["Feel No Pain","Flame Barrier"],"gold_per_floor":[111,111,111,111,128,162,162,173,173,183,183,183,199,216,216,320,320,340,265,277,327,252,252,271,271,322,322,333,361,375,126,126],"floor_reached":33,"campfire_rested":1,"playtime":1393,"current_hp_per_floor":[78,78,83,83,85,69,69,75,75,77,77,58,60,62,62,35,80,75,75,61,61,61,61,63,63,63,63,69,32,26,26,54],"items_purged":["Defend_R","Defend_R"],"gold":126,"score":372,"play_id":"1996c0ec-7d87-4b94-8bed-537f4958982a","local_time":"20180308005752","is_prod":false,"is_daily":false,"is_ascension_mode":true,"campfire_upgraded":6,"timestamp":1520481472,"path_taken":["M","?","?","?","?","E","R","?","T","M","R","?","?","M","R","BOSS","M","$","?","?","?","R","M","R","T","R","?","E","?","$","R","BOSS"],"build_version":"2018-03-01-PROD1","purchased_purges":2,"victory":false,"master_deck":["Strike_R","Strike_R+1","Strike_R","Bash","Offering+1","Spot Weakness+1","Cleave+1","Headbutt","Armaments+1","Rage+1","Dual Wield+1","Immolate","Clash","Wild Strike+1","Clumsy","True Grit","Burning Pact","Feel No Pain","Flame Barrier"],"max_hp_per_floor":[80,80,85,85,85,95,95,95,95,95,95,95,95,95,95,95,95,95,95,95,95,95,95,95,95,95,95,95,95,95,95,95],"relics":["Burning Blood","Pear","Pen Nib","Cursed Key","Orichalcum","Oddly Smooth Stone"],"card_choices":[{"not_picked":["True Grit","Anger"],"picked":"Spot Weakness"},{"not_picked":["Sword Boomerang","Sentinel"],"picked":"Cleave"},{"not_picked":["Dropkick","Perfected Strike"],"picked":"Headbutt"},{"not_picked":["Headbutt","Warcry"],"picked":"Armaments"},{"not_picked":["Berserk","Cleave"],"picked":"Rage"},{"not_picked":["Body Slam","Headbutt"],"picked":"Dual Wield"},{"not_picked":["Barricade","Berserk"],"picked":"Immolate"},{"not_picked":["Disarm","Blood for Blood"],"picked":"Clash"},{"not_picked":["Reckless Charge","Thunderclap"],"picked":"Wild Strike"},{"not_picked":["Shrug It Off","Havoc"],"picked":"True Grit"},{"not_picked":["Infernal Blade","Sword Boomerang"],"picked":"Burning Pact"}],"player_experience":541941,"potions_floor_usage":[5,16,20,28,28,29],"damage_taken":[{"damage":0,"enemies":"Small Slimes","floor":1,"turns":3},{"damage":0,"enemies":"2 Louse","floor":5,"turns":2},{"damage":32,"enemies":"Gremlin Nob","floor":6,"turns":4},{"damage":0,"enemies":"Cultist","floor":8,"turns":2},{"damage":4,"enemies":"3 Louse","floor":10,"turns":2},{"damage":4,"enemies":"2 Fungi Beasts","floor":13,"turns":2},{"damage":4,"enemies":"Gremlin Gang","floor":14,"turns":3},{"damage":33,"enemies":"The Guardian","floor":16,"turns":7},{"damage":11,"enemies":"Chosen","floor":18,"turns":4},{"damage":20,"enemies":"2 Thieves","floor":20,"turns":4},{"damage":4,"enemies":"Cultist and Chosen","floor":24,"turns":5},{"damage":0,"enemies":"Snecko","floor":28,"turns":2},{"damage":43,"enemies":"Slavers","floor":29,"turns":5},{"damage":12,"enemies":"Slaver and Parasite","floor":30,"turns":3},{"damage":73,"enemies":"Collector","floor":33,"turns":6}],"event_choices":[{"event_name":"Living Wall","player_choice":"Forget","floor":2,"damage_taken":0},{"event_name":"Big Fish","player_choice":"Donut","floor":3,"damage_taken":0},{"event_name":"Bonfire Elementals","player_choice":"BASIC","floor":4,"damage_taken":0},{"event_name":"Shining Light","player_choice":"Entered Light","floor":12,"damage_taken":0},{"event_name":"The Joust","player_choice":"Bet on Murderer","floor":21,"damage_taken":0},{"event_name":"Beggar","player_choice":"Gave Gold","floor":22,"damage_taken":0}],"boss_relics":[{"not_picked":["Philosopher\u0027s Stone","Eternal Feather"],"picked":"Cursed Key"}],"potions_floor_spawned":[1,6,10,13,18,24],"seed_played":"-7915411772354201607","killed_by":"Collector","ascension_level":6,"is_trial":false}