{"gold_per_floor":[111,286,303,2,19,48,48,82,106,106,120,130,130,28,28,156,156,177,177,302,78,38,38,77,97,97,115,115,135,154,179,179,309,309,332,332,352,373,373,373,394,394,419,419,437,135,135,159,159,159],"floor_reached":50,"playtime":1839,"items_purged":["Doubt","Evolve"],"score":523,"play_id":"2eaa205e-eefa-46d8-9c28-a521a0e75338","local_time":"20190215140735","is_ascension_mode":true,"campfire_choices":[{"data":"Seeing Red","floor":7,"key":"SMITH"},{"data":"Demon Form","floor":10,"key":"SMITH"},{"floor":15,"key":"REST"},{"data":"Whirlwind","floor":23,"key":"SMITH"},{"floor":28,"key":"REST"},{"data":"Armaments","floor":32,"key":"SMITH"},{"data":"Bludgeon","floor":40,"key":"SMITH"},{"data":"Whirlwind","floor":44,"key":"SMITH"},{"data":"Impervious","floor":47,"key":"SMITH"},{"data":"Shrug It Off","floor":49,"key":"SMITH"}],"neow_cost":"NONE","seed_source_timestamp":72020282523822,"circlet_count":0,"master_deck":["Bash+1","Shrug It Off+1","Cleave","Seeing Red+1","Demon Form+1","Whirlwind+1","Battle Trance","Feed","Armaments+1","Whirlwind+1","Entrench","Whirlwind+1","Thunderclap+1","Impervious+1","Heavy Blade+1","Bludgeon+1","Entrench","Fiend Fire+1","Pommel Strike+1","Intimidate","Twin Strike+1","Fire Breathing","Entrench","Wild Strike","Cleave+1","Dramatic Entrance","Heavy Blade+1","Headbutt+1","Ghostly Armor+1"],"relics":["Burning Blood","Omamori","Ancient Tea Set","Centennial Puzzle","Vajra","Golden Idol","Snecko Eye","Ice Cream","Shuriken","Lantern","FossilizedHelix","Bottled Lightning","Pandora\u0027s Box","Whetstone","Chemical X"],"potions_floor_usage":[16,37,50,50,50],"damage_taken":[{"damage":6,"enemies":"Cultist","floor":1,"turns":3},{"damage":8,"enemies":"Jaw Worm","floor":3,"turns":4},{"damage":5,"enemies":"2 Louse","floor":5,"turns":3},{"damage":30,"enemies":"Gremlin Nob","floor":6,"turns":5},{"damage":28,"enemies":"3 Sentries","floor":8,"turns":11},{"damage":11,"enemies":"Large Slime","floor":11,"turns":4},{"damage":2,"enemies":"Blue Slaver","floor":12,"turns":3},{"damage":36,"enemies":"Hexaghost","floor":16,"turns":5},{"damage":0,"enemies":"Spheric Guardian","floor":18,"turns":3},{"damage":32,"enemies":"Colosseum Slavers","floor":20,"turns":3},{"damage":15,"enemies":"Colosseum Nobs","floor":20,"turns":3},{"damage":27,"enemies":"Gremlin Leader","floor":24,"turns":3},{"damage":0,"enemies":"3 Byrds","floor":25,"turns":2},{"damage":14,"enemies":"Snake Plant","floor":27,"turns":2},{"damage":14,"enemies":"Shelled Parasite and Fungi","floor":29,"turns":4},{"damage":0,"enemies":"Cultist and Chosen","floor":30,"turns":3},{"damage":0,"enemies":"Centurion and Healer","floor":31,"turns":5},{"damage":7,"enemies":"Automaton","floor":33,"turns":6},{"damage":0,"enemies":"Orb Walker","floor":35,"turns":2},{"damage":0,"enemies":"3 Shapes","floor":37,"turns":2},{"damage":0,"enemies":"Spire Growth","floor":38,"turns":3},{"damage":0,"enemies":"4 Shapes","floor":41,"turns":1},{"damage":30,"enemies":"Writhing Mass","floor":45,"turns":3},{"damage":0,"enemies":"3 Darklings","floor":48,"turns":1},{"damage":96,"enemies":"Awakened One","floor":50,"turns":5}],"seed_played":"-8302521271522295731","potions_obtained":[{"floor":3,"key":"Swift Potion"},{"floor":12,"key":"SteroidPotion"},{"floor":18,"key":"GamblersBrew"},{"floor":41,"key":"Strength Potion"}],"is_trial":false,"path_per_floor":["M","?","M","$","M","E","R","E","T","R","M","M","?","$","R","B",null,"M","?","?","$","?","R","E","M","T","M","R","M","M","M","R","B",null,"M","?","M","M","T","R","M","?","T","R","M","$","R","M","R","B"],"character_chosen":"IRONCLAD","items_purchased":["Omamori","Seeing Red","Block Potion","Energy Potion","Lantern","Whirlwind","Chemical X"],"campfire_rested":2,"item_purchase_floors":[4,4,14,14,21,21,46],"current_hp_per_floor":[80,80,78,78,79,55,55,33,33,33,28,32,32,32,54,24,74,74,74,42,42,42,42,24,30,30,25,49,41,47,53,53,52,83,83,83,83,83,83,83,83,83,83,83,59,59,59,65,65,0],"gold":159,"neow_bonus":"UPGRADE_CARD","is_prod":false,"is_daily":false,"chose_seed":false,"campfire_upgraded":8,"win_rate":0,"timestamp":1550261255,"path_taken":["M","?","M","$","M","E","R","E","T","R","M","M","?","$","R","BOSS","M","?","?","$","?","R","E","M","T","M","R","?","M","M","R","BOSS","M","?","M","M","?","R","M","?","T","R","M","$","R","M","R","BOSS"],"build_version":"2019-01-23","purchased_purges":2,"victory":false,"max_hp_per_floor":[80,80,80,80,80,80,80,80,80,80,80,80,74,74,74,74,74,74,74,77,77,77,77,80,80,80,83,83,83,83,83,83,83,83,83,83,83,83,83,83,83,83,83,83,83,83,83,83,83,83],"card_choices":[{"not_picked":["Flex","Twin Strike"],"picked":"Shrug It Off","floor":1},{"not_picked":["Reckless Charge","Havoc"],"picked":"Cleave","floor":3},{"not_picked":["Shrug It Off","Wild Strike","Heavy Blade"],"picked":"SKIP","floor":5},{"not_picked":["Clothesline","Seeing Red","Perfected Strike"],"picked":"SKIP","floor":6},{"not_picked":["Brutality","Second Wind"],"picked":"Demon Form","floor":8},{"not_picked":["Anger","Body Slam"],"picked":"Whirlwind","floor":11},{"not_picked":["Evolve","Inflame"],"picked":"Battle Trance","floor":12},{"not_picked":["Juggernaut","Berserk"],"picked":"Feed","floor":16},{"not_picked":["Clash+1","Flex"],"picked":"Armaments","floor":18},{"not_picked":["Anger","Rampage"],"picked":"Entrench","floor":20},{"not_picked":["Dropkick","Cleave","Power Through"],"picked":"SKIP","floor":24},{"not_picked":["Body Slam+1","Wild Strike+1","Shrug It Off"],"picked":"SKIP","floor":25},{"not_picked":["Blood for Blood","Clothesline"],"picked":"Thunderclap+1","floor":27},{"not_picked":["Sentinel","Wild Strike","Intimidate"],"picked":"SKIP","floor":29},{"not_picked":["Clash","Second Wind+1"],"picked":"Impervious","floor":30},{"not_picked":["Disarm","Rampage"],"picked":"Heavy Blade+1","floor":31},{"not_picked":["Brutality","Exhume"],"picked":"Bludgeon","floor":33},{"not_picked":["Sword Boomerang","Iron Wave"],"picked":"Cleave+1","floor":35},{"not_picked":["Good Instincts","Dark Shackles"],"picked":"Dramatic Entrance","floor":36},{"not_picked":["Perfected Strike","Rupture"],"picked":"Heavy Blade+1","floor":37},{"not_picked":["Warcry+1","Burning Pact","Sword Boomerang"],"picked":"SKIP","floor":38},{"not_picked":["Armaments","Wild Strike+1"],"picked":"Headbutt+1","floor":41},{"not_picked":["Disarm+1","Combust","Feel No Pain"],"picked":"SKIP","floor":45},{"not_picked":["True Grit+1","Shrug It Off+1"],"picked":"Ghostly Armor+1","floor":48}],"player_experience":170613,"relics_obtained":[{"floor":6,"key":"Ancient Tea Set"},{"floor":8,"key":"Centennial Puzzle"},{"floor":9,"key":"Vajra"},{"floor":20,"key":"Ice Cream"},{"floor":20,"key":"Shuriken"},{"floor":24,"key":"FossilizedHelix"},{"floor":26,"key":"Bottled Lightning"},{"floor":39,"key":"Whetstone"}],"event_choices":[{"damage_healed":0,"gold_gain":175,"player_choice":"AGREE","damage_taken":0,"max_hp_gain":0,"max_hp_loss":0,"event_name":"Liars Game","floor":2,"gold_loss":0,"cards_obtained":["Doubt"]},{"damage_healed":0,"gold_gain":0,"player_choice":"Lose Max HP","damage_taken":0,"relics_obtained":["Golden Idol"],"max_hp_gain":0,"max_hp_loss":6,"event_name":"Golden Idol","floor":13,"gold_loss":0},{"damage_healed":0,"gold_gain":0,"player_choice":"Read","damage_taken":0,"max_hp_gain":0,"max_hp_loss":0,"event_name":"The Library","floor":19,"gold_loss":0,"cards_obtained":["Whirlwind"]},{"damage_healed":0,"gold_gain":0,"player_choice":"Fight","damage_taken":0,"max_hp_gain":0,"max_hp_loss":0,"event_name":"Colosseum","floor":20,"gold_loss":0},{"damage_healed":0,"gold_gain":0,"player_choice":"Fought Nobs","damage_taken":0,"max_hp_gain":0,"max_hp_loss":0,"event_name":"Colosseum","floor":20,"gold_loss":0},{"damage_healed":0,"gold_gain":0,"player_choice":"Upgrade","damage_taken":0,"max_hp_gain":0,"max_hp_loss":0,"event_name":"Designer","floor":22,"gold_loss":40,"cards_upgraded":["Whirlwind"]},{"damage_healed":0,"gold_gain":0,"player_choice":"Memory 1","damage_taken":0,"max_hp_gain":0,"max_hp_loss":0,"event_name":"SensoryStone","floor":36,"gold_loss":0},{"damage_healed":0,"gold_gain":0,"player_choice":"Upgraded","damage_taken":0,"max_hp_gain":0,"max_hp_loss":0,"event_name":"Upgrade Shrine","floor":42,"gold_loss":0,"cards_upgraded":["Fiend Fire"]}],"is_beta":false,"boss_relics":[{"not_picked":["Philosopher\u0027s Stone","Mark of Pain"],"picked":"Snecko Eye"},{"not_picked":["Calling Bell","Runic Pyramid"],"picked":"Pandora\u0027s Box"}],"items_purged_floors":[4,46],"is_endless":false,"potions_floor_spawned":[3,12,18,24,30,31,35,41,48],"killed_by":"Awakened One","ascension_level":1}