{"gold_per_floor":[112,212,64,80,94,94,111,111,137,154,4,17,34,51,51,153,153,169,169,184,194,69,69,80,0,0,14,14,14,14,24,24,128,128,144,144,444,80,97,97,97,97,97,97],"floor_reached":44,"playtime":1139,"items_purged":["Defend_R","Strike_R","Bash","Defend_R"],"score":586,"play_id":"0ea733d5-f4c9-4d56-95b5-4e8d1a969f54","local_time":"20180730201649","is_ascension_mode":true,"campfire_choices":[{"data":"Whirlwind","floor":6,"key":"SMITH"},{"data":"Armaments","floor":8,"key":"SMITH"},{"data":"Searing Blow","floor":15,"key":"SMITH"},{"floor":23,"key":"REST"},{"floor":30,"key":"REST"},{"data":"Limit Break","floor":32,"key":"SMITH"},{"floor":40,"key":"REST"},{"data":"Double Tap","floor":42,"key":"SMITH"}],"neow_cost":"NONE","seed_source_timestamp":22190712403564,"circlet_count":0,"master_deck":["Strike_R","Strike_R","Defend_R","Whirlwind+1","Searing Blow+1","Armaments+1","Thunderclap","Spot Weakness","Limit Break+1","Sword Boomerang+1","Sword Boomerang","Double Tap+1","Shrug It Off","Rage+1"],"relics":["Burning Blood","Red Skull","Ancient Tea Set","Mark of Pain","Meat on the Bone","Empty Cage","Old Coin","Mummified Hand"],"potions_floor_usage":[7,12,14,14,16,16,18,20,20,33,33,36,37,39],"damage_taken":[{"damage":14,"enemies":"Jaw Worm","floor":1,"turns":3},{"damage":6,"enemies":"Cultist","floor":4,"turns":3},{"damage":8,"enemies":"Small Slimes","floor":5,"turns":2},{"damage":21,"enemies":"Exordium Thugs","floor":7,"turns":3},{"damage":0,"enemies":"3 Louse","floor":10,"turns":1},{"damage":10,"enemies":"Gremlin Gang","floor":12,"turns":2},{"damage":0,"enemies":"Large Slime","floor":13,"turns":3},{"damage":2,"enemies":"Exordium Thugs","floor":14,"turns":2},{"damage":51,"enemies":"Slime Boss","floor":16,"turns":9},{"damage":28,"enemies":"2 Thieves","floor":18,"turns":3},{"damage":14,"enemies":"Shell Parasite","floor":20,"turns":2},{"damage":33,"enemies":"Snake Plant","floor":21,"turns":3},{"damage":16,"enemies":"Slaver and Parasite","floor":24,"turns":3},{"damage":18,"enemies":"Snecko","floor":27,"turns":3},{"damage":0,"enemies":"Centurion and Healer","floor":31,"turns":1},{"damage":55,"enemies":"Champ","floor":33,"turns":7},{"damage":26,"enemies":"Flame Bruiser 1 Orb","floor":35,"turns":5},{"damage":0,"enemies":"Orb Walker","floor":36,"turns":1},{"damage":3,"floor":37,"turns":7},{"damage":54,"enemies":"Spire Growth","floor":39,"turns":4},{"damage":115,"enemies":"Transient","floor":44,"turns":5}],"seed_played":"-1877492409790301799","potions_obtained":[{"floor":1,"key":"Block Potion"},{"floor":5,"key":"Fruit Juice"},{"floor":10,"key":"AttackPotion"},{"floor":12,"key":"Fire Potion"},{"floor":14,"key":"EntropicBrew"},{"floor":16,"key":"Explosive Potion"},{"floor":21,"key":"Explosive Potion"},{"floor":24,"key":"Dexterity Potion"},{"floor":31,"key":"SmokeBomb"},{"floor":33,"key":"Fire Potion"},{"floor":35,"key":"Weak Potion"}],"is_trial":false,"path_per_floor":["M","?","$","M","M","R","M","R","T","M","$","M","M","M","R","B",null,"M","?","M","M","$","R","M","?","T","M","$","?","R","M","R","B",null,"M","M","?","$","M","R","?","R","T"],"character_chosen":"IRONCLAD","items_purchased":["Searing Blow","Thunderclap","Double Tap","Shrug It Off"],"campfire_rested":3,"item_purchase_floors":[3,11,38,38],"current_hp_per_floor":[64,64,64,64,62,62,52,52,52,58,58,78,84,85,85,40,74,52,52,44,17,17,42,32,32,32,32,32,16,43,61,61,24,74,54,60,63,63,27,54,90,90,90,0],"gold":97,"neow_bonus":"RANDOM_COMMON_RELIC","is_prod":false,"is_daily":false,"chose_seed":false,"campfire_upgraded":5,"win_rate":0,"timestamp":1532992609,"path_taken":["M","?","$","M","M","R","M","R","T","M","$","M","?","M","R","BOSS","M","?","M","M","$","R","M","?","T","M","$","?","R","M","R","BOSS","M","M","?","$","M","R","?","R","T","M"],"build_version":"2018-07-26","purchased_purges":4,"victory":false,"max_hp_per_floor":[80,80,80,80,80,80,85,85,85,85,85,85,85,85,85,85,85,85,85,85,85,85,85,85,85,85,85,85,90,90,90,90,90,90,90,90,90,90,90,90,90,90,90,90],"card_choices":[{"not_picked":["Twin Strike","Ghostly Armor"],"picked":"Whirlwind","floor":1},{"not_picked":["Dual Wield","Sword Boomerang","Wild Strike"],"picked":"SKIP","floor":4},{"not_picked":["Sentinel","Warcry","Wild Strike"],"picked":"SKIP","floor":5},{"not_picked":["Body Slam","Searing Blow"],"picked":"Armaments","floor":7},{"not_picked":["Heavy Blade","Feel No Pain","Perfected Strike"],"picked":"SKIP","floor":10},{"not_picked":["Warcry","Fiend Fire","Cleave"],"picked":"SKIP","floor":12},{"not_picked":["Blood for Blood","Wild Strike"],"picked":"Spot Weakness","floor":13},{"not_picked":["Whirlwind","Uppercut","Havoc"],"picked":"SKIP","floor":14},{"not_picked":["Berserk","Barricade"],"picked":"Limit Break","floor":16},{"not_picked":["Cleave","Iron Wave+1","Hemokinesis"],"picked":"SKIP","floor":18},{"not_picked":["Clothesline","Second Wind+1","Evolve+1"],"picked":"SKIP","floor":20},{"not_picked":["Metallicize","Armaments"],"picked":"Sword Boomerang+1","floor":21},{"not_picked":["Shrug It Off","Spot Weakness+1","Twin Strike"],"picked":"SKIP","floor":24},{"not_picked":["Armaments","Iron Wave+1","Uppercut"],"picked":"SKIP","floor":27},{"not_picked":["Clash","Pommel Strike","Searing Blow+1"],"picked":"SKIP","floor":31},{"not_picked":["Ghostly Armor","Warcry","Wild Strike"],"picked":"SKIP","floor":35},{"not_picked":["Twin Strike","Pommel Strike+1"],"picked":"Sword Boomerang","floor":37},{"not_picked":["Spot Weakness","Second Wind+1"],"picked":"Rage+1","floor":39}],"player_experience":853168,"relics_obtained":[{"floor":9,"key":"Ancient Tea Set"},{"floor":26,"key":"Meat on the Bone"},{"floor":37,"key":"Old Coin"},{"floor":43,"key":"Mummified Hand"}],"event_choices":[{"event_name":"Golden Shrine","player_choice":"Pray","floor":2,"damage_taken":0},{"event_name":"Purifier","player_choice":"One Purge","floor":19,"damage_taken":0},{"event_name":"Masked Bandits","player_choice":"Paid Bandits 80 gold","floor":25,"damage_taken":0},{"event_name":"Forgotten Altar","player_choice":"Shed Blood","floor":29,"damage_taken":0},{"event_name":"MindBloom","player_choice":"Fight","floor":37,"damage_taken":0},{"event_name":"Wheel of Change","player_choice":"Full Heal","floor":41,"damage_taken":0}],"is_beta":true,"boss_relics":[{"not_picked":["Runic Pyramid","Fusion Hammer"],"picked":"Mark of Pain"},{"not_picked":["Black Star","Philosopher\u0027s Stone"],"picked":"Empty Cage"}],"items_purged_floors":[3,11,22,38],"is_endless":false,"potions_floor_spawned":[1,5,10,12,14,16,21,24,31,33,35],"killed_by":"Transient","ascension_level":9}