{"gold_per_floor":[110,16,16,36,53,80,93,93,93,112,112,132,189,218,218,321,321,337,357,436,450,213,213,213,213,292,321,341,356,21,38,38,143,143,157,157,173,183,83,83,83,83,164,164,197,207,225,82,82,82,82,82,82,109,109],"floor_reached":55,"playtime":2409,"items_purged":["Strike_B","Defend_B"],"score":779,"play_id":"c2aeceb0-c67e-4728-bb17-8975d46b44c0","local_time":"20190315174204","is_ascension_mode":false,"campfire_choices":[{"data":"Defragment","floor":8,"key":"SMITH"},{"data":"Defragment","floor":11,"key":"SMITH"},{"floor":15,"key":"RECALL"},{"data":"Loop","floor":23,"key":"SMITH"},{"data":"Go for the Eyes","floor":25,"key":"SMITH"},{"floor":32,"key":"REST"},{"data":"Defragment","floor":40,"key":"SMITH"},{"data":"Blind","floor":42,"key":"SMITH"},{"data":"Biased Cognition","floor":44,"key":"SMITH"},{"floor":49,"key":"REST"},{"data":"Defragment","floor":52,"key":"SMITH"}],"neow_cost":"NONE","seed_source_timestamp":192882273325079,"circlet_count":0,"master_deck":["Defend_B","Zap+1","Dualcast","Compile Driver","Defragment+1","Ball Lightning","Go for the Eyes+1","Defragment+1","Glacier","Leap","Conserve Battery","Leap","Melter+1","Electrodynamics","Barrage+1","Loop+1","Blind+1","Biased Cognition+1","Defragment+1","Leap+1","Hello World+1","Undo+1","Stack+1","Cold Snap+1","Defragment+1","Core Surge+1","Skim+1","Aggregate+1"],"relics":["Cracked Core","Bottled Tornado","Tiny Chest","Molten Egg 2","Black Star","Symbiotic Virus","Gremlin Horn","Toxic Egg 2","Blue Candle","Mummified Hand","Astrolabe","Cables","Anchor","DataDisk","Regal Pillow","Art of War","Bronze Scales"],"potions_floor_usage":[6,6,14,18,21,28,28,45,47],"damage_taken":[{"damage":0,"enemies":"Small Slimes","floor":1,"turns":3},{"damage":6,"enemies":"Cultist","floor":4,"turns":3},{"damage":0,"enemies":"2 Louse","floor":5,"turns":3},{"damage":0,"enemies":"Gremlin Nob","floor":6,"turns":3},{"damage":2,"enemies":"Looter","floor":7,"turns":3},{"damage":6,"enemies":"Exordium Wildlife","floor":10,"turns":5},{"damage":0,"enemies":"2 Fungi Beasts","floor":12,"turns":5},{"damage":1,"enemies":"3 Sentries","floor":14,"turns":9},{"damage":16,"enemies":"Slime Boss","floor":16,"turns":8},{"damage":5,"enemies":"2 Thieves","floor":18,"turns":3},{"damage":0,"enemies":"Shell Parasite","floor":19,"turns":6},{"damage":12,"enemies":"Centurion and Healer","floor":21,"turns":5},{"damage":1,"enemies":"Gremlin Leader","floor":27,"turns":5},{"damage":2,"enemies":"Chosen and Byrds","floor":28,"turns":4},{"damage":25,"enemies":"Shelled Parasite and Fungi","floor":29,"turns":4},{"damage":17,"enemies":"Centurion and Healer","floor":31,"turns":2},{"damage":15,"enemies":"Collector","floor":33,"turns":11},{"damage":7,"enemies":"3 Darklings","floor":35,"turns":6},{"damage":3,"enemies":"Orb Walker","floor":37,"turns":4},{"damage":11,"enemies":"4 Shapes","floor":38,"turns":4},{"damage":13,"enemies":"Reptomancer","floor":45,"turns":6},{"damage":5,"enemies":"Sphere and 2 Shapes","floor":46,"turns":4},{"damage":13,"enemies":"Spire Growth","floor":47,"turns":4},{"damage":37,"enemies":"Time Eater","floor":50,"turns":9},{"damage":38,"enemies":"Shield and Spear","floor":54,"turns":6},{"damage":40,"enemies":"The Heart","floor":55,"turns":2}],"seed_played":"6866952296385221433","potions_obtained":[{"floor":3,"key":"PowerPotion"},{"floor":3,"key":"SteroidPotion"},{"floor":3,"key":"Ancient Potion"},{"floor":5,"key":"SkillPotion"},{"floor":6,"key":"Block Potion"},{"floor":12,"key":"Regen Potion"},{"floor":18,"key":"Weak Potion"},{"floor":21,"key":"SpeedPotion"},{"floor":27,"key":"Fruit Juice"},{"floor":29,"key":"Strength Potion"},{"floor":33,"key":"SteroidPotion"},{"floor":35,"key":"FocusPotion"}],"is_trial":false,"path_per_floor":["M","$","?","M","M","E","M","R","T","M","R","M","T","E","R","B",null,"M","M","T","M","$","R","?","R","T","E","M","M","$","M","R","B",null,"M","?","M","M","$","R","?","R","T","R","E","M","M","$","R","B",null,"R","$","E","B"],"character_chosen":"DEFECT","items_purchased":["Defragment","Ball Lightning","Loop","Blind","Mummified Hand","Defragment","Regal Pillow"],"campfire_rested":2,"item_purchase_floors":[2,2,22,22,30,30,48],"current_hp_per_floor":[75,75,75,69,69,69,67,67,67,61,61,61,61,75,75,59,75,70,70,70,58,58,58,58,58,58,57,60,35,35,18,42,27,80,73,73,70,59,59,59,59,59,59,59,46,41,28,28,65,28,76,76,76,38,0],"gold":109,"neow_bonus":"REMOVE_CARD","is_prod":false,"is_daily":false,"chose_seed":false,"campfire_upgraded":8,"win_rate":0,"timestamp":1552696924,"path_taken":["M","$","?","?","M","E","M","R","T","M","R","M","?","E","R","BOSS","M","M","?","M","$","R","?","R","T","E","M","M","$","?","R","BOSS","M","?","M","M","$","R","?","R","T","R","E","M","M","$","R","BOSS","R","$","E","BOSS"],"build_version":"2019-01-23","purchased_purges":2,"victory":false,"max_hp_per_floor":[75,75,75,75,75,75,75,75,75,75,75,75,75,75,75,75,75,75,75,75,75,75,75,75,75,75,75,80,80,80,80,80,80,80,80,80,80,80,80,80,76,76,76,76,76,76,76,76,76,76,76,76,76,76,76],"card_choices":[{"not_picked":["Beam Cell","Rebound"],"picked":"Compile Driver","floor":1},{"not_picked":["Darkness","Ball Lightning"],"picked":"Go for the Eyes","floor":4},{"not_picked":["Hologram","Scrape"],"picked":"Defragment","floor":5},{"not_picked":["Seek","Double Energy"],"picked":"Glacier","floor":6},{"not_picked":["Turbo","Compile Driver"],"picked":"Leap","floor":7},{"not_picked":["Barrage","Coolheaded"],"picked":"Conserve Battery","floor":10},{"not_picked":["Amplify","Steam Power"],"picked":"Leap","floor":12},{"not_picked":["Turbo","Cold Snap"],"picked":"Melter","floor":14},{"not_picked":["Seek","Biased Cognition"],"picked":"Electrodynamics","floor":16},{"not_picked":["Gash+1","Chaos","FTL+1"],"picked":"SKIP","floor":18},{"not_picked":["Sweeping Beam+1","Hologram+1"],"picked":"Barrage+1","floor":19},{"not_picked":["Streamline+1","Chaos+1","Barrage+1"],"picked":"SKIP","floor":21},{"not_picked":["Beam Cell+1","Turbo","Doom and Gloom+1"],"picked":"SKIP","floor":27},{"not_picked":["Conserve Battery+1","Turbo+1"],"picked":"Biased Cognition","floor":28},{"not_picked":["Gash+1","Sweeping Beam+1","Melter+1"],"picked":"SKIP","floor":29},{"not_picked":["Heatsinks","Cold Snap+1"],"picked":"Leap+1","floor":31},{"not_picked":["Go for the Eyes+1","Storm"],"picked":"Cold Snap+1","floor":35},{"not_picked":["Conserve Battery+1","Leap+1","Go for the Eyes+1"],"picked":"SKIP","floor":37},{"not_picked":["Conserve Battery+1","Sweeping Beam+1","Redo+1"],"picked":"SKIP","floor":38},{"not_picked":["Scrape+1","Coolheaded+1"],"picked":"Defragment","floor":45},{"not_picked":["Hologram+1","Rebound+1"],"picked":"Core Surge+1","floor":46},{"not_picked":["Cold Snap+1","Barrage+1"],"picked":"Skim+1","floor":47},{"not_picked":["Compile Driver+1","Cold Snap+1"],"picked":"Aggregate+1","floor":54}],"player_experience":474855,"relics_obtained":[{"floor":6,"key":"Bottled Tornado"},{"floor":13,"key":"Tiny Chest"},{"floor":14,"key":"Molten Egg 2"},{"floor":20,"key":"Symbiotic Virus"},{"floor":26,"key":"Gremlin Horn"},{"floor":27,"key":"Toxic Egg 2"},{"floor":27,"key":"Blue Candle"},{"floor":43,"key":"Cables"},{"floor":45,"key":"Anchor"},{"floor":45,"key":"DataDisk"},{"floor":54,"key":"Art of War"},{"floor":54,"key":"Bronze Scales"}],"event_choices":[{"damage_healed":0,"gold_gain":0,"player_choice":"Got Potions","damage_taken":0,"max_hp_gain":0,"max_hp_loss":0,"event_name":"Lab","floor":3,"gold_loss":0},{"damage_healed":0,"gold_gain":0,"player_choice":"Forge","damage_taken":0,"max_hp_gain":0,"max_hp_loss":0,"event_name":"Accursed Blacksmith","floor":24,"gold_loss":0,"cards_upgraded":["Zap"]},{"cards_removed":["Defend_B"],"damage_healed":0,"gold_gain":0,"player_choice":"Removed Skill","damage_taken":0,"max_hp_gain":0,"max_hp_loss":0,"event_name":"Falling","floor":36,"gold_loss":0},{"damage_healed":0,"gold_gain":0,"player_choice":"Max HP","damage_taken":0,"max_hp_gain":0,"max_hp_loss":4,"event_name":"Winding Halls","floor":41,"gold_loss":0}],"is_beta":false,"boss_relics":[{"not_picked":["Coffee Dripper","Runic Pyramid"],"picked":"Black Star"},{"not_picked":["Orrery","FrozenCore"],"picked":"Astrolabe"}],"items_purged_floors":[22,39],"is_endless":false,"potions_floor_spawned":[5,6,12,18,21,27,29,33,35],"killed_by":"The Heart","ascension_level":0}