{"path_per_floor":["M","?","?","?","M","E","M","R","T","M","E","R","?","M","R","B",null,"M","$","?","M","?","R","E","M","T","$","M","?","E","?","R","B",null,"M","M","$","?","M","R"],"character_chosen":"THE_SILENT","items_purchased":["Outmaneuver"],"gold_per_floor":[119,119,119,119,136,171,190,190,190,209,240,240,240,258,258,363,363,377,302,302,314,314,314,340,352,405,252,269,269,303,228,228,328,328,339,349,224,224,240,240],"floor_reached":41,"campfire_rested":1,"playtime":4196,"current_hp_per_floor":[58,51,37,37,39,18,18,39,53,53,53,53,53,53,53,30,72,72,72,88,87,87,87,87,73,73,73,70,70,72,72,72,14,81,72,23,23,90,69,69],"items_purged":["Normality","Dagger Spray","Regret"],"gold":240,"score":724,"play_id":"60df455f-75b6-439a-8346-a350a09e61c9","is_prod":false,"is_daily":false,"is_ascension_mode":true,"campfire_upgraded":5,"path_taken":["M","?","?","?","M","E","?","R","T","?","E","R","?","M","R","BOSS","M","$","?","M","?","R","E","M","T","$","?","?","E","?","R","BOSS","M","M","$","?","M","R","M"],"build_version":"2018-02-22-PROD2","purchased_purges":4,"victory":false,"master_deck":["Survivor","Neutralize+1","Dash","Grand Finale","Backflip+1","Backstab","Escape Plan","Backflip+1","Glass Knife","Dagger Spray","Flying Knee","Backflip","PiercingWail+1","Deflect","Backflip","Endless Agony","Leg Sweep","Footwork+1","Outmaneuver","Doppelganger","Parasite","Regret","Night Terror+1","Setup"],"max_hp_per_floor":[70,70,70,70,72,72,72,72,86,86,86,86,86,86,86,86,86,88,88,88,90,90,90,90,90,90,90,92,92,94,94,94,94,101,101,103,103,90,90,90],"relics":["Ring of the Snake","Singing Bowl","Mercury Hourglass","Mango","Snake Skull","Bag of Marbles","Pandora\u0027s Box","Ancient Tea Set","Anchor","Juzu Bracelet","Calling Bell","Orichalcum","Blood Vial","Strawberry"],"card_choices":[{"not_picked":["Poisoned Stab","Dodge and Roll"],"picked":"Dash"},{"not_picked":["Accuracy","Flying Knee"],"picked":"Grand Finale"},{"not_picked":["Endless Agony","Outmaneuver"],"picked":"Backflip"},{"not_picked":["Outmaneuver","Bane"],"picked":"Backstab"},{"not_picked":["Dagger Spray","Reflex"],"picked":"Escape Plan"},{"not_picked":["Poisoned Stab","Outmaneuver"],"picked":"Backflip"},{"not_picked":["Tactician","Grand Finale"],"picked":"Glass Knife"},{"not_picked":["Quick Slash","Acrobatics"],"picked":"Leg Sweep"},{"not_picked":["Underhanded Strike","Slice"],"picked":"Footwork"},{"not_picked":["After Image","Bullet Time"],"picked":"Doppelganger"},{"not_picked":["Acrobatics","Infinite Blades"],"picked":"Night Terror"},{"not_picked":["Bouncing Flask","Eviscerate"],"picked":"Setup"}],"player_experience":353346,"potions_floor_usage":[24,24,25,33,33],"damage_taken":[{"damage":5.0,"enemies":"Small Slimes","floor":1.0,"turns":4.0},{"damage":0.0,"enemies":"2 Louse","floor":5.0,"turns":3.0},{"damage":21.0,"enemies":"3 Sentries","floor":6.0,"turns":13.0},{"damage":0.0,"enemies":"Jaw Worm","floor":7.0,"turns":3.0},{"damage":0.0,"enemies":"2 Fungi Beasts","floor":10.0,"turns":2.0},{"damage":0.0,"enemies":"Gremlin Nob","floor":11.0,"turns":4.0},{"damage":0.0,"enemies":"3 Louse","floor":14.0,"turns":3.0},{"damage":23.0,"enemies":"The Guardian","floor":16.0,"turns":17.0},{"damage":2,"enemies":"3 Byrds","floor":18,"turns":4},{"damage":3,"enemies":"Shell Parasite","floor":21,"turns":4},{"damage":0,"enemies":"Slavers","floor":24,"turns":4},{"damage":14,"enemies":"Snake Plant","floor":25,"turns":4},{"damage":5,"enemies":"Slaver and Parasite","floor":28,"turns":6},{"damage":0,"enemies":"Gremlin Leader","floor":30,"turns":7},{"damage":58,"enemies":"Automaton","floor":33,"turns":17},{"damage":11,"enemies":"Orb Walker","floor":35,"turns":4},{"damage":53,"enemies":"3 Darklings","floor":36,"turns":6},{"damage":21,"enemies":"4 Shapes","floor":39,"turns":5},{"damage":77,"enemies":"Maw","floor":41,"turns":13}],"event_choices":[{"event_name":"Golden Wing","player_choice":"Card Removal","floor":2.0,"damage_taken":0.0},{"event_name":"Shining Light","player_choice":"Entered Light","floor":3.0,"damage_taken":0.0},{"event_name":"Scrap Ooze","player_choice":"unsuccessful","floor":4.0,"damage_taken":0.0},{"event_name":"Accursed Blacksmith","player_choice":"Rummage","floor":13.0,"damage_taken":0.0},{"event_name":"Bonfire Elementals","player_choice":"UNCOMMON","floor":20,"damage_taken":0},{"event_name":"Drug Dealer","player_choice":"Ignored","floor":22,"damage_taken":0},{"event_name":"Forgotten Altar","player_choice":"Smashed Altar","floor":29,"damage_taken":0},{"event_name":"Beggar","player_choice":"Gave Gold","floor":31,"damage_taken":0},{"event_name":"The Moai Head","player_choice":"Heal","floor":38,"damage_taken":0}],"boss_relics":[{"not_picked":["Snecko Eye","Tiny House"],"picked":"Pandora\u0027s Box"},{"not_picked":["The Specimen","Astrolabe"],"picked":"Calling Bell"}],"potions_floor_spawned":[1,6,10,11,14,18,21,24,28,35,36],"seed_played":"237236932312222573","killed_by":"Maw","ascension_level":9,"is_trial":false}