{"gold_per_floor":[119,119,130,130,130,130,160,160,160,178,205,205,216,236,236,307,307,320,330,330,53,53,53,66,98,146,146,16,16,34,47,47,121,121,131,142,142,159,171,171,185,205,230,258,37,37,54,54,54,54],"floor_reached":51,"playtime":2053,"items_purged":["Strike_G","Strike_G+1"],"score":1461,"play_id":"b77360f3-257d-4699-9486-acdf185d8565","local_time":"20190311234526","is_ascension_mode":true,"campfire_choices":[{"data":"Leg Sweep","floor":6.0,"key":"SMITH"},{"floor":8.0,"key":"REST"},{"data":"Catalyst","floor":12,"key":"SMITH"},{"floor":15,"key":"REST"},{"floor":23,"key":"REST"},{"data":"Catalyst","floor":27,"key":"SMITH"},{"floor":32,"key":"REST"},{"floor":40,"key":"REST"},{"data":"Catalyst","floor":46,"key":"SMITH"},{"floor":49,"key":"REST"}],"neow_cost":"NONE","seed_source_timestamp":452739336780673,"circlet_count":0,"master_deck":["AscendersBane","Defend_G+1","Defend_G+1","Defend_G+1","Defend_G+1","Defend_G+1","Strike_G+1","Strike_G+1","Strike_G+1","Survivor+1","Neutralize","Leg Sweep+1","Noxious Fumes+1","PiercingWail","Catalyst+1","Caltrops","Dagger Spray","Adrenaline","Catalyst+1","Crippling Poison","Deadly Poison","Well Laid Plans","Venomology","Deadly Poison+1","Corpse Explosion","Crippling Poison+1","Catalyst+1","Footwork","Catalyst"],"special_seed":0,"relics":["Ring of the Snake","NeowsBlessing","Mercury Hourglass","Gambling Chip","Oddly Smooth Stone","Strawberry","Black Star","PreservedInsect","Question Card","Blood Vial","Centennial Puzzle","Philosopher\u0027s Stone","Pen Nib","Vajra","Regal Pillow"],"potions_floor_usage":[11,16,24,25,33,35,38,39,41,44,48,50,50],"damage_taken":[{"damage":0.0,"enemies":"2 Louse","floor":1.0,"turns":1.0},{"damage":0.0,"enemies":"Small Slimes","floor":3.0,"turns":1.0},{"damage":0.0,"enemies":"Lagavulin","floor":7.0,"turns":1.0},{"damage":0.0,"enemies":"Jaw Worm","floor":10.0,"turns":4.0},{"damage":21,"enemies":"Gremlin Nob","floor":11,"turns":4},{"damage":7,"enemies":"Large Slime","floor":13,"turns":7},{"damage":4,"enemies":"Looter","floor":14,"turns":4},{"damage":16,"enemies":"Hexaghost","floor":16,"turns":10},{"damage":6,"enemies":"Shell Parasite","floor":18,"turns":6},{"damage":22,"enemies":"Spheric Guardian","floor":19,"turns":7},{"damage":9,"enemies":"Colosseum Slavers","floor":20,"turns":5},{"damage":3,"enemies":"Snake Plant","floor":24,"turns":4},{"damage":4,"enemies":"Book of Stabbing","floor":25,"turns":5},{"damage":0,"enemies":"Cultist and Chosen","floor":30,"turns":6},{"damage":4,"enemies":"Centurion and Healer","floor":31,"turns":5},{"damage":52,"enemies":"Automaton","floor":33,"turns":7},{"damage":20,"enemies":"3 Shapes","floor":35,"turns":5},{"damage":18,"enemies":"3 Darklings","floor":36,"turns":5},{"damage":0,"enemies":"Transient","floor":38,"turns":6},{"damage":0,"enemies":"4 Shapes","floor":39,"turns":3},{"damage":5,"enemies":"Jaw Worm Horde","floor":41,"turns":2},{"damage":5,"enemies":"3 Darklings","floor":42,"turns":2},{"damage":17,"enemies":"Giant Head","floor":44,"turns":6},{"damage":0,"enemies":"4 Shapes","floor":47,"turns":3},{"damage":0,"enemies":"Writhing Mass","floor":48,"turns":3},{"damage":21,"enemies":"Time Eater","floor":50,"turns":8}],"seed_played":"-4033969806150067908","potions_obtained":[{"floor":1.0,"key":"Swift Potion"},{"floor":13,"key":"Ancient Potion"},{"floor":14,"key":"Explosive Potion"},{"floor":16,"key":"Poison Potion"},{"floor":19,"key":"GhostInAJar"},{"floor":25,"key":"LiquidBronze"},{"floor":35,"key":"Energy Potion"},{"floor":41,"key":"GamblersBrew"}],"is_trial":false,"path_per_floor":["M","?","M","?","?","R","E","R","T","M","E","R","M","M","R","B",null,"M","M","?","$","?","R","M","E","T","R","$","?","M","M","R","B",null,"M","M","?","M","M","R","M","M","T","E","$","R","M","M","R","B",null],"character_chosen":"THE_SILENT","items_purchased":["PreservedInsect","Crippling Poison","Deadly Poison","Well Laid Plans","Catalyst","Footwork"],"campfire_rested":6,"item_purchase_floors":[21,21,28,28,45,45],"current_hp_per_floor":[59,33,33,33,13,13,13,32,32,32,18,18,11,7,28,12,58,52,30,21,21,21,42,39,35,35,35,35,35,37,35,56,6,56,50,34,34,36,38,59,56,53,53,38,38,38,40,42,73,52],"gold":54,"neow_bonus":"THREE_ENEMY_KILL","is_prod":false,"is_daily":false,"chose_seed":false,"campfire_upgraded":4,"win_rate":0,"timestamp":1552344326,"path_taken":["M","?","M","?","?","R","E","R","T","?","E","R","M","M","R","BOSS","M","M","?","$","?","R","M","E","T","R","$","?","M","M","R","BOSS","M","M","?","M","M","R","?","M","T","E","$","R","?","M","R","BOSS"],"build_version":"2019-01-23","purchased_purges":2,"victory":true,"max_hp_per_floor":[66,66,66,66,66,66,66,66,66,66,73,73,73,73,73,73,73,73,73,73,73,73,73,73,73,73,73,73,73,73,73,73,73,73,73,73,73,73,73,73,73,73,73,73,73,73,73,73,73,73],"card_choices":[{"not_picked":["Prepared","Outmaneuver"],"picked":"Leg Sweep","floor":1.0},{"not_picked":["Skewer","Outmaneuver"],"picked":"Noxious Fumes","floor":3.0},{"not_picked":["Quick Slash","Night Terror"],"picked":"PiercingWail","floor":7.0},{"not_picked":["Sucker Punch","Blur"],"picked":"Catalyst","floor":10.0},{"not_picked":["Unload","Poisoned Stab","Blade Dance"],"picked":"SKIP","floor":11},{"not_picked":["Flechettes","PiercingWail"],"picked":"Caltrops","floor":13},{"not_picked":["Tactician","Sucker Punch"],"picked":"Dagger Spray","floor":14},{"not_picked":["Storm of Steel","Unload"],"picked":"Adrenaline","floor":16},{"not_picked":["Eviscerate","Acrobatics"],"picked":"Catalyst","floor":18},{"not_picked":["Blade Dance","Choke","Acrobatics"],"picked":"SKIP","floor":19},{"not_picked":["Dagger Spray","Dagger Throw","Finisher"],"picked":"SKIP","floor":24},{"not_picked":["Masterful Stab+1","Concentrate","Caltrops"],"picked":"SKIP","floor":25},{"not_picked":["Backstab","Flying Knee+1","Finisher","Slice"],"picked":"SKIP","floor":30},{"not_picked":["Bullet Time","Terror","Flying Knee","Choke"],"picked":"SKIP","floor":31},{"not_picked":["Glass Knife","After Image","Doppelganger"],"picked":"Venomology","floor":33},{"not_picked":["Choke","Prepared+1","Deflect","Poisoned Stab+1"],"picked":"SKIP","floor":35},{"not_picked":["Underhanded Strike","Prepared","Slice"],"picked":"Deadly Poison+1","floor":36},{"not_picked":["Slice","Concentrate","Poisoned Stab","Dodge and Roll"],"picked":"SKIP","floor":38},{"not_picked":["Underhanded Strike","Riddle With Holes+1","Calculated Gamble+1","Wraith Form v2"],"picked":"SKIP","floor":39},{"not_picked":["Expertise","Prepared+1","PiercingWail"],"picked":"Crippling Poison+1","floor":41},{"not_picked":["Terror","Dagger Spray","Dodge and Roll+1","Poisoned Stab+1"],"picked":"SKIP","floor":42},{"not_picked":["PiercingWail","Deflect","Deadly Poison","Reflex+1"],"picked":"SKIP","floor":44},{"not_picked":["Poisoned Stab","Deflect+1","Caltrops"],"picked":"Catalyst","floor":47}],"player_experience":974264,"relics_obtained":[{"floor":7.0,"key":"Gambling Chip"},{"floor":9.0,"key":"Oddly Smooth Stone"},{"floor":11,"key":"Strawberry"},{"floor":25,"key":"Question Card"},{"floor":25,"key":"Blood Vial"},{"floor":26,"key":"Centennial Puzzle"},{"floor":43,"key":"Pen Nib"},{"floor":44,"key":"Vajra"},{"floor":44,"key":"Regal Pillow"}],"event_choices":[{"damage_healed":0.0,"max_hp_gain":0.0,"max_hp_loss":0.0,"gold_gain":0.0,"event_name":"Scrap Ooze","player_choice":"Success","floor":2.0,"gold_loss":0.0,"damage_taken":26.0,"relics_obtained":["Mercury Hourglass"]},{"damage_healed":0.0,"max_hp_gain":0.0,"max_hp_loss":0.0,"gold_gain":0.0,"event_name":"Living Wall","player_choice":"Grow","floor":4.0,"gold_loss":0.0,"damage_taken":0.0,"cards_upgraded":["Noxious Fumes"]},{"damage_healed":0.0,"max_hp_gain":0.0,"max_hp_loss":0.0,"gold_gain":0.0,"event_name":"Shining Light","player_choice":"Entered Light","floor":5.0,"gold_loss":0.0,"damage_taken":20.0,"cards_upgraded":["Strike_G","Survivor"]},{"damage_healed":0,"gold_gain":0,"player_choice":"Fight","damage_taken":0,"max_hp_gain":0,"max_hp_loss":0,"event_name":"Colosseum","floor":20,"gold_loss":0},{"damage_healed":0,"gold_gain":0,"player_choice":"Fled From Nobs","damage_taken":0,"max_hp_gain":0,"max_hp_loss":0,"event_name":"Colosseum","floor":20,"gold_loss":0},{"damage_healed":0,"gold_gain":0,"player_choice":"Simplicity","damage_taken":0,"max_hp_gain":0,"max_hp_loss":0,"event_name":"Back to Basics","floor":22,"gold_loss":0,"cards_upgraded":["Defend_G","Defend_G","Defend_G","Defend_G","Defend_G","Strike_G","Strike_G","Strike_G"]},{"damage_healed":0,"gold_gain":0,"player_choice":"Ignored","damage_taken":0,"max_hp_gain":0,"max_hp_loss":0,"event_name":"Vampires","floor":29,"gold_loss":0},{"damage_healed":0,"gold_gain":0,"player_choice":"1 cards matched","damage_taken":0,"max_hp_gain":0,"max_hp_loss":0,"event_name":"Match and Keep!","floor":37,"gold_loss":0,"cards_obtained":["Corpse Explosion"]}],"is_beta":false,"boss_relics":[{"not_picked":["Snecko Eye","Runic Dome"],"picked":"Black Star"},{"not_picked":["Astrolabe","Cursed Key"],"picked":"Philosopher\u0027s Stone"}],"items_purged_floors":[21,45],"is_endless":false,"potions_floor_spawned":[1,13,14,16,19,20,25,35,41,42,48],"ascension_level":19}