{"path_per_floor":["M","?","M","?","$","E","M","R","T","?","M","?","M","M","R","B",null,"M","$","?","M","$"],"character_chosen":"IRONCLAD","items_purchased":["Apotheosis","Rampage","Flex"],"gold_per_floor":[117,117,131,206,0,28,48,48,48,48,67,17,35,54,54,150,150,161,0,0,10,10],"floor_reached":23,"campfire_rested":1,"playtime":2112,"current_hp_per_floor":[78,78,80,69,69,45,50,50,50,50,51,51,42,48,72,73,80,65,65,65,52,52],"items_purged":["Strike_R"],"gold":10,"score":191,"play_id":"3f97a590-7ea1-472d-9355-b7375e9b515b","is_prod":false,"is_daily":false,"is_ascension_mode":false,"campfire_upgraded":1,"path_taken":["M","?","M","?","$","E","M","R","T","?","M","?","M","?","R","BOSS","M","$","?","M","?","E"],"build_version":"2018-02-15-PROD1","purchased_purges":2,"victory":false,"master_deck":["Strike_R","Strike_R","Strike_R","Defend_R","Defend_R","Defend_R","Defend_R","Bash","Shrug It Off","Warcry","Apotheosis","Flex+1","Shrug It Off","Pommel Strike","Sword Boomerang","Barricade","Rampage","Flex","Anger"],"max_hp_per_floor":[80,80,80,80,80,80,80,80,80,80,80,80,80,80,80,80,80,80,80,80,80,80],"relics":["Burning Blood","Shuriken","Pen Nib","Ancient Tea Set","Question Card"],"card_choices":[{"not_picked":["Rage","Anger"],"picked":"Shrug It Off"},{"not_picked":["Disarm","Sever Soul"],"picked":"Warcry"},{"not_picked":["Feel No Pain","Clothesline"],"picked":"Flex"},{"not_picked":["Blood for Blood","Thunderclap"],"picked":"Shrug It Off"},{"not_picked":["Infernal Blade","Battle Trance"],"picked":"Pommel Strike"},{"not_picked":["Uppercut","Twin Strike"],"picked":"Sword Boomerang"},{"not_picked":["Dark Embrace","Demon Form"],"picked":"Barricade"}],"player_experience":0,"potions_floor_usage":[16,21,23],"damage_taken":[{"damage":8,"enemies":"Jaw Worm","floor":1,"turns":6},{"damage":2,"enemies":"2 Louse","floor":3,"turns":3},{"damage":30,"enemies":"Lagavulin","floor":6,"turns":8},{"damage":1,"enemies":"Cultist","floor":7,"turns":3},{"damage":5,"enemies":"2 Fungi Beasts","floor":11,"turns":5},{"damage":15,"enemies":"Exordium Thugs","floor":13,"turns":8},{"damage":0,"enemies":"Exordium Wildlife","floor":14,"turns":6},{"damage":5,"enemies":"The Guardian","floor":16,"turns":12},{"damage":21,"enemies":"Spheric Guardian","floor":18,"turns":12},{"damage":19,"enemies":"Shell Parasite","floor":21,"turns":5},{"damage":52,"enemies":"Gremlin Leader","floor":23,"turns":8}],"event_choices":[{"event_name":"Big Fish","player_choice":"Box","floor":2,"damage_taken":0},{"event_name":"World of Goop","player_choice":"Gather Gold","floor":4,"damage_taken":0},{"event_name":"Living Wall","player_choice":"Forget","floor":10,"damage_taken":0},{"event_name":"The Cleric","player_choice":"Card Removal","floor":12,"damage_taken":0},{"event_name":"The Library","player_choice":"Read","floor":20,"damage_taken":0}],"boss_relics":[{"not_picked":["Calling Bell","Runic Pyramid"],"picked":"Question Card"}],"potions_floor_spawned":[1,6,7,13],"seed_played":"5761722090087920939","killed_by":"Gremlin Leader","ascension_level":0,"is_trial":false}