{"gold_per_floor":[209,284,284,284,37,37,53,53,106,106,117,152,170,188,188,293,293,293,208,208,208,32,32,32,32,32,32,32,32,32,32,32,32,32,32,32,32,32,32,32,32,32,32,32,32,32,32,32,32,32],"floor_reached":50,"playtime":2305,"items_purged":["Strike_B","Strike_B"],"score":808,"play_id":"c6711de0-a38d-4058-8efb-960bd6743596","local_time":"20190314173757","is_ascension_mode":true,"campfire_choices":[{"data":"Gash","floor":6,"key":"SMITH"},{"data":"Glacier","floor":8,"key":"SMITH"},{"data":"Zap","floor":10,"key":"SMITH"},{"floor":15,"key":"REST"},{"floor":24,"key":"REST"},{"data":"Blizzard","floor":27,"key":"SMITH"},{"floor":32,"key":"REST"},{"data":"Defragment","floor":44,"key":"SMITH"},{"floor":47,"key":"RECALL"},{"floor":49,"key":"REST"}],"neow_cost":"NONE","seed_source_timestamp":22170595198374,"circlet_count":0,"master_deck":["Strike_B+1","Defend_B","Defend_B","Defend_B+1","Defend_B","Zap+1","Dualcast","Gash+1","Glacier+1","Blizzard+1","Gash","Sweeping Beam","Cold Snap","Gash","Scrape","White Noise","All For One","Gash","Beam Cell+1","Go for the Eyes","BootSequence","Capacitor","Hologram+1","Gash","Electrodynamics","Conserve Battery","Defragment+1","Self Repair+1","Conserve Battery+1"],"relics":["Cracked Core","Gambling Chip","Potion Belt","Bag of Marbles","Ectoplasm","Calipers","Thread and Needle","Symbiotic Virus","Blue Candle","Art of War","Orichalcum","Runic Pyramid","Bottled Tornado","Incense Burner"],"potions_floor_usage":[20,25,33,46,48,50,50],"damage_taken":[{"damage":5,"enemies":"Small Slimes","floor":1,"turns":3},{"damage":0,"enemies":"Jaw Worm","floor":7,"turns":4},{"damage":0,"enemies":"Cultist","floor":11,"turns":2},{"damage":19,"enemies":"Gremlin Nob","floor":12,"turns":4},{"damage":0,"enemies":"Looter","floor":13,"turns":2},{"damage":0,"enemies":"Lots of Slimes","floor":14,"turns":2},{"damage":21,"enemies":"Hexaghost","floor":16,"turns":8},{"damage":0,"enemies":"Spheric Guardian","floor":18,"turns":3},{"damage":20,"enemies":"Colosseum Slavers","floor":20,"turns":3},{"damage":19,"enemies":"Colosseum Nobs","floor":20,"turns":4},{"damage":0,"enemies":"Shell Parasite","floor":21,"turns":2},{"damage":5,"enemies":"Book of Stabbing","floor":23,"turns":5},{"damage":6,"enemies":"Slavers","floor":25,"turns":3},{"damage":17,"enemies":"Snake Plant","floor":28,"turns":3},{"damage":0,"enemies":"Sentry and Sphere","floor":31,"turns":3},{"damage":46,"enemies":"Collector","floor":33,"turns":9},{"damage":0,"enemies":"3 Shapes","floor":35,"turns":3},{"damage":0,"enemies":"3 Darklings","floor":36,"turns":2},{"damage":18,"enemies":"Maw","floor":38,"turns":6},{"damage":0,"enemies":"Writhing Mass","floor":39,"turns":6},{"damage":2,"enemies":"Nemesis","floor":40,"turns":5},{"damage":9,"enemies":"Jaw Worm Horde","floor":45,"turns":4},{"damage":11,"enemies":"Reptomancer","floor":46,"turns":5},{"damage":17,"enemies":"Spire Growth","floor":48,"turns":4},{"damage":54,"enemies":"Awakened One","floor":50,"turns":6}],"seed_played":"8178098089830015112","potions_obtained":[{"floor":7,"key":"FearPotion"},{"floor":11,"key":"SkillPotion"},{"floor":16,"key":"LiquidBronze"},{"floor":20,"key":"GamblersBrew"},{"floor":21,"key":"AttackPotion"},{"floor":23,"key":"Regen Potion"},{"floor":33,"key":"AttackPotion"},{"floor":38,"key":"Regen Potion"},{"floor":39,"key":"Weak Potion"},{"floor":45,"key":"SteroidPotion"},{"floor":48,"key":"Dexterity Potion"}],"is_trial":false,"path_per_floor":["M","?","?","T","$","R","M","R","T","R","M","E","M","M","R","B",null,"M","?","?","M","$","E","R","E","T","R","M","?","?","M","R","B",null,"M","M","$","M","M","E","$","?","T","R","M","E","R","M","R","B"],"character_chosen":"DEFECT","items_purchased":["Glacier","Blizzard","Gash","BootSequence"],"campfire_rested":4,"item_purchase_floors":[5,5,5,22],"current_hp_per_floor":[63,52,37,37,37,37,37,37,37,37,37,18,18,18,40,19,61,61,61,22,22,22,17,39,33,33,33,16,16,16,16,38,7,58,58,58,58,40,40,38,38,38,38,38,29,28,28,26,48,0],"gold":32,"neow_bonus":"HUNDRED_GOLD","is_prod":false,"is_daily":false,"chose_seed":false,"campfire_upgraded":5,"win_rate":0,"timestamp":1552595877,"path_taken":["M","?","?","?","$","R","M","R","T","R","M","E","M","M","R","BOSS","M","?","?","M","$","E","R","E","T","R","M","?","?","M","R","BOSS","M","?","$","M","M","E","$","?","T","R","M","E","R","M","R","BOSS"],"build_version":"2019-02-06","purchased_purges":2,"victory":false,"max_hp_per_floor":[75,75,75,75,75,75,75,75,75,75,75,75,75,75,75,75,75,75,75,75,75,75,75,75,75,75,75,75,75,75,75,75,75,75,75,75,75,75,75,75,75,75,75,75,75,75,75,75,75,75],"card_choices":[{"not_picked":["Cold Snap","Steam"],"picked":"Gash","floor":1},{"not_picked":["Steam","Heatsinks"],"picked":"Sweeping Beam","floor":7},{"not_picked":["Storm","Doom and Gloom"],"picked":"Cold Snap","floor":11},{"not_picked":["Reprogram","Storm"],"picked":"Gash","floor":12},{"not_picked":["Double Energy","Compile Driver"],"picked":"Scrape","floor":13},{"not_picked":["Steam","Fusion"],"picked":"White Noise","floor":14},{"not_picked":["Rainbow","Buffer"],"picked":"All For One","floor":16},{"not_picked":["Auto Shields","Barrage"],"picked":"Gash","floor":18},{"not_picked":["Leap+1","Storm"],"picked":"Beam Cell+1","floor":20},{"not_picked":["Compile Driver","Stack"],"picked":"Go for the Eyes","floor":21},{"not_picked":["Redo+1","Rip and Tear"],"picked":"Capacitor","floor":23},{"not_picked":["Compile Driver","Rebound","Go for the Eyes"],"picked":"SKIP","floor":25},{"not_picked":["Thunder Strike","Turbo"],"picked":"Hologram+1","floor":28},{"not_picked":["Steam Power+1","Storm+1"],"picked":"Gash","floor":31},{"not_picked":["Amplify","Buffer"],"picked":"Electrodynamics","floor":33},{"not_picked":["Sweeping Beam+1","Stack+1","Gash"],"picked":"SKIP","floor":35},{"not_picked":["Coolheaded","Rebound"],"picked":"Conserve Battery","floor":36},{"not_picked":["FTL+1","Ball Lightning+1"],"picked":"Defragment","floor":38},{"not_picked":["Rip and Tear","Barrage+1","Ball Lightning+1"],"picked":"SKIP","floor":39},{"not_picked":["Lockon+1","Cold Snap+1","Amplify"],"picked":"SKIP","floor":40},{"not_picked":["Gash","Hologram"],"picked":"Self Repair+1","floor":45},{"not_picked":["Compile Driver+1","Consume","Doom and Gloom+1"],"picked":"SKIP","floor":46},{"not_picked":["Consume","Tempest+1"],"picked":"Conserve Battery+1","floor":48}],"player_experience":960794,"relics_obtained":[{"floor":4,"key":"Gambling Chip"},{"floor":9,"key":"Potion Belt"},{"floor":12,"key":"Bag of Marbles"},{"floor":20,"key":"Thread and Needle"},{"floor":20,"key":"Symbiotic Virus"},{"floor":23,"key":"Blue Candle"},{"floor":25,"key":"Art of War"},{"floor":26,"key":"Orichalcum"},{"floor":40,"key":"Bottled Tornado"},{"floor":46,"key":"Incense Burner"}],"event_choices":[{"damage_healed":0,"gold_gain":75,"player_choice":"Gather Gold","damage_taken":11,"max_hp_gain":0,"max_hp_loss":0,"event_name":"World of Goop","floor":2,"gold_loss":0},{"damage_healed":0,"gold_gain":0,"player_choice":"Entered Light","damage_taken":15,"max_hp_gain":0,"max_hp_loss":0,"event_name":"Shining Light","floor":3,"gold_loss":0,"cards_upgraded":["Defend_B","Strike_B"]},{"damage_healed":0,"gold_gain":0,"player_choice":"Obtained Relic","damage_taken":0,"relics_obtained":["Calipers"],"max_hp_gain":0,"max_hp_loss":0,"event_name":"Addict","floor":19,"gold_loss":85},{"damage_healed":0,"gold_gain":0,"player_choice":"Fight","damage_taken":0,"max_hp_gain":0,"max_hp_loss":0,"event_name":"Colosseum","floor":20,"gold_loss":0},{"damage_healed":0,"gold_gain":0,"player_choice":"Fought Nobs","damage_taken":0,"max_hp_gain":0,"max_hp_loss":0,"event_name":"Colosseum","floor":20,"gold_loss":0},{"damage_healed":0,"gold_gain":0,"player_choice":"Ignored","damage_taken":0,"max_hp_gain":0,"max_hp_loss":0,"event_name":"Beggar","floor":29,"gold_loss":0},{"cards_removed":["Strike_B"],"damage_healed":0,"gold_gain":0,"player_choice":"Card Removal","damage_taken":0,"max_hp_gain":0,"max_hp_loss":0,"event_name":"Wheel of Change","floor":30,"gold_loss":0},{"damage_healed":0,"gold_gain":0,"player_choice":"Ignored","damage_taken":0,"max_hp_gain":0,"max_hp_loss":0,"event_name":"SecretPortal","floor":42,"gold_loss":0}],"is_beta":true,"boss_relics":[{"not_picked":["Orrery","Tiny House"],"picked":"Ectoplasm"},{"not_picked":["Pandora\u0027s Box","FrozenCore"],"picked":"Runic Pyramid"}],"items_purged_floors":[5,22],"is_endless":false,"potions_floor_spawned":[7,11,16,20,20,21,23,33,38,39,45,48],"killed_by":"Awakened One","ascension_level":9}