{"gold_per_floor":[116,191,206,206,61,91,266,266,266,63,63,83,99,119,119,220,220,237,337,19,29,29,29,58,58,58,58,71,24,24,36,36,134,134,146,198,198,212,18,45,65,77,77,77,77,77,77,38,38,38],"floor_reached":51,"playtime":2594,"items_purged":["Strike_B","Doubt"],"score":741,"play_id":"b64a1de6-e28b-43e9-ac9f-ec354dbaf066","local_time":"20190209122054","is_ascension_mode":false,"campfire_choices":[{"data":"Leap","floor":8,"key":"SMITH"},{"data":"Go for the Eyes","floor":11,"key":"SMITH"},{"data":"Zap","floor":15,"key":"SMITH"},{"floor":23,"key":"REST"},{"floor":25,"key":"REST"},{"data":"Seek","floor":27,"key":"SMITH"},{"data":"Beam Cell","floor":30,"key":"SMITH"},{"data":"Recycle","floor":32,"key":"SMITH"},{"floor":44,"key":"REST"},{"floor":47,"key":"REST"},{"floor":49,"key":"REST"}],"neow_cost":"NONE","seed_source_timestamp":34681987207302,"circlet_count":0,"master_deck":["Strike_B","Defend_B","Defend_B","Defend_B","Defend_B","Zap+1","Dualcast","Double Energy","Leap+1","FTL","Core Surge","Go for the Eyes+1","Cold Snap","Conserve Battery","Beam Cell+1","Buffer","Recycle+1","Swift Strike+1","Scrape+1","Streamline+1","Iron Wave","Seek+1","Gash+1","Gash+1","Chill","All For One+1","Chill+1","BootSequence+1","Scrape+1","Go for the Eyes+1"],"relics":["Cracked Core","NeowsBlessing","Centennial Puzzle","Shuriken","Empty Cage","Unceasing Top","Molten Egg 2","Sling","Boot","Pear","Fusion Hammer","Ginger","The Courier","Bottled Lightning","Darkstone Periapt","Bottled Flame"],"potions_floor_usage":[16,18,19,24,33,35,35,35,50],"damage_taken":[{"damage":0,"enemies":"Cultist","floor":1,"turns":1},{"damage":0,"enemies":"Jaw Worm","floor":3,"turns":1},{"damage":0,"enemies":"Lagavulin","floor":6,"turns":1},{"damage":0,"enemies":"Small Slimes","floor":12,"turns":3},{"damage":2,"enemies":"Blue Slaver","floor":13,"turns":3},{"damage":6,"enemies":"Large Slime","floor":14,"turns":4},{"damage":12,"enemies":"The Guardian","floor":16,"turns":10},{"damage":0,"enemies":"Spheric Guardian","floor":18,"turns":5},{"damage":25,"enemies":"Colosseum Slavers","floor":19,"turns":4},{"damage":26,"enemies":"Colosseum Nobs","floor":19,"turns":6},{"damage":1,"enemies":"Chosen","floor":21,"turns":3},{"damage":22,"enemies":"Book of Stabbing","floor":24,"turns":5},{"damage":0,"enemies":"Snake Plant","floor":28,"turns":5},{"damage":5,"enemies":"Cultist and Chosen","floor":31,"turns":5},{"damage":32,"enemies":"Automaton","floor":33,"turns":8},{"damage":2,"enemies":"3 Darklings","floor":35,"turns":4},{"damage":6,"enemies":"2 Orb Walkers","floor":36,"turns":3},{"damage":0,"enemies":"3 Shapes","floor":38,"turns":2},{"damage":0,"enemies":"Giant Head","floor":40,"turns":4},{"damage":10,"enemies":"Sphere and 2 Shapes","floor":41,"turns":5},{"damage":11,"enemies":"Writhing Mass","floor":42,"turns":5},{"damage":44,"enemies":"Time Eater","floor":50,"turns":7}],"seed_played":"575887604158129397","potions_obtained":[{"floor":1,"key":"AttackPotion"},{"floor":12,"key":"Poison Potion"},{"floor":19,"key":"Explosive Potion"},{"floor":21,"key":"Strength Potion"},{"floor":31,"key":"Block Potion"},{"floor":33,"key":"EntropicBrew"},{"floor":35,"key":"Fire Potion"}],"is_trial":false,"path_per_floor":["M","?","M","?","$","E","?","R","T","$","R","M","M","M","R","B",null,"M","?","$","M","?","R","E","R","T","R","M","$","R","M","R","B",null,"M","?","T","M","$","E","M","M","T","R","?","?","R","$","R","B",null],"character_chosen":"DEFECT","items_purchased":["FTL","Go for the Eyes","FocusPotion","Swift Strike+1","Scrape+1","Sling","Gash+1","Bottled Lightning","Go for the Eyes+1"],"campfire_rested":5,"item_purchase_floors":[5,10,10,20,20,20,29,39,48],"current_hp_per_floor":[75,64,64,64,64,64,64,64,64,64,64,64,62,56,56,44,75,75,24,24,23,23,45,23,45,55,55,55,55,55,50,50,18,85,83,77,77,77,77,77,67,56,56,81,81,81,81,81,81,37],"gold":38,"neow_bonus":"THREE_ENEMY_KILL","is_prod":false,"is_daily":false,"chose_seed":false,"campfire_upgraded":6,"win_rate":0,"timestamp":1549736454,"path_taken":["M","?","M","?","?","E","?","R","T","$","R","?","M","M","R","BOSS","M","?","$","M","?","R","E","R","T","R","M","$","R","?","R","BOSS","M","?","?","M","$","E","?","M","T","R","?","?","R","$","R","BOSS"],"build_version":"2019-01-23","purchased_purges":2,"victory":true,"max_hp_per_floor":[75,75,75,75,75,75,75,75,75,75,75,75,75,75,75,75,75,75,75,75,75,75,75,75,75,85,85,85,85,85,85,85,85,85,85,85,85,85,85,85,85,85,85,85,85,81,81,81,81,81],"card_choices":[{"not_picked":["Loop","Compile Driver"],"picked":"Double Energy","floor":1},{"not_picked":["Streamline","Redo"],"picked":"Leap","floor":3},{"not_picked":["Lockon","Aggregate"],"picked":"Core Surge","floor":6},{"not_picked":["Tempest","Stack"],"picked":"Cold Snap","floor":12},{"not_picked":["Barrage","Tempest"],"picked":"Conserve Battery","floor":13},{"not_picked":["FTL","Coolheaded"],"picked":"Beam Cell","floor":14},{"not_picked":["Multi-Cast","Rainbow"],"picked":"Buffer","floor":16},{"not_picked":["Redo","Leap+1"],"picked":"Defragment","floor":18},{"not_picked":["Steam","Turbo"],"picked":"Recycle","floor":19},{"not_picked":["Undo","Barrage+1"],"picked":"Streamline+1","floor":21},{"not_picked":["Cold Snap+1","Tempest"],"picked":"Seek","floor":24},{"not_picked":["Rebound+1","Recycle"],"picked":"Gash+1","floor":28},{"not_picked":["Ball Lightning+1","Streamline+1"],"picked":"Chill","floor":31},{"not_picked":["Creative AI","Fission"],"picked":"All For One+1","floor":33},{"not_picked":["Leap+1","Streamline+1"],"picked":"Chill+1","floor":35},{"not_picked":["Leap","Stack+1"],"picked":"BootSequence+1","floor":36},{"not_picked":["Chill","Reinforced Body"],"picked":"Scrape+1","floor":38},{"not_picked":["Cold Snap+1","Stack","Thunder Strike+1"],"picked":"SKIP","floor":40},{"not_picked":["Redo","Sweeping Beam+1","White Noise"],"picked":"SKIP","floor":41},{"not_picked":["Scrape+1","Compile Driver+1","Ball Lightning+1"],"picked":"SKIP","floor":42}],"player_experience":133683,"relics_obtained":[{"floor":6,"key":"Centennial Puzzle"},{"floor":9,"key":"Shuriken"},{"floor":19,"key":"Unceasing Top"},{"floor":19,"key":"Molten Egg 2"},{"floor":24,"key":"Boot"},{"floor":26,"key":"Pear"},{"floor":36,"key":"Ginger"},{"floor":37,"key":"The Courier"},{"floor":40,"key":"Darkstone Periapt"},{"floor":43,"key":"Bottled Flame"}],"event_choices":[{"damage_healed":0,"gold_gain":75,"player_choice":"Gather Gold","damage_taken":11,"max_hp_gain":0,"max_hp_loss":0,"event_name":"World of Goop","floor":2,"gold_loss":0},{"damage_healed":0,"gold_gain":0,"player_choice":"Leave","damage_taken":0,"max_hp_gain":0,"max_hp_loss":0,"event_name":"The Cleric","floor":4,"gold_loss":0},{"damage_healed":0,"gold_gain":175,"player_choice":"AGREE","damage_taken":0,"max_hp_gain":0,"max_hp_loss":0,"event_name":"Liars Game","floor":7,"gold_loss":0,"cards_obtained":["Doubt"]},{"damage_healed":0,"gold_gain":0,"player_choice":"Fight","damage_taken":0,"max_hp_gain":0,"max_hp_loss":0,"event_name":"Colosseum","floor":19,"gold_loss":0},{"damage_healed":0,"gold_gain":0,"player_choice":"Fought Nobs","damage_taken":0,"max_hp_gain":0,"max_hp_loss":0,"event_name":"Colosseum","floor":19,"gold_loss":0},{"cards_removed":["Defragment"],"damage_healed":0,"gold_gain":0,"player_choice":"Took Card","damage_taken":0,"max_hp_gain":0,"max_hp_loss":0,"event_name":"NoteForYourself","floor":22,"gold_loss":0,"cards_obtained":["Iron Wave"]},{"damage_healed":0,"gold_gain":0,"player_choice":"Fight","damage_taken":0,"max_hp_gain":0,"max_hp_loss":0,"event_name":"Mysterious Sphere","floor":36,"gold_loss":0},{"damage_healed":0,"gold_gain":0,"player_choice":"Memory 1","damage_taken":0,"max_hp_gain":0,"max_hp_loss":0,"event_name":"SensoryStone","floor":45,"gold_loss":0},{"damage_healed":0,"gold_gain":0,"player_choice":"Max HP","damage_taken":0,"max_hp_gain":0,"max_hp_loss":4,"event_name":"Winding Halls","floor":46,"gold_loss":0}],"is_beta":false,"boss_relics":[{"not_picked":["Nuclear Battery","Runic Pyramid"],"picked":"Empty Cage"},{"not_picked":["Runic Dome","Snecko Eye"],"picked":"Fusion Hammer"}],"items_purged_floors":[5,10],"is_endless":false,"potions_floor_spawned":[1,12,14,19,21,31,33,35,36,40],"ascension_level":0}