{"path_per_floor":["M","$","?","M","?","R","?","?","T","M","R","$","M","?","R","B",null,"M","M","M","$","?","?","$","R","T","R","M","R","?","M","R"],"character_chosen":"THE_SILENT","items_purchased":["Footwork","Blur"],"gold_per_floor":[111,36,36,52,52,52,52,52,75,91,91,22,36,60,60,161,161,172,185,195,13,13,13,13,13,13,13,29,29,29,49,49],"floor_reached":33,"campfire_rested":3,"playtime":1968,"current_hp_per_floor":[61,61,61,58,45,45,45,38,38,38,38,38,38,37,57,38,60,56,29,26,26,26,26,26,46,53,53,48,48,48,21,43],"items_purged":["Parasite","Strike_G"],"gold":49,"score":350,"play_id":"1df50bb2-3d96-4d7e-a38a-da6b87bb9da3","is_prod":false,"is_daily":false,"is_ascension_mode":true,"campfire_upgraded":4,"path_taken":["M","$","?","M","?","R","?","?","T","?","R","$","M","?","R","BOSS","M","M","?","$","?","?","$","R","T","R","M","R","?","?","R","BOSS"],"build_version":"2018-02-22-PROD2","purchased_purges":2,"victory":false,"master_deck":["Defend_G","Defend_G","Defend_G","Defend_G","Defend_G+1","Strike_G","Strike_G","Strike_G","Strike_G","Survivor","Neutralize+1","Night Terror+1","Noxious Fumes+1","Dagger Spray+1","Backflip","Footwork+1","Terror+1","Escape Plan","Blur","Dramatic Entrance","Deadly Poison+1"],"max_hp_per_floor":[70,67,67,67,67,67,67,67,67,67,67,67,67,67,67,67,67,67,67,67,67,67,67,67,67,74,74,74,74,74,74,74],"relics":["Ring of the Snake","Prayer Wheel","Anchor","Odd Mushroom","Velvet Choker","Strawberry","Matryoshka"],"card_choices":[{"not_picked":["Setup","PiercingWail"],"picked":"Noxious Fumes"},{"not_picked":["Crippling Poison","Quick Slash"],"picked":"Dagger Spray"},{"not_picked":["Acrobatics","Bane"],"picked":"Backflip"},{"not_picked":["Slice","All Out Attack"],"picked":"Terror"},{"not_picked":["Deflect","Prepared"],"picked":"Escape Plan"},{"not_picked":["Concentrate","Sucker Punch"],"picked":"Deadly Poison"}],"player_experience":371925,"potions_floor_usage":[13,14,19,20,20,31,33],"damage_taken":[{"damage":2,"enemies":"2 Louse","floor":1,"turns":4},{"damage":3,"enemies":"Cultist","floor":4,"turns":5},{"damage":0,"enemies":"Small Slimes","floor":10,"turns":3},{"damage":0,"enemies":"3 Louse","floor":13,"turns":2},{"damage":1,"enemies":"The Mushroom Lair","floor":14,"turns":4},{"damage":19,"enemies":"The Guardian","floor":16,"turns":12},{"damage":4,"enemies":"2 Thieves","floor":18,"turns":5},{"damage":27,"enemies":"Spheric Guardian","floor":19,"turns":8},{"damage":3,"enemies":"Snake Plant","floor":20,"turns":4},{"damage":5,"enemies":"Snecko","floor":28,"turns":6},{"damage":27,"enemies":"Cultist and Chosen","floor":31,"turns":7},{"damage":46,"enemies":"Collector","floor":33,"turns":9}],"event_choices":[{"event_name":"The Lab","player_choice":"Got Potions","floor":3,"damage_taken":0},{"event_name":"Shining Light","player_choice":"Entered Light","floor":5,"damage_taken":0},{"event_name":"Big Fish","player_choice":"Box","floor":7,"damage_taken":0},{"event_name":"Golden Wing","player_choice":"Card Removal","floor":8,"damage_taken":0},{"event_name":"Mushrooms","player_choice":"Fought Mushrooms","floor":14,"damage_taken":0},{"event_name":"Match and Keep!","player_choice":"1 cards matched","floor":22,"damage_taken":0},{"event_name":"Upgrade Shrine","player_choice":"Upgraded","floor":23,"damage_taken":0},{"event_name":"The Mausoleum","player_choice":"Yes","floor":30,"damage_taken":0}],"boss_relics":[{"not_picked":["Ectoplasm","Lizard Tail"],"picked":"Velvet Choker"}],"potions_floor_spawned":[1,13,14,18,20,31],"seed_played":"-4803710140839539162","killed_by":"Collector","ascension_level":10,"is_trial":false}