{"gold_per_floor":[118,118,51,64,64,92,92,92,145,157,157,218,218,234,234,308,308,322,372,222,272,75,75,109,171,171,231,264,325,339,352,352,423,423,433,483],"floor_reached":36,"playtime":2123,"items_purged":["Wraith Form v2+1"],"score":772,"play_id":"48428081-9b3a-4aad-9234-9af2d13aaf45","local_time":"20181116231256","is_ascension_mode":true,"campfire_choices":[{"data":"Neutralize","floor":11.0,"key":"SMITH"},{"data":"Caltrops","floor":13.0,"key":"SMITH"},{"data":"Footwork","floor":15.0,"key":"SMITH"},{"floor":23,"key":"REST"},{"floor":32,"key":"REST"}],"neow_cost":"NONE","seed_source_timestamp":0,"circlet_count":0,"master_deck":["AscendersBane","Defend_G+1","Defend_G+1","Defend_G+1","Defend_G+1","Strike_G+1","Strike_G+1","Survivor","Neutralize+1","Dagger Spray","Footwork+1","Blade Dance","Flying Knee","Caltrops+1","Grand Finale","Predator+1","Expertise+1","Backstab","Blur","Escape Plan","Cloak And Dagger","Backflip","Night Terror"],"special_seed":0,"relics":["Ring of the Snake","NeowsBlessing","Regal Pillow","Prayer Wheel","SsserpentHead","Ancient Tea Set","Astrolabe","Kunai","Vajra","Blue Candle","Lantern","Black Star"],"potions_floor_usage":[24,27,28,28,31,33],"damage_taken":[{"damage":0.0,"enemies":"Jaw Worm","floor":1.0,"turns":1.0},{"damage":0.0,"enemies":"Small Slimes","floor":4.0,"turns":1.0},{"damage":0.0,"enemies":"3 Sentries","floor":6.0,"turns":1.0},{"damage":3.0,"enemies":"Cultist","floor":10.0,"turns":4.0},{"damage":0.0,"enemies":"3 Louse","floor":12.0,"turns":2.0},{"damage":3.0,"enemies":"Large Slime","floor":14.0,"turns":7.0},{"damage":41.0,"enemies":"Hexaghost","floor":16.0,"turns":12.0},{"damage":4,"enemies":"3 Byrds","floor":18,"turns":6},{"damage":0,"enemies":"Gremlin Leader","floor":24,"turns":2},{"damage":13,"enemies":"Spheric Guardian","floor":25,"turns":3},{"damage":16,"enemies":"Centurion and Healer","floor":27,"turns":7},{"damage":21,"enemies":"Slavers","floor":28,"turns":6},{"damage":3,"enemies":"Snake Plant","floor":29,"turns":4},{"damage":13,"enemies":"Shelled Parasite and Fungi","floor":30,"turns":7},{"damage":1,"enemies":"Centurion and Healer","floor":31,"turns":6},{"damage":34,"enemies":"Automaton","floor":33,"turns":10},{"damage":59,"enemies":"3 Darklings","floor":35,"turns":8},{"damage":1,"enemies":"3 Shapes","floor":36,"turns":5}],"seed_played":"-7221104052609154995","potions_obtained":[{"floor":4.0,"key":"AttackPotion"},{"floor":6.0,"key":"Strength Potion"},{"floor":14.0,"key":"Poison Potion"},{"floor":16.0,"key":"SkillPotion"},{"floor":25,"key":"AttackPotion"},{"floor":27,"key":"SpeedPotion"},{"floor":29,"key":"Swift Potion"},{"floor":31,"key":"Fire Potion"}],"is_trial":false,"path_per_floor":["M","?","$","M","?","E","?","?","T","M","R","M","R","M","R","B",null,"M","?","$","?","$","R","E","M","T","M","E","M","M","M","R","B",null,"M","M"],"character_chosen":"THE_SILENT","items_purchased":["Footwork","Backstab","Kunai"],"campfire_rested":2,"item_purchase_floors":[3,20,22],"current_hp_per_floor":[59,56,56,56,49,49,54,54,54,51,51,51,51,48,48,7,55,51,38,38,38,38,75,75,62,62,46,25,22,9,8,45,11,60,1,0],"gold":483,"neow_bonus":"THREE_ENEMY_KILL","is_prod":false,"is_daily":false,"chose_seed":false,"campfire_upgraded":3,"win_rate":0,"timestamp":1542417176,"path_taken":["M","?","$","M","?","E","?","?","T","M","R","?","R","M","R","BOSS","M","?","$","?","?","R","E","?","T","?","E","?","M","M","R","BOSS","M","?"],"build_version":"2018-11-15","purchased_purges":1,"victory":false,"max_hp_per_floor":[66,66,66,66,66,66,71,71,71,71,71,71,71,71,71,71,71,71,76,76,76,76,76,76,76,76,76,76,76,76,76,76,76,76,76,76],"card_choices":[{"not_picked":["Sucker Punch","Skewer"],"picked":"Dagger Spray","floor":1.0},{"not_picked":["Distraction","Sucker Punch"],"picked":"Blade Dance","floor":4.0},{"not_picked":["Choke","Reflex","Calculated Gamble"],"picked":"SKIP","floor":6.0},{"not_picked":["Dagger Throw","Outmaneuver"],"picked":"Flying Knee","floor":10.0},{"not_picked":["Well Laid Plans","Dagger Spray","Eviscerate"],"picked":"SKIP","floor":10.0},{"not_picked":["Reflex","Poisoned Stab"],"picked":"Caltrops","floor":12.0},{"not_picked":["Unload","Underhanded Strike","Predator"],"picked":"SKIP","floor":12.0},{"not_picked":["Expertise","Predator","Concentrate"],"picked":"SKIP","floor":14.0},{"not_picked":["Underhanded Strike","Footwork","Skewer"],"picked":"SKIP","floor":14.0},{"not_picked":["Wraith Form v2","Phantasmal Killer"],"picked":"Grand Finale","floor":16.0},{"not_picked":["Reflex+1","Flechettes","Dagger Throw"],"picked":"SKIP","floor":18},{"not_picked":["Dagger Throw","Well Laid Plans","Dodge and Roll+1"],"picked":"SKIP","floor":18},{"not_picked":["Acrobatics","Eviscerate","Underhanded Strike"],"picked":"SKIP","floor":24},{"not_picked":["Acrobatics","Eviscerate","Underhanded Strike"],"picked":"SKIP","floor":24},{"not_picked":["Eviscerate","Quick Slash"],"picked":"Blur","floor":25},{"not_picked":["Quick Slash","Dodge and Roll","Leg Sweep"],"picked":"SKIP","floor":25},{"not_picked":["Terror","All Out Attack"],"picked":"Escape Plan","floor":27},{"not_picked":["Bane","Footwork","Blur+1"],"picked":"SKIP","floor":27},{"not_picked":["Deadly Poison","Malaise","Flying Knee"],"picked":"SKIP","floor":28},{"not_picked":["Underhanded Strike","Masterful Stab+1","Bane"],"picked":"SKIP","floor":29},{"not_picked":["Skewer","All Out Attack","Masterful Stab"],"picked":"SKIP","floor":29},{"not_picked":["Acrobatics","Deflect"],"picked":"Cloak And Dagger","floor":30},{"not_picked":["Endless Agony","Die Die Die","Dagger Throw+1"],"picked":"SKIP","floor":30},{"not_picked":["Well Laid Plans","Dodge and Roll"],"picked":"Backflip","floor":31},{"not_picked":["Quick Slash","All Out Attack","Slice"],"picked":"SKIP","floor":31},{"not_picked":["Glass Knife","Malaise"],"picked":"Night Terror","floor":33},{"not_picked":["Blade Dance+1","Poisoned Stab","Crippling Poison"],"picked":"SKIP","floor":35},{"not_picked":["Slice","Blade Dance","Skewer"],"picked":"SKIP","floor":35}],"player_experience":879787,"relics_obtained":[{"floor":6.0,"key":"Prayer Wheel"},{"floor":9.0,"key":"Ancient Tea Set"},{"floor":24,"key":"Vajra"},{"floor":26,"key":"Blue Candle"},{"floor":28,"key":"Lantern"}],"event_choices":[{"damage_healed":0.0,"max_hp_gain":0.0,"max_hp_loss":0.0,"gold_gain":0.0,"event_name":"Scrap Ooze","player_choice":"Success","floor":2.0,"gold_loss":0.0,"damage_taken":3.0,"relics_obtained":["Regal Pillow"]},{"cards_removed":["Strike_G"],"damage_healed":0.0,"max_hp_gain":0.0,"max_hp_loss":0.0,"gold_gain":0.0,"event_name":"Golden Wing","player_choice":"Card Removal","floor":5.0,"gold_loss":0.0,"damage_taken":7.0},{"damage_healed":0.0,"max_hp_gain":5.0,"max_hp_loss":0.0,"gold_gain":0.0,"event_name":"Big Fish","player_choice":"Donut","floor":7.0,"gold_loss":0.0,"damage_taken":0.0},{"damage_healed":0.0,"max_hp_gain":0.0,"max_hp_loss":0.0,"gold_gain":0.0,"event_name":"FaceTrader","player_choice":"Trade","floor":8.0,"gold_loss":0.0,"damage_taken":0.0,"relics_obtained":["SsserpentHead"]},{"damage_healed":0,"gold_gain":0,"player_choice":"Shed Blood","damage_taken":18,"max_hp_gain":5,"max_hp_loss":0,"event_name":"Forgotten Altar","floor":19,"gold_loss":0},{"damage_healed":0,"gold_gain":0,"player_choice":"Simplicity","damage_taken":0,"max_hp_gain":0,"max_hp_loss":0,"event_name":"Back to Basics","floor":21,"gold_loss":0,"cards_upgraded":["Defend_G","Defend_G","Defend_G","Defend_G","Strike_G","Strike_G"]}],"is_beta":true,"boss_relics":[{"not_picked":["Tiny House","HoveringKite"],"picked":"Astrolabe"},{"not_picked":["Orrery","Philosopher\u0027s Stone"],"picked":"Black Star"}],"items_purged_floors":[20],"is_endless":false,"potions_floor_spawned":[4,6,14,16,25,27,29,31],"killed_by":"3 Shapes","ascension_level":14}