{"path_per_floor":["M","M","M","?","M","R","E","M","T","R","?","M","$","M","R","B",null,"M","$","M","$","M","M","R","M","T","M","$"],"character_chosen":"IRONCLAD","items_purchased":["Flex","Whirlwind"],"gold_per_floor":[109,121,138,138,156,156,190,200,200,200,200,219,120,135,135,231,261,280,180,191,124,134,148,148,163,163,180,55],"floor_reached":29,"campfire_rested":1,"playtime":898,"current_hp_per_floor":[80,80,75,75,80,80,59,57,57,80,80,80,80,80,80,32,85,71,71,72,72,68,71,71,61,61,42,42],"items_purged":["Defend_R","Defend_R","Defend_R"],"gold":55,"score":231,"play_id":"3fececcb-7315-43d4-b8c4-164f5521c74b","local_time":"20180317191113","is_prod":false,"is_daily":false,"is_ascension_mode":false,"campfire_upgraded":3,"timestamp":1521324673,"path_taken":["M","?","M","?","M","R","E","?","T","R","?","?","$","M","R","BOSS","M","$","M","$","?","M","R","M","T","M","$","E"],"build_version":"2018-03-15v3","purchased_purges":3,"victory":false,"master_deck":["Strike_R","Strike_R","Strike_R","Strike_R+1","Strike_R","Bash+1","Clash+1","Flex+1","Whirlwind+1","Flex"],"max_hp_per_floor":[80,80,80,80,80,80,80,80,80,80,80,80,80,80,80,80,85,85,85,85,85,85,85,85,85,85,85,85],"relics":["Burning Blood","Happy Flower","Mummified Hand","Thread and Needle","Tiny House","Du-Vu Doll"],"card_choices":[{"not_picked":["Wild Strike","Havoc"],"picked":"Clash"},{"not_picked":["Entrench","Whirlwind"],"picked":"Flex"}],"player_experience":583989,"potions_floor_usage":[12,16,23,23,27],"damage_taken":[{"damage":1,"enemies":"Cultist","floor":1,"turns":3},{"damage":5,"enemies":"Small Slimes","floor":2,"turns":4},{"damage":11,"enemies":"Jaw Worm","floor":3,"turns":2},{"damage":0,"enemies":"Large Slime","floor":5,"turns":6},{"damage":27,"enemies":"Gremlin Nob","floor":7,"turns":4},{"damage":8,"enemies":"Gremlin Gang","floor":8,"turns":4},{"damage":4,"enemies":"2 Fungi Beasts","floor":12,"turns":3},{"damage":0,"enemies":"3 Louse","floor":14,"turns":2},{"damage":54,"enemies":"Hexaghost","floor":16,"turns":8},{"damage":20,"enemies":"3 Byrds","floor":18,"turns":5},{"damage":5,"enemies":"Spheric Guardian","floor":20,"turns":3},{"damage":10,"enemies":"Chosen and Byrds","floor":22,"turns":4},{"damage":3,"enemies":"Snecko","floor":23,"turns":3},{"damage":16,"enemies":"Snake Plant","floor":25,"turns":2},{"damage":25,"enemies":"Slaver and Parasite","floor":27,"turns":3},{"damage":43,"enemies":"Book of Stabbing","floor":29,"turns":3}],"event_choices":[{"event_name":"Living Wall","player_choice":"Forget","floor":4,"damage_taken":0},{"event_name":"Dead Adventurer","player_choice":"Searched \u00271\u0027 times","floor":11,"damage_taken":0}],"boss_relics":[{"not_picked":["Mark of Pain","Runic Pyramid"],"picked":"Tiny House"}],"potions_floor_spawned":[7,14,16,20,22,25],"seed_played":"7173013846186889218","killed_by":"Book of Stabbing","ascension_level":0,"is_trial":false}