{"path_per_floor":["M","?","M","M","?","E","R","E","T","M","R","M","M","T","R"],"character_chosen":"DEFECT","items_purchased":[],"gold_per_floor":[112,112,132,145,220,247,247,279,304,317,317,329,344,369,369,369],"floor_reached":16,"campfire_rested":2,"playtime":519,"current_hp_per_floor":[73,66,66,65,54,26,48,22,22,22,22,22,16,16,38,0],"items_purged":[],"gold":369,"score":118,"play_id":"89f7602e-0690-48b8-b1a7-deedbe5fff6c","local_time":"20180427102155","is_prod":false,"is_daily":false,"chose_seed":false,"is_ascension_mode":true,"campfire_upgraded":1,"timestamp":1524835315,"path_taken":["M","?","?","M","?","E","R","E","T","M","R","M","M","?","R","BOSS"],"build_version":"2018-04-26v2","seed_source_timestamp":18200493764485,"purchased_purges":0,"victory":false,"master_deck":["Strike_B+1","Strike_B+1","Strike_B","Strike_B","Defend_B","Defend_B","Defend_B","Zap","Dualcast","Sunder+1","Streamline","Melter","Hologram","Reinforced Body","Genetic Algorithm","Cold Snap"],"max_hp_per_floor":[75,75,75,75,75,75,75,75,75,75,75,75,75,75,75,75],"relics":["Cracked Core","Anchor","Art of War","Bag of Preparation","Dream Catcher","Whetstone"],"card_choices":[{"not_picked":["Capacitor","Auto Shields"],"picked":"Sunder","floor":1},{"not_picked":["Buffer","White Noise"],"picked":"Streamline","floor":3},{"not_picked":["Capacitor","Barrage"],"picked":"Melter","floor":4},{"not_picked":["Reinforced Body","Glacier"],"picked":"Hologram","floor":6},{"not_picked":["Steam Power","Blizzard"],"picked":"Reinforced Body","floor":8},{"not_picked":["Flux Capacitor","Coolheaded"],"picked":"Genetic Algorithm","floor":10},{"not_picked":["Rip and Tear","Sweeping Beam"],"picked":"Cold Snap","floor":13}],"player_experience":772883,"potions_floor_usage":[8,12,16],"damage_taken":[{"damage":2,"enemies":"2 Louse","floor":1,"turns":3},{"damage":0,"enemies":"Small Slimes","floor":3,"turns":2},{"damage":1,"enemies":"Cultist","floor":4,"turns":3},{"damage":28,"enemies":"Gremlin Nob","floor":6,"turns":4},{"damage":26,"enemies":"Lagavulin","floor":8,"turns":5},{"damage":0,"enemies":"3 Louse","floor":10,"turns":2},{"damage":0,"enemies":"Blue Slaver","floor":12,"turns":2},{"damage":6,"enemies":"2 Fungi Beasts","floor":13,"turns":3},{"damage":39,"enemies":"The Guardian","floor":16,"turns":8}],"event_choices":[{"event_name":"Golden Wing","player_choice":"Card Removal","floor":2,"damage_taken":0},{"event_name":"World of Goop","player_choice":"Gather Gold","floor":5,"damage_taken":0}],"boss_relics":[],"potions_floor_spawned":[3,6,8,12],"seed_played":"-1977528721085127818","killed_by":"The Guardian","ascension_level":1,"is_trial":false}