{"path_per_floor":["M","M","$","?","?","M","T","R","T","R","?","M","M","M","R","B",null,"M","?","?","?","?","R","M","R","T","M","T","M","$","M","R"],"character_chosen":"THE_SILENT","items_purchased":[],"gold_per_floor":[109,119,44,44,44,57,83,83,83,83,83,102,120,138,138,233,233,199,199,114,114,64,64,83,83,139,159,159,175,75,85,85],"floor_reached":33,"campfire_rested":3,"playtime":2080,"current_hp_per_floor":[50,48,48,48,48,43,43,43,53,53,53,46,42,42,65,20,63,33,33,33,33,33,56,32,32,32,26,26,30,30,30,53],"items_purged":["Parasite","Strike_G"],"gold":85,"score":356,"play_id":"93628c92-0a78-4a7e-a54c-df6462ee9a73","is_prod":false,"is_daily":false,"is_ascension_mode":true,"campfire_upgraded":3,"path_taken":["M","M","$","?","?","M","?","R","T","R","?","?","M","?","R","BOSS","M","?","?","?","?","R","M","R","T","M","?","M","$","M","R","BOSS"],"build_version":"2018-02-22-PROD2","purchased_purges":2,"victory":false,"master_deck":["Defend_G","Defend_G","Defend_G","Defend_G","Defend_G","Strike_G","Strike_G","Strike_G","Survivor","Neutralize+1","Backflip","Footwork+1","Dagger Spray+1","Predator+1","Cloak And Dagger","PiercingWail","Cloak And Dagger+1"],"max_hp_per_floor":[70,70,67,67,67,67,67,67,77,77,77,77,77,77,77,77,77,77,77,77,77,77,77,77,77,77,77,77,77,77,77,77],"relics":["Ring of the Snake","Bag of Marbles","Snake Skull","Art of War","Pear","Philosopher\u0027s Stone","Letter Opener","Tough Bandages","Tiny Chest","Gambling Chip"],"card_choices":[{"not_picked":["Blur","Infinite Blades"],"picked":"Backflip"},{"not_picked":["Cloak And Dagger","PiercingWail"],"picked":"Footwork"},{"not_picked":["Blur","Endless Agony"],"picked":"Dagger Spray"},{"not_picked":["Calculated Gamble","Terror"],"picked":"Predator"},{"not_picked":["Well Laid Plans","Bane"],"picked":"Cloak And Dagger"},{"not_picked":["Deflect","Night Terror"],"picked":"PiercingWail"},{"not_picked":["Bane","Outmaneuver"],"picked":"Cloak And Dagger"}],"player_experience":369845,"potions_floor_usage":[16,16,16,29,31,33],"damage_taken":[{"damage":13,"enemies":"Cultist","floor":1,"turns":6},{"damage":2,"enemies":"Jaw Worm","floor":2,"turns":6},{"damage":5,"enemies":"2 Louse","floor":6,"turns":3},{"damage":7,"enemies":"2 Fungi Beasts","floor":12,"turns":6},{"damage":4,"enemies":"Exordium Wildlife","floor":13,"turns":7},{"damage":0,"enemies":"Blue Slaver","floor":14,"turns":4},{"damage":60,"enemies":"Slime Boss","floor":16,"turns":23},{"damage":30,"enemies":"2 Thieves","floor":18,"turns":5},{"damage":24,"enemies":"3 Byrds","floor":24,"turns":6},{"damage":6,"enemies":"Snake Plant","floor":27,"turns":4},{"damage":8,"enemies":"Centurion and Healer","floor":29,"turns":5},{"damage":0,"enemies":"Cultist and Chosen","floor":31,"turns":3},{"damage":53,"enemies":"Champ","floor":33,"turns":11}],"event_choices":[{"event_name":"Bonfire Elementals","player_choice":"BASIC","floor":4,"damage_taken":0},{"event_name":"Big Fish","player_choice":"Box","floor":5,"damage_taken":0},{"event_name":"Fountain of Cleansing","player_choice":"Removed Curse","floor":11,"damage_taken":0},{"event_name":"The Mausoleum","player_choice":"Yes","floor":19,"damage_taken":0},{"event_name":"Addict","player_choice":"Obtained Relic","floor":20,"damage_taken":0},{"event_name":"Drug Dealer","player_choice":"Ignored","floor":21,"damage_taken":0},{"event_name":"The Joust","player_choice":"Bet on Murderer","floor":22,"damage_taken":0}],"boss_relics":[{"not_picked":["Runic Dome","Orrery"],"picked":"Philosopher\u0027s Stone"}],"potions_floor_spawned":[1,13,14,16,18,24,29],"seed_played":"-3419414916915800135","killed_by":"Champ","ascension_level":10,"is_trial":false}