{"gold_per_floor":[110,35,35,49,65,98,98,130,153,153,170,170,120,120,120,219,219,229,328,328,4,4,4,19,37,37,65,65,100,100,120,120,223,223,241,241,261,39,59,59,79,105,105,105,116,132,132,132,132,132],"floor_reached":50,"playtime":3557,"items_purged":["Parasite","Pain","Defend_B"],"score":569,"play_id":"a682c55d-c0d4-4c93-bd62-2e2f628277b9","local_time":"20180922160511","is_ascension_mode":true,"campfire_choices":[{"floor":7,"key":"REST"},{"floor":10,"key":"REST"},{"data":"Self Repair","floor":12,"key":"SMITH"},{"data":"Zap","floor":15,"key":"SMITH"},{"data":"Static Discharge","floor":23,"key":"SMITH"},{"floor":30,"key":"REST"},{"data":"Electrodynamics","floor":32,"key":"SMITH"},{"data":"Lockon","floor":40,"key":"SMITH"},{"floor":44,"key":"REST"},{"floor":47,"key":"REST"},{"floor":49,"key":"REST"}],"neow_cost":"CURSE","seed_source_timestamp":796874869660092,"circlet_count":0,"master_deck":["Defend_B+1","Defend_B+1","Defend_B+1","Zap+1","Dualcast+1","Electrodynamics+1","Steam+1","Capacitor+1","Auto Shields+1","Self Repair+1","Gash+1","Ball Lightning+1","Capacitor+1","Seek+1","Gash+1","Static Discharge+1","Echo Form+1","Good Instincts+1","Coolheaded+1","Lockon+1","Reinforced Body+1","Fission+1","Gash+1","Fusion+1","Gash+1","Barrage+1","Gash+1","Static Discharge+1","Scrape+1","Melter"],"relics":["Cracked Core","WarpedTongs","Juzu Bracelet","Orichalcum","Dream Catcher","Velvet Choker","Meat on the Bone","Whetstone","Toxic Egg 2","Pen Nib","The Courier","Empty Cage","Oddly Smooth Stone","Omamori","Regal Pillow","Mark of the Bloom"],"potions_floor_usage":[6,16,16,27,29,46,50,50],"damage_taken":[{"damage":0,"enemies":"Small Slimes","floor":1,"turns":2},{"damage":0,"enemies":"Cultist","floor":4,"turns":2},{"damage":13,"enemies":"Jaw Worm","floor":5,"turns":4},{"damage":32,"enemies":"Gremlin Nob","floor":6,"turns":5},{"damage":24,"enemies":"Lagavulin","floor":8,"turns":8},{"damage":6,"enemies":"Blue Slaver","floor":11,"turns":4},{"damage":47,"enemies":"The Guardian","floor":16,"turns":10},{"damage":21,"enemies":"2 Thieves","floor":18,"turns":3},{"damage":12,"enemies":"Shell Parasite","floor":24,"turns":5},{"damage":21,"enemies":"Snake Plant","floor":25,"turns":2},{"damage":23,"enemies":"Slavers","floor":27,"turns":3},{"damage":32,"enemies":"Gremlin Leader","floor":29,"turns":6},{"damage":18,"enemies":"Snecko","floor":31,"turns":6},{"damage":40,"enemies":"Collector","floor":33,"turns":8},{"damage":17,"enemies":"3 Darklings","floor":35,"turns":5},{"damage":34,"enemies":"Orb Walker","floor":37,"turns":5},{"damage":35,"enemies":"Transient","floor":39,"turns":5},{"damage":35,"enemies":"Spire Growth","floor":41,"turns":4},{"damage":42,"enemies":"2 Orb Walkers","floor":42,"turns":3},{"damage":3,"enemies":"4 Shapes","floor":45,"turns":5},{"damage":23,"enemies":"3 Darklings","floor":46,"turns":3},{"damage":80,"enemies":"Awakened One","floor":50,"turns":6}],"seed_played":"-7759867625593748092","potions_obtained":[{"floor":5,"key":"Weak Potion"},{"floor":11,"key":"Weak Potion"},{"floor":14,"key":"Dexterity Potion"},{"floor":14,"key":"FairyPotion"},{"floor":18,"key":"Explosive Potion"},{"floor":27,"key":"GamblersBrew"},{"floor":31,"key":"SpeedPotion"},{"floor":35,"key":"EssenceOfSteel"},{"floor":37,"key":"LiquidBronze"},{"floor":46,"key":"FearPotion"}],"is_trial":false,"path_per_floor":["M","$","?","M","M","E","R","E","T","R","M","R","?","?","R","B",null,"M","?","?","$","?","R","M","M","T","E","?","E","R","M","R","B",null,"M","?","M","$","M","R","M","E","T","R","M","M","R","?","R"],"character_chosen":"DEFECT","items_purchased":["Whetstone","Static Discharge","Oddly Smooth Stone"],"campfire_rested":6,"item_purchase_floors":[21,21,38],"current_hp_per_floor":[75,72,72,72,59,27,48,34,34,55,56,56,56,56,56,19,72,61,61,61,61,61,61,69,48,48,47,47,37,58,60,60,42,72,65,65,63,63,60,60,47,17,17,53,60,37,72,72,72,0],"gold":132,"neow_bonus":"THREE_RARE_CARDS","is_prod":false,"is_daily":false,"chose_seed":false,"campfire_upgraded":5,"win_rate":0,"timestamp":1537657511,"path_taken":["M","$","?","M","M","E","R","E","T","R","M","R","?","?","R","BOSS","M","?","?","$","?","R","M","M","T","E","?","E","R","M","R","BOSS","M","?","M","$","M","R","M","E","T","R","M","M","R","?","R","BOSS"],"build_version":"2018-09-20","purchased_purges":3,"victory":false,"max_hp_per_floor":[75,72,72,72,72,72,72,72,72,72,72,72,72,72,72,72,72,72,72,72,72,72,72,72,72,72,72,72,72,72,72,72,72,72,72,72,72,72,72,72,72,72,72,72,72,72,72,72,72,72],"card_choices":[{"not_picked":["All For One","Hyperbeam"],"picked":"Electrodynamics","floor":0},{"not_picked":["Stack","Doom and Gloom"],"picked":"Steam","floor":1},{"not_picked":["Compile Driver","Fusion"],"picked":"Capacitor","floor":4},{"not_picked":["Cold Snap","Hologram"],"picked":"Auto Shields","floor":5},{"not_picked":["Blizzard","Sweeping Beam"],"picked":"Self Repair","floor":6},{"not_picked":["Capacitor","Storm"],"picked":"Gash","floor":8},{"not_picked":["Auto Shields","Compile Driver"],"picked":"Ball Lightning","floor":10},{"not_picked":["Reprogram","Auto Shields"],"picked":"Capacitor","floor":11},{"not_picked":["Buffer","Biased Cognition"],"picked":"Seek","floor":16},{"not_picked":["Conserve Battery","Hologram"],"picked":"Gash","floor":18},{"not_picked":["Sunder","Recycle+1"],"picked":"Coolheaded+1","floor":24},{"not_picked":["Streamline","Leap+1"],"picked":"Lockon","floor":25},{"not_picked":["Go for the Eyes","Reprogram+1"],"picked":"Reinforced Body+1","floor":27},{"not_picked":["Conserve Battery+1","Fusion+1"],"picked":"Fission+1","floor":29},{"not_picked":["Beam Cell","Hologram+1"],"picked":"Gash","floor":30},{"not_picked":["Rebound","Stack+1"],"picked":"Fusion+1","floor":31},{"not_picked":["Coolheaded+1","White Noise+1"],"picked":"Gash+1","floor":35},{"not_picked":["Stack+1","Turbo+1","Steam+1"],"picked":"SKIP","floor":37},{"not_picked":["Sweeping Beam","Streamline"],"picked":"Barrage+1","floor":39},{"not_picked":["Hyperbeam","Rebound+1","Streamline"],"picked":"SKIP","floor":41},{"not_picked":["Steam+1","Beam Cell"],"picked":"Gash+1","floor":42},{"not_picked":["Beam Cell","Turbo+1"],"picked":"Static Discharge","floor":44},{"not_picked":["Go for the Eyes+1","Reboot+1","Glacier+1"],"picked":"SKIP","floor":45},{"not_picked":["Streamline+1","Glacier+1","Go for the Eyes"],"picked":"SKIP","floor":46},{"not_picked":["Turbo+1","Coolheaded+1"],"picked":"Scrape","floor":47},{"not_picked":["Lockon","Leap+1"],"picked":"Melter","floor":49}],"player_experience":135254,"relics_obtained":[{"floor":6,"key":"Juzu Bracelet"},{"floor":8,"key":"Orichalcum"},{"floor":9,"key":"Dream Catcher"},{"floor":26,"key":"Toxic Egg 2"},{"floor":27,"key":"Pen Nib"},{"floor":29,"key":"The Courier"},{"floor":42,"key":"Omamori"},{"floor":43,"key":"Regal Pillow"}],"event_choices":[{"event_name":"Accursed Blacksmith","player_choice":"Rummage","floor":3,"damage_taken":0},{"event_name":"The Cleric","player_choice":"Card Removal","floor":13,"damage_taken":0},{"event_name":"The Lab","player_choice":"Got Potions","floor":14,"damage_taken":0},{"event_name":"Nest","player_choice":"Stole From Cult","floor":19,"damage_taken":0},{"event_name":"The Mausoleum","player_choice":"Yes","floor":20,"damage_taken":0},{"event_name":"Match and Keep!","player_choice":"2 cards matched","floor":22,"damage_taken":0},{"event_name":"Back to Basics","player_choice":"Elegance","floor":28,"damage_taken":0},{"event_name":"Tomb of Lord Red Mask","player_choice":"Ignored","floor":36,"damage_taken":0},{"event_name":"MindBloom","player_choice":"Upgrade","floor":48,"damage_taken":0}],"is_beta":false,"boss_relics":[{"not_picked":["Snecko Eye","FrozenCore"],"picked":"Velvet Choker"},{"not_picked":["Lizard Tail","White Beast Statue"],"picked":"Empty Cage"}],"items_purged_floors":[2,21,38],"is_endless":false,"potions_floor_spawned":[5,11,18,27,31,35,37,42,46],"killed_by":"Awakened One","ascension_level":1}