{"path_per_floor":["M","?","?","M","$","R","M","?","T","M","R","E","R","?","R"],"character_chosen":"IRONCLAD","items_purchased":[],"gold_per_floor":[114,114,114,125,50,50,63,63,86,97,97,127,127,127,127,127],"floor_reached":16,"campfire_rested":0,"playtime":582,"item_purchase_floors":[],"current_hp_per_floor":[74,67,67,70,70,70,59,59,59,49,49,17,17,17,17,0],"items_purged":["Clumsy"],"gold":127,"score":98,"play_id":"1ef66616-c01d-498a-bd8a-d016183cd128","local_time":"20180523002958","is_prod":false,"is_daily":false,"chose_seed":false,"is_ascension_mode":false,"campfire_upgraded":4,"timestamp":1527046198,"campfire_choices":[{"data":"Feed","floor":6,"key":"SMITH"},{"data":"Body Slam","floor":11,"key":"SMITH"},{"data":"Shrug It Off","floor":13,"key":"SMITH"},{"data":"Defend_R","floor":15,"key":"SMITH"}],"path_taken":["M","?","?","M","$","R","M","?","T","M","R","E","R","?","R","BOSS"],"build_version":"2018-05-21v2","seed_source_timestamp":51407425875955,"purchased_purges":1,"victory":false,"master_deck":["Strike_R","Strike_R","Strike_R","Strike_R","Defend_R","Defend_R","Defend_R+1","Bash","Flex","Bash","Feed+1","Good Instincts","Shrug It Off+1","Body Slam+1","Metallicize"],"max_hp_per_floor":[80,80,80,83,83,83,87,87,87,87,87,87,87,87,87,87],"relics":["Lizard Tail"],"card_choices":[{"not_picked":["True Grit","Inflame"],"picked":"Flex","floor":1},{"not_picked":["Iron Wave","Clothesline","Twin Strike"],"picked":"SKIP","floor":4},{"not_picked":["Battle Trance","Rampage"],"picked":"Body Slam","floor":7},{"not_picked":["Pummel","Body Slam"],"picked":"Metallicize","floor":10},{"not_picked":["Body Slam","Inflame","Seeing Red"],"picked":"SKIP","floor":12}],"player_experience":800650,"potions_floor_usage":[12],"damage_taken":[{"damage":6,"enemies":"2 Louse","floor":1,"turns":3},{"damage":0,"enemies":"Jaw Worm","floor":4,"turns":3},{"damage":15,"enemies":"Cultist","floor":7,"turns":4},{"damage":10,"enemies":"Blue Slaver","floor":10,"turns":5},{"damage":32,"enemies":"Lagavulin","floor":12,"turns":6},{"damage":65,"enemies":"Hexaghost","floor":16,"turns":14}],"relics_obtained":[],"event_choices":[{"event_name":"Golden Wing","player_choice":"Card Removal","floor":2,"damage_taken":0},{"event_name":"Match and Keep!","player_choice":"5 cards matched","floor":3,"damage_taken":0},{"event_name":"Bonfire Elementals","player_choice":"BASIC","floor":8,"damage_taken":0},{"event_name":"The Woman in Blue","player_choice":"Bought 0 Potions","floor":14,"damage_taken":0}],"boss_relics":[],"items_purged_floors":[5],"potions_floor_spawned":[4,12],"seed_played":"-3392839075406841221","killed_by":"Hexaghost","ascension_level":0,"potions_obtained":[{"floor":4,"key":"Poison Potion"},{"floor":12,"key":"Ancient Potion"}],"is_trial":false}