{"gold_per_floor":[117,117,117,42,42,42,76,76,76,76,95,95,116,116],"floor_reached":14,"playtime":400,"items_purged":["Injury"],"score":86,"play_id":"488833ba-aada-429d-a9e6-1fcc275af532","local_time":"20190121193547","is_ascension_mode":false,"campfire_choices":[{"data":"Zap","floor":10,"key":"SMITH"},{"data":"Loop","floor":12,"key":"SMITH"}],"neow_cost":"NONE","seed_source_timestamp":181773975925001,"circlet_count":0,"master_deck":["Strike_B","Strike_B+1","Strike_B","Strike_B","Defend_B","Defend_B","Defend_B","Defend_B","Zap+1","Dualcast+1","Loop+1","Amplify","BootSequence","Ball Lightning+1"],"relics":["Coffee Dripper","Golden Idol","Strawberry","Lantern","Letter Opener","Molten Egg 2"],"potions_floor_usage":[7],"damage_taken":[{"damage":4,"enemies":"Cultist","floor":1,"turns":4},{"damage":30,"enemies":"3 Sentries","floor":7,"turns":8},{"damage":7,"enemies":"Small Slimes","floor":11,"turns":3},{"damage":0,"enemies":"2 Louse","floor":13,"turns":3},{"damage":1,"enemies":"Exordium Thugs","floor":14,"turns":2}],"seed_played":"-2022335110047619594","potions_obtained":[{"floor":1,"key":"AttackPotion"},{"floor":7,"key":"AttackPotion"}],"is_trial":false,"path_per_floor":["M","?","?","$","?","?","E","?","T","R","M","R","M","M"],"character_chosen":"DEFECT","items_purchased":[],"campfire_rested":0,"item_purchase_floors":[],"current_hp_per_floor":[71,71,56,56,63,45,15,8,8,8,1,1,1,0],"gold":116,"neow_bonus":"BOSS_RELIC","is_prod":false,"is_daily":false,"chose_seed":false,"campfire_upgraded":2,"win_rate":0.0,"timestamp":1548117347,"path_taken":["M","?","?","$","?","?","E","?","T","R","M","R","M","M"],"build_version":"2019-01-17v2","purchased_purges":1,"victory":false,"max_hp_per_floor":[75,75,75,75,82,82,82,82,82,82,82,82,82,82],"card_choices":[{"not_picked":["Redo","Barrage"],"picked":"Loop","floor":1},{"not_picked":["All For One","Beam Cell"],"picked":"Amplify","floor":7},{"not_picked":["Go for the Eyes+1","Steam Power"],"picked":"BootSequence","floor":11},{"not_picked":["Stack","Steam Power"],"picked":"Ball Lightning+1","floor":13}],"player_experience":63041,"relics_obtained":[{"floor":7,"key":"Letter Opener"},{"floor":9,"key":"Molten Egg 2"}],"event_choices":[{"damage_healed":0,"gold_gain":0,"player_choice":"Take Wound","damage_taken":0,"relics_obtained":["Golden Idol"],"max_hp_gain":0,"max_hp_loss":0,"event_name":"Golden Idol","floor":2,"gold_loss":0,"cards_obtained":["Injury"]},{"damage_healed":0,"gold_gain":0,"player_choice":"Entered Light","damage_taken":15,"max_hp_gain":0,"max_hp_loss":0,"event_name":"Shining Light","floor":3,"gold_loss":0,"cards_upgraded":["Dualcast","Strike_B"]},{"damage_healed":0,"gold_gain":0,"player_choice":"Box","damage_taken":0,"relics_obtained":["Strawberry"],"max_hp_gain":0,"max_hp_loss":0,"event_name":"Big Fish","floor":5,"gold_loss":0,"cards_obtained":["Regret"]},{"damage_healed":0,"gold_gain":0,"player_choice":"Success","damage_taken":18,"relics_obtained":["Lantern"],"max_hp_gain":0,"max_hp_loss":0,"event_name":"Scrap Ooze","floor":6,"gold_loss":0},{"cards_removed":["Regret"],"damage_healed":0,"gold_gain":0,"player_choice":"Card Removal","damage_taken":7,"max_hp_gain":0,"max_hp_loss":0,"event_name":"Golden Wing","floor":8,"gold_loss":0}],"is_beta":false,"boss_relics":[],"items_purged_floors":[4],"is_endless":false,"potions_floor_spawned":[1,7],"killed_by":"Exordium Thugs","ascension_level":0}