{"gold_per_floor":[113,132,143,163,17,17,17,17,17,48,68,68,82,92,92,196,196,215,115,129,129,147,147,158,158,158,81,81,11,11,30,30,135,135,147,147,158,172,183,183,193,68,68,80,80,80,80,91,91,91,91,91,91,119,119],"floor_reached":55,"playtime":2187,"items_purged":["Strike_B","Strike_B","Defend_B"],"score":623,"play_id":"a05d7a8d-d9b0-46ac-ba8f-93ff65e37518","local_time":"20190315160413","is_ascension_mode":false,"campfire_choices":[{"data":"Zap","floor":8,"key":"SMITH"},{"data":"Go for the Eyes","floor":12,"key":"SMITH"},{"floor":15,"key":"RECALL"},{"data":"Buffer","floor":23,"key":"SMITH"},{"data":"Electrodynamics","floor":25,"key":"SMITH"},{"data":"Defragment","floor":28,"key":"SMITH"},{"data":"Defragment","floor":32,"key":"SMITH"},{"data":"Biased Cognition","floor":40,"key":"SMITH"},{"data":"Deep Breath","floor":46,"key":"SMITH"},{"data":"Secret Technique","floor":49,"key":"SMITH"},{"data":"Reboot","floor":52,"key":"SMITH"}],"neow_cost":"NONE","seed_source_timestamp":187231857806216,"circlet_count":0,"master_deck":["Defend_B+1","Defend_B","Zap+1","Dualcast","Deep Breath+1","Ball Lightning","Self Repair","Streamline","Melter","Glacier+1","Go for the Eyes+1","Electrodynamics+1","Cold Snap","Reboot+1","Ball Lightning+1","Buffer+1","Loop+1","Defragment+1","Defragment+1","Defragment+1","Biased Cognition+1","Hologram+1","Conserve Battery+1","Compile Driver+1","Secret Technique+1","White Noise","Chaos+1"],"relics":["Cracked Core","Matryoshka","War Paint","Sozu","Eternal Feather","PreservedInsect","Blue Candle","Centennial Puzzle"],"potions_floor_usage":[10,11,16,55],"damage_taken":[{"damage":1,"enemies":"Cultist","floor":1,"turns":4},{"damage":6,"enemies":"Jaw Worm","floor":2,"turns":2},{"damage":4,"enemies":"2 Louse","floor":3,"turns":3},{"damage":2,"enemies":"Blue Slaver","floor":4,"turns":3},{"damage":18,"enemies":"3 Sentries","floor":10,"turns":7},{"damage":10,"enemies":"Exordium Thugs","floor":11,"turns":3},{"damage":3,"enemies":"Gremlin Gang","floor":13,"turns":3},{"damage":1,"enemies":"2 Fungi Beasts","floor":14,"turns":2},{"damage":19,"enemies":"The Guardian","floor":16,"turns":11},{"damage":0,"enemies":"Shell Parasite","floor":18,"turns":5},{"damage":5,"enemies":"3 Byrds","floor":20,"turns":4},{"damage":0,"enemies":"Sentry and Sphere","floor":22,"turns":3},{"damage":1,"enemies":"Centurion and Healer","floor":24,"turns":5},{"damage":0,"enemies":"Snecko","floor":31,"turns":4},{"damage":12,"enemies":"Champ","floor":33,"turns":10},{"damage":0,"enemies":"3 Shapes","floor":35,"turns":4},{"damage":0,"enemies":"Orb Walker","floor":37,"turns":3},{"damage":0,"enemies":"Jaw Worm Horde","floor":38,"turns":4},{"damage":0,"enemies":"Transient","floor":39,"turns":5},{"damage":4,"enemies":"3 Darklings","floor":41,"turns":5},{"damage":22,"enemies":"Writhing Mass","floor":44,"turns":4},{"damage":12,"enemies":"Spire Growth","floor":48,"turns":4},{"damage":50,"enemies":"Awakened One","floor":50,"turns":13},{"damage":38,"enemies":"Shield and Spear","floor":54,"turns":6},{"damage":61,"enemies":"The Heart","floor":55,"turns":3}],"seed_played":"-782244007779444694","potions_obtained":[{"floor":1,"key":"Swift Potion"},{"floor":10,"key":"AttackPotion"},{"floor":11,"key":"FearPotion"},{"floor":13,"key":"Weak Potion"}],"is_trial":false,"path_per_floor":["M","M","M","M","$","?","$","R","T","E","M","R","M","M","R","B",null,"M","$","M","?","M","R","M","R","T","$","R","$","?","M","R","B",null,"M","?","M","M","M","R","M","$","T","M","?","R","?","M","R","B",null,"R","$","E","B"],"character_chosen":"DEFECT","items_purchased":["Glacier","Defragment","Defragment"],"campfire_rested":0,"item_purchase_floors":[5,27,29],"current_hp_per_floor":[74,68,71,75,75,75,75,75,75,57,47,47,44,50,50,38,75,75,75,70,70,70,70,75,75,75,75,75,75,75,75,75,70,75,75,75,75,75,75,75,75,75,75,60,60,72,72,67,75,32,75,75,75,37,0],"gold":119,"neow_bonus":"RANDOM_COLORLESS","is_prod":false,"is_daily":false,"chose_seed":false,"campfire_upgraded":10,"win_rate":0,"timestamp":1552691053,"path_taken":["M","M","M","?","$","?","?","R","T","E","?","R","M","M","R","BOSS","M","$","M","?","M","R","M","R","T","$","R","$","?","M","R","BOSS","M","?","M","?","M","R","M","$","T","?","?","R","?","M","R","BOSS","R","$","E","BOSS"],"build_version":"2019-01-23","purchased_purges":3,"victory":false,"max_hp_per_floor":[75,75,75,75,75,75,75,75,75,75,75,75,75,75,75,75,75,75,75,75,75,75,75,75,75,75,75,75,75,75,75,75,75,75,75,75,75,75,75,75,75,75,75,75,75,75,75,75,75,75,75,75,75,75,75],"card_choices":[{"not_picked":["Reprogram","Sweeping Beam"],"picked":"Ball Lightning","floor":1},{"not_picked":["Conserve Battery","Scrape"],"picked":"Self Repair","floor":2},{"not_picked":["Chill","Stack"],"picked":"Streamline","floor":3},{"not_picked":["Static Discharge","Reinforced Body"],"picked":"Melter","floor":4},{"not_picked":["Thunder Strike","Streamline"],"picked":"Electrodynamics","floor":10},{"not_picked":["Aggregate","Beam Cell","Steam"],"picked":"SKIP","floor":11},{"not_picked":["Compile Driver","Streamline"],"picked":"Cold Snap","floor":13},{"not_picked":["Fusion","Redo","Rainbow"],"picked":"SKIP","floor":14},{"not_picked":["Machine Learning","Fission"],"picked":"Reboot","floor":16},{"not_picked":["Stack","Go for the Eyes+1"],"picked":"Ball Lightning+1","floor":18},{"not_picked":["Stack","Beam Cell","Streamline"],"picked":"SKIP","floor":20},{"not_picked":["Gash","White Noise"],"picked":"Buffer","floor":22},{"not_picked":["Capacitor+1","Beam Cell"],"picked":"Loop+1","floor":24},{"not_picked":["Recycle+1","Stack"],"picked":"Defragment","floor":31},{"not_picked":["Seek","Rainbow"],"picked":"Biased Cognition","floor":33},{"not_picked":["Coolheaded+1","Redo+1"],"picked":"Hologram+1","floor":35},{"not_picked":["Gash+1","Undo+1"],"picked":"Conserve Battery+1","floor":37},{"not_picked":["Hologram+1","Aggregate+1","Stack"],"picked":"SKIP","floor":38},{"not_picked":["Reprogram+1","Hologram","Go for the Eyes"],"picked":"SKIP","floor":39},{"not_picked":["Genetic Algorithm+1","Conserve Battery+1"],"picked":"Compile Driver+1","floor":41},{"not_picked":["Hyperbeam","Coolheaded","Steam"],"picked":"SKIP","floor":44},{"not_picked":["Impatience","Trip"],"picked":"Secret Technique","floor":47},{"not_picked":["Rebound+1","Gash+1"],"picked":"White Noise","floor":48},{"not_picked":["Steam+1","Gash"],"picked":"Chaos+1","floor":54}],"player_experience":469258,"relics_obtained":[{"floor":9,"key":"Matryoshka"},{"floor":10,"key":"War Paint"},{"floor":43,"key":"PreservedInsect"},{"floor":43,"key":"Blue Candle"},{"floor":54,"key":"Centennial Puzzle"}],"event_choices":[{"damage_healed":0,"gold_gain":0,"cards_transformed":["Strike_B"],"player_choice":"Transformed","damage_taken":0,"max_hp_gain":0,"max_hp_loss":0,"event_name":"Transmorgrifier","floor":6,"gold_loss":0,"cards_obtained":["Go for the Eyes"]},{"cards_removed":["Strike_B"],"damage_healed":0,"gold_gain":0,"player_choice":"Elegance","damage_taken":0,"max_hp_gain":0,"max_hp_loss":0,"event_name":"Back to Basics","floor":21,"gold_loss":0},{"damage_healed":0,"gold_gain":0,"player_choice":"Ignored","damage_taken":0,"max_hp_gain":0,"max_hp_loss":0,"event_name":"Ghosts","floor":30,"gold_loss":0},{"damage_healed":0,"gold_gain":0,"player_choice":"Upgraded","damage_taken":0,"max_hp_gain":0,"max_hp_loss":0,"event_name":"Upgrade Shrine","floor":36,"gold_loss":0,"cards_upgraded":["Defragment"]},{"cards_removed":["Defend_B"],"damage_healed":0,"gold_gain":0,"player_choice":"Removed Skill","damage_taken":0,"max_hp_gain":0,"max_hp_loss":0,"event_name":"Falling","floor":45,"gold_loss":0},{"damage_healed":0,"gold_gain":0,"player_choice":"Memory 1","damage_taken":0,"max_hp_gain":0,"max_hp_loss":0,"event_name":"SensoryStone","floor":47,"gold_loss":0}],"is_beta":false,"boss_relics":[{"not_picked":["Empty Cage","Velvet Choker"],"picked":"Sozu"},{"not_picked":["Fusion Hammer","Runic Dome"],"picked":"Eternal Feather"}],"items_purged_floors":[5,19,42],"is_endless":false,"potions_floor_spawned":[1,10,11,13,20,31,38,48,54],"killed_by":"The Heart","ascension_level":0}