{"gold_per_floor":[110,110,110,110,128,128,144,144,144,158,158,179,254,275,275,400,400,418,333,354,400,99,99,138,138,165,178,178,178,178,178,178,297,297,311,311,311,122,122,122,137,151,177,177,218,551,551,551,551,551],"floor_reached":51,"playtime":1814,"items_purged":["Strike_R","Iron Wave"],"score":1083,"play_id":"5dbf3856-b056-43f7-bd17-746ada5ab81f","local_time":"20180721150203","is_ascension_mode":true,"campfire_choices":[{"floor":6,"key":"REST"},{"data":"Cleave","floor":8,"key":"SMITH"},{"data":"Clash","floor":11,"key":"SMITH"},{"data":"Defend_R","floor":15,"key":"SMITH"},{"data":"Dual Wield","floor":23,"key":"SMITH"},{"data":"Warcry","floor":25,"key":"SMITH"},{"floor":30,"key":"REST"},{"data":"Anger","floor":32,"key":"SMITH"},{"data":"Flash of Steel","floor":40,"key":"SMITH"},{"data":"Limit Break","floor":49,"key":"SMITH"}],"neow_cost":"FIFTY_PERCENT_DAMAGE","seed_source_timestamp":19353847322673,"circlet_count":0,"master_deck":["Bash","Cleave+1","Clash+1","Warcry+1","Headbutt+1","Dual Wield+1","Anger+1","Burning Pact","Limit Break+1","Flash of Steel+1","Flex"],"relics":["Burning Blood","Thread and Needle","Lizard Tail","Torii","Strawberry","Omamori","Juzu Bracelet","Red Skull","Cursed Key","Orichalcum","Regal Pillow","Bag of Preparation","Self Forming Clay"],"potions_floor_usage":[10,16,18,24,42,50],"damage_taken":[{"damage":6,"enemies":"Cultist","floor":1,"turns":4},{"damage":7,"enemies":"Jaw Worm","floor":5,"turns":3},{"damage":7,"enemies":"Small Slimes","floor":7,"turns":3},{"damage":3,"enemies":"3 Louse","floor":10,"turns":2},{"damage":0,"enemies":"Looter","floor":12,"turns":1},{"damage":0,"enemies":"Large Slime","floor":14,"turns":3},{"damage":28,"enemies":"The Guardian","floor":16,"turns":8},{"damage":17,"enemies":"3 Byrds","floor":18,"turns":4},{"damage":14,"enemies":"Shell Parasite","floor":20,"turns":4},{"damage":42,"enemies":"Slavers","floor":24,"turns":6},{"damage":0,"enemies":"Snake Plant","floor":27,"turns":1},{"damage":19,"enemies":"Champ","floor":33,"turns":5},{"damage":17,"enemies":"3 Shapes","floor":35,"turns":3},{"damage":20,"enemies":"3 Darklings","floor":41,"turns":4},{"damage":0,"enemies":"Transient","floor":42,"turns":5},{"damage":2,"enemies":"Giant Head","floor":45,"turns":4},{"damage":46,"enemies":"Awakened One","floor":50,"turns":5}],"seed_played":"8732817584179398752","potions_obtained":[{"floor":7,"key":"FearPotion"},{"floor":10,"key":"Energy Potion"},{"floor":14,"key":"LiquidBronze"},{"floor":20,"key":"SteroidPotion"},{"floor":27,"key":"BloodPotion"},{"floor":41,"key":"Dexterity Potion"},{"floor":42,"key":"LiquidBronze"}],"is_trial":false,"path_per_floor":["M","?","?","?","M","R","M","R","T","M","R","M","?","M","R","B",null,"M","?","M","T","$","R","E","R","T","M","?","?","R","?","R","B",null,"M","?","?","$","?","R","M","M","T","?","E","?","?","T","R","B"],"character_chosen":"IRONCLAD","items_purchased":["Dual Wield","Omamori","Flash of Steel"],"campfire_rested":2,"item_purchase_floors":[22,22,38],"current_hp_per_floor":[36,36,36,29,28,50,49,49,49,52,52,58,51,57,57,35,64,53,53,45,52,52,52,16,16,16,22,22,22,46,46,46,33,69,58,58,58,58,58,58,44,50,50,50,54,54,54,54,54,14],"gold":551,"neow_bonus":"REMOVE_TWO","is_prod":false,"is_daily":false,"chose_seed":false,"campfire_upgraded":8,"win_rate":0,"timestamp":1532196123,"path_taken":["M","?","?","?","M","R","M","R","T","?","R","M","?","M","R","BOSS","M","?","?","?","$","R","E","R","T","M","?","?","R","?","R","BOSS","M","?","?","?","?","R","M","M","T","?","E","?","?","?","R","BOSS"],"build_version":"2018-07-19","purchased_purges":2,"victory":true,"max_hp_per_floor":[80,80,74,74,74,74,74,74,74,74,74,74,74,74,74,74,74,74,74,74,81,81,81,81,81,81,81,81,81,81,81,81,81,81,81,81,81,81,81,81,81,81,81,81,81,81,81,81,81,81],"card_choices":[{"not_picked":["Hemokinesis","Sword Boomerang"],"picked":"Cleave","floor":1},{"not_picked":["Headbutt","Ghostly Armor","Infernal Blade"],"picked":"SKIP","floor":5},{"not_picked":["Cleave","Metallicize","Bloodletting"],"picked":"SKIP","floor":7},{"not_picked":["Body Slam","Havoc"],"picked":"Clash","floor":10},{"not_picked":["Thunderclap","Intimidate","Hemokinesis"],"picked":"SKIP","floor":12},{"not_picked":["Anger","Evolve","Perfected Strike"],"picked":"SKIP","floor":14},{"not_picked":["Twin Strike","Infernal Blade"],"picked":"Warcry","floor":18},{"not_picked":["Anger+1","Perfected Strike"],"picked":"Headbutt+1","floor":20},{"not_picked":["Armaments+1","Pommel Strike+1","Limit Break"],"picked":"SKIP","floor":24},{"not_picked":["Infernal Blade","Second Wind","Disarm"],"picked":"SKIP","floor":27},{"not_picked":["Dark Embrace","Impervious"],"picked":"Limit Break","floor":33},{"not_picked":["Cleave+1","Battle Trance+1","Disarm"],"picked":"SKIP","floor":35},{"not_picked":["Armaments","Uppercut","Flame Barrier"],"picked":"SKIP","floor":41},{"not_picked":["Sword Boomerang+1","Feel No Pain"],"picked":"Flex","floor":42},{"not_picked":["Pummel","Perfected Strike","Metallicize"],"picked":"SKIP","floor":45}],"player_experience":825688,"relics_obtained":[{"floor":9,"key":"Thread and Needle"},{"floor":21,"key":"Strawberry"},{"floor":24,"key":"Juzu Bracelet"},{"floor":26,"key":"Red Skull"},{"floor":43,"key":"Orichalcum"},{"floor":45,"key":"Bag of Preparation"},{"floor":48,"key":"Self Forming Clay"}],"event_choices":[{"event_name":"Purifier","player_choice":"One Purge","floor":2,"damage_taken":0},{"event_name":"Golden Idol","player_choice":"Lose Max HP","floor":3,"damage_taken":0},{"event_name":"Golden Wing","player_choice":"Card Removal","floor":4,"damage_taken":0},{"event_name":"FaceTrader","player_choice":"Touch","floor":13,"damage_taken":0},{"event_name":"Addict","player_choice":"Obtained Relic","floor":19,"damage_taken":0},{"event_name":"Transmorgrifier","player_choice":"Transform","floor":28,"damage_taken":0},{"event_name":"The Library","player_choice":"Read","floor":29,"damage_taken":0},{"event_name":"Vampires","player_choice":"Ignored","floor":31,"damage_taken":0},{"event_name":"NoteForYourself","player_choice":"Took Card","floor":36,"damage_taken":0},{"event_name":"Falling","player_choice":"Removed Attack","floor":37,"damage_taken":0},{"event_name":"Purifier","player_choice":"One Purge","floor":39,"damage_taken":0},{"event_name":"WeMeetAgain","player_choice":"Potion","floor":44,"damage_taken":0},{"event_name":"The Moai Head","player_choice":"Gave Idol","floor":46,"damage_taken":0},{"event_name":"Mysterious Sphere","player_choice":"Ignore","floor":47,"damage_taken":0}],"is_beta":true,"boss_relics":[{"not_picked":["Calling Bell","Runic Cube"],"picked":"Lizard Tail"},{"not_picked":["Sozu","Fusion Hammer"],"picked":"Cursed Key"}],"items_purged_floors":[22,38],"is_endless":false,"potions_floor_spawned":[7,10,14,20,27,41,42],"ascension_level":7}