{"gold_per_floor":[116,136,152,171,171,171,196,215,215,215],"floor_reached":10,"playtime":405,"items_purged":[],"score":119,"play_id":"48cc31c8-2dc4-4835-8617-72220b2a7f78","local_time":"20180809214905","is_ascension_mode":true,"campfire_choices":[{"data":"Caltrops","floor":6,"key":"SMITH"}],"neow_cost":"NONE","seed_source_timestamp":41123833313612,"circlet_count":0,"master_deck":["Defend_G","Defend_G","Defend_G","Defend_G","Defend_G","Strike_G","Strike_G","Strike_G","Strike_G","Strike_G","Survivor","Neutralize","AscendersBane","Acrobatics","Flying Knee","Caltrops+1","Backflip","Dagger Throw"],"relics":["Ring of the Snake","Art of War","Ice Cream","Bronze Scales"],"potions_floor_usage":[8],"damage_taken":[{"damage":3,"enemies":"Cultist","floor":1,"turns":5},{"damage":1,"enemies":"Jaw Worm","floor":2,"turns":4},{"damage":0,"enemies":"Small Slimes","floor":3,"turns":3},{"damage":0,"enemies":"Exordium Wildlife","floor":4,"turns":3},{"damage":37,"enemies":"3 Sentries","floor":7,"turns":9},{"damage":15,"enemies":"Gremlin Gang","floor":8,"turns":5},{"damage":10,"enemies":"3 Louse","floor":10,"turns":1}],"seed_played":"882672848470877485","potions_obtained":[{"floor":2,"key":"FearPotion"},{"floor":7,"key":"SkillPotion"}],"is_trial":false,"path_per_floor":["M","M","M","M","?","R","E","M","T"],"character_chosen":"THE_SILENT","items_purchased":[],"campfire_rested":0,"item_purchase_floors":[],"current_hp_per_floor":[56,55,55,55,60,60,23,8,8,0],"gold":215,"neow_bonus":"RANDOM_COMMON_RELIC","is_prod":false,"is_daily":false,"chose_seed":false,"campfire_upgraded":1,"win_rate":0,"timestamp":1533862145,"path_taken":["M","M","?","M","?","R","E","?","T","M"],"build_version":"2018-08-08","purchased_purges":0,"victory":false,"max_hp_per_floor":[66,66,66,66,71,71,71,71,71,71],"card_choices":[{"not_picked":["Prepared","Dagger Throw"],"picked":"Acrobatics","floor":1},{"not_picked":["Poisoned Stab","Bane"],"picked":"Flying Knee","floor":2},{"not_picked":["Acrobatics","Flying Knee"],"picked":"Caltrops","floor":3},{"not_picked":["Masterful Stab","Poisoned Stab"],"picked":"Backflip","floor":4},{"not_picked":["Riddle With Holes","Flying Knee"],"picked":"Dagger Throw","floor":7},{"not_picked":["Dodge and Roll","Slice","Blade Dance"],"picked":"SKIP","floor":8}],"player_experience":864384,"relics_obtained":[{"floor":7,"key":"Ice Cream"},{"floor":9,"key":"Bronze Scales"}],"event_choices":[{"event_name":"Big Fish","player_choice":"Donut","floor":5,"damage_taken":0}],"is_beta":true,"boss_relics":[],"items_purged_floors":[],"is_endless":false,"potions_floor_spawned":[2,7],"killed_by":"3 Louse","ascension_level":14}