{"gold_per_floor":[11,22,37,55,71,71,87,87,169,169,203,203,43,118,118,214,214,232,232,252,252,264,264,39,39,39,39,58,73,100,120,120,222,222,242,242,256,256,88,88,100,100,100,116,135,162,177,177,177,177],"floor_reached":51,"playtime":2183,"items_purged":["Strike_R+1"],"score":935,"play_id":"69d85ac3-4d28-4548-a30b-af104266a40c","local_time":"20190304130720","is_ascension_mode":true,"campfire_choices":[{"data":"Limit Break","floor":6.0,"key":"SMITH"},{"data":"Spot Weakness","floor":8.0,"key":"SMITH"},{"data":"Sword Boomerang","floor":10.0,"key":"SMITH"},{"data":"Metallicize","floor":12.0,"key":"SMITH"},{"data":"Offering","floor":15.0,"key":"SMITH"},{"data":"Reaper","floor":23.0,"key":"SMITH"},{"data":"Bludgeon","floor":25.0,"key":"SMITH"},{"data":"Twin Strike","floor":27.0,"key":"SMITH"},{"data":"Entrench","floor":32.0,"key":"SMITH"},{"data":"Blind","floor":40,"key":"SMITH"},{"data":"Barricade","floor":49,"key":"SMITH"}],"neow_cost":"NO_GOLD","seed_source_timestamp":178096505730738,"circlet_count":0,"master_deck":["Strike_R+1","Defend_R+1","Defend_R+1","Defend_R+1","Defend_R+1","Bash+1","Limit Break+1","Flame Barrier","Spot Weakness+1","Iron Wave+1","Headbutt","Twin Strike+1","Sword Boomerang+1","Metallicize+1","Offering+1","Bludgeon+1","Inflame+1","Spot Weakness+1","Limit Break+1","Blind+1","Reaper+1","Shrug It Off","Entrench+1","Sword Boomerang+1","Reaper","Heavy Blade","Cleave","Barricade+1"],"special_seed":0,"relics":["Burning Blood","Self Forming Clay","Dream Catcher","Astrolabe","Whetstone","Sundial","Unceasing Top","Snecko Eye","Bronze Scales","Bottled Tornado","Oddly Smooth Stone"],"potions_floor_usage":[33,42,48,50],"damage_taken":[{"damage":7.0,"enemies":"Small Slimes","floor":1.0,"turns":4.0},{"damage":7.0,"enemies":"Jaw Worm","floor":2.0,"turns":5.0},{"damage":1.0,"enemies":"Cultist","floor":3.0,"turns":4.0},{"damage":8.0,"enemies":"Lots of Slimes","floor":4.0,"turns":5.0},{"damage":9.0,"enemies":"Red Slaver","floor":5.0,"turns":3.0},{"damage":8.0,"enemies":"Blue Slaver","floor":7.0,"turns":3.0},{"damage":25.0,"enemies":"3 Sentries","floor":11.0,"turns":5.0},{"damage":13.0,"enemies":"The Guardian","floor":16.0,"turns":8.0},{"damage":17.0,"enemies":"Chosen","floor":18.0,"turns":5.0},{"damage":14.0,"enemies":"3 Byrds","floor":20.0,"turns":6.0},{"damage":22.0,"enemies":"Shelled Parasite and Fungi","floor":22.0,"turns":5.0},{"damage":30.0,"enemies":"Snake Plant","floor":28.0,"turns":6.0},{"damage":24.0,"enemies":"Snecko","floor":29.0,"turns":6.0},{"damage":26.0,"enemies":"Slavers","floor":30.0,"turns":6.0},{"damage":6.0,"enemies":"Centurion and Healer","floor":31.0,"turns":8.0},{"damage":85,"enemies":"Collector","floor":33,"turns":8},{"damage":0,"enemies":"3 Darklings","floor":35,"turns":4},{"damage":8,"enemies":"Orb Walker","floor":37,"turns":3},{"damage":15,"enemies":"Spire Growth","floor":41,"turns":3},{"damage":0,"enemies":"Nemesis","floor":42,"turns":2},{"damage":34,"enemies":"3 Darklings","floor":44,"turns":4},{"damage":22,"enemies":"Maw","floor":45,"turns":4},{"damage":11,"enemies":"Giant Head","floor":46,"turns":5},{"damage":20,"enemies":"Sphere and 2 Shapes","floor":47,"turns":5},{"damage":0,"enemies":"Writhing Mass","floor":48,"turns":1},{"damage":95,"enemies":"Time Eater","floor":50,"turns":8}],"seed_played":"1909997272004872047","potions_obtained":[{"floor":1.0,"key":"BloodPotion"},{"floor":2.0,"key":"EssenceOfSteel"},{"floor":4.0,"key":"SkillPotion"},{"floor":11.0,"key":"AttackPotion"},{"floor":16.0,"key":"Swift Potion"},{"floor":18.0,"key":"Weak Potion"},{"floor":30.0,"key":"AttackPotion"},{"floor":31.0,"key":"LiquidBronze"},{"floor":41,"key":"SmokeBomb"},{"floor":44,"key":"SmokeBomb"},{"floor":45,"key":"BloodPotion"}],"is_trial":false,"path_per_floor":["M","M","M","M","M","R","M","R","T","R","E","R","$","?","R","B",null,"M","?","M","?","M","R","$","R","T","R","M","M","E","M","R","B",null,"M","$","M","$","$","R","M","E","T","M","M","E","M","M","R","B",null],"character_chosen":"IRONCLAD","items_purchased":["Offering","Whetstone","Bronze Scales","Cleave"],"campfire_rested":0,"item_purchase_floors":[13,24,39,39],"current_hp_per_floor":[79,78,80,78,75,75,73,73,73,73,54,54,54,43,43,44,71,60,60,52,52,51,51,51,51,51,51,51,51,74,80,80,25,66,80,80,79,79,79,79,80,80,80,78,64,80,66,72,72,80],"gold":177,"neow_bonus":"THREE_RARE_CARDS","is_prod":false,"is_daily":false,"chose_seed":false,"campfire_upgraded":11,"win_rate":0,"timestamp":1551726440,"path_taken":["M","M","M","M","M","R","M","R","T","R","E","R","$","?","R","BOSS","M","?","M","?","?","R","$","R","T","R","M","M","E","M","R","BOSS","M","$","M","?","$","R","M","E","T","?","M","E","M","M","R","BOSS"],"build_version":"2019-01-23","purchased_purges":1,"victory":true,"max_hp_per_floor":[80,80,80,80,80,80,80,80,80,80,80,80,80,80,80,80,80,80,80,80,80,80,80,80,80,80,80,80,80,80,80,80,80,80,80,80,80,80,80,80,80,80,80,80,80,80,80,80,80,80],"card_choices":[{"not_picked":["Brutality","Bludgeon"],"picked":"Limit Break","floor":0.0},{"not_picked":["Dual Wield","Wild Strike"],"picked":"Flame Barrier","floor":1.0},{"not_picked":["Evolve","Feel No Pain"],"picked":"Spot Weakness","floor":2.0},{"not_picked":["Body Slam","Reckless Charge"],"picked":"Iron Wave","floor":3.0},{"not_picked":["Combust","Body Slam"],"picked":"Headbutt","floor":4.0},{"not_picked":["Thunderclap","Carnage"],"picked":"Twin Strike","floor":5.0},{"not_picked":["Pommel Strike","Twin Strike"],"picked":"Sword Boomerang","floor":7.0},{"not_picked":["Shrug It Off","Flex"],"picked":"Metallicize","floor":11.0},{"not_picked":["Dark Embrace","Exhume"],"picked":"Bludgeon","floor":16.0},{"not_picked":["Twin Strike","Entrench","Headbutt"],"picked":"SKIP","floor":18.0},{"not_picked":["Armaments","Carnage+1","Combust+1"],"picked":"SKIP","floor":20.0},{"not_picked":["Twin Strike","Reckless Charge+1","Body Slam"],"picked":"SKIP","floor":22.0},{"not_picked":["Clash","Second Wind","Heavy Blade+1"],"picked":"SKIP","floor":28.0},{"not_picked":["Body Slam+1","Pommel Strike+1"],"picked":"Shrug It Off","floor":29.0},{"not_picked":["Clash","Warcry"],"picked":"Entrench","floor":30.0},{"not_picked":["Heavy Blade+1","Uppercut"],"picked":"Sword Boomerang+1","floor":31.0},{"not_picked":["Brutality","Offering"],"picked":"Reaper","floor":33},{"not_picked":["Pommel Strike+1","Rage"],"picked":"Heavy Blade","floor":35},{"not_picked":["Havoc+1","Evolve","Spot Weakness"],"picked":"SKIP","floor":37},{"not_picked":["Intimidate+1","Anger+1","Twin Strike+1"],"picked":"SKIP","floor":41},{"not_picked":["Rage+1","Armaments+1","Heavy Blade+1"],"picked":"SKIP","floor":44},{"not_picked":["Dual Wield","Clothesline+1"],"picked":"Barricade","floor":45},{"not_picked":["Dual Wield+1","Flame Barrier","Body Slam"],"picked":"SKIP","floor":46},{"not_picked":["Clothesline","Headbutt","Feel No Pain"],"picked":"SKIP","floor":47}],"player_experience":297529,"relics_obtained":[{"floor":9.0,"key":"Self Forming Clay"},{"floor":11.0,"key":"Dream Catcher"},{"floor":26.0,"key":"Sundial"},{"floor":30.0,"key":"Unceasing Top"},{"floor":43,"key":"Bottled Tornado"},{"floor":46,"key":"Oddly Smooth Stone"}],"event_choices":[{"damage_healed":0.0,"max_hp_gain":0.0,"max_hp_loss":0.0,"gold_gain":75.0,"event_name":"World of Goop","player_choice":"Gather Gold","floor":14.0,"gold_loss":0.0,"damage_taken":11.0},{"damage_healed":0.0,"max_hp_gain":0.0,"max_hp_loss":0.0,"gold_gain":0.0,"event_name":"Back to Basics","player_choice":"Simplicity","floor":19.0,"gold_loss":0.0,"damage_taken":0.0,"cards_upgraded":["Strike_R","Strike_R","Defend_R","Defend_R","Defend_R","Defend_R"]},{"damage_healed":0.0,"max_hp_gain":0.0,"max_hp_loss":0.0,"gold_gain":0.0,"event_name":"Match and Keep!","player_choice":"2 cards matched","floor":21.0,"gold_loss":0.0,"damage_taken":0.0,"cards_obtained":["Blind","Reaper"]}],"is_beta":false,"boss_relics":[{"not_picked":["Lizard Tail","Tiny House"],"picked":"Astrolabe"},{"not_picked":["Pandora\u0027s Box","Orrery"],"picked":"Snecko Eye"}],"items_purged_floors":[24],"is_endless":false,"potions_floor_spawned":[1,2,4,11,16,18,30,31,41,44,45,46],"ascension_level":5}