{"gold_per_floor":[118,130,130,143,156,156,168,168,168,168,182,211,227,242,242,344,344,355,374,1,14,31,31],"floor_reached":23,"playtime":705,"items_purged":[],"score":299,"play_id":"ff161ced-daf8-4ca5-8e0c-4c7d7ff7c847","local_time":"20190303211904","is_ascension_mode":false,"campfire_choices":[{"data":"Perfected Strike","floor":6,"key":"SMITH"},{"data":"Inflame","floor":8,"key":"SMITH"},{"data":"Sword Boomerang","floor":10,"key":"SMITH"},{"floor":15,"key":"REST"}],"neow_cost":"","seed_source_timestamp":160395228907807,"circlet_count":0,"master_deck":["Strike_R","Strike_R","Strike_R","Strike_R","Strike_R","Defend_R","Defend_R","Defend_R","Defend_R","Bash","Sword Boomerang+1","Perfected Strike+1","Inflame+1","Iron Wave","Twin Strike","Pommel Strike","Double Tap","Combust","Perfected Strike+1","Mayhem","Trip","Iron Wave","Metallicize"],"relics":["Burning Blood","FaceOfCleric","Bottled Flame","Happy Flower","Velvet Choker"],"potions_floor_usage":[5,12,16,16,19,21,22,22,22],"damage_taken":[{"damage":6,"enemies":"2 Louse","floor":1,"turns":2},{"damage":5,"enemies":"Cultist","floor":2,"turns":4},{"damage":6,"enemies":"Jaw Worm","floor":4,"turns":3},{"damage":12,"enemies":"Large Slime","floor":5,"turns":3},{"damage":11,"enemies":"Blue Slaver","floor":7,"turns":4},{"damage":10,"enemies":"2 Fungi Beasts","floor":11,"turns":3},{"damage":31,"enemies":"Lagavulin","floor":12,"turns":4},{"damage":10,"enemies":"Looter","floor":13,"turns":3},{"damage":10,"enemies":"Exordium Thugs","floor":14,"turns":3},{"damage":34,"enemies":"The Guardian","floor":16,"turns":8},{"damage":5,"enemies":"Chosen","floor":18,"turns":3},{"damage":3,"enemies":"3 Byrds","floor":19,"turns":4},{"damage":37,"enemies":"Centurion and Healer","floor":21,"turns":4},{"damage":15,"enemies":"Shelled Parasite and Fungi","floor":22,"turns":2},{"damage":57,"enemies":"Slavers","floor":23,"turns":3}],"seed_played":"4873464787003208981","potions_obtained":[{"floor":1,"key":"Poison Potion"},{"floor":2,"key":"SkillPotion"},{"floor":11,"key":"Swift Potion"},{"floor":13,"key":"Poison Potion"},{"floor":16,"key":"Fire Potion"},{"floor":18,"key":"Regen Potion"},{"floor":19,"key":"PowerPotion"},{"floor":21,"key":"Explosive Potion"}],"is_trial":true,"path_per_floor":["M","M","?","M","M","R","M","R","T","R","M","E","M","M","R","B",null,"M","M","$","M","M","E"],"character_chosen":"IRONCLAD","items_purchased":["Mayhem","Trip","Iron Wave","Fire Potion"],"campfire_rested":1,"item_purchase_floors":[20,20,20,20],"current_hp_per_floor":[80,80,80,81,76,76,72,72,72,72,69,45,42,39,65,38,88,89,90,90,60,57,0],"gold":31,"neow_bonus":"","is_prod":false,"is_daily":false,"chose_seed":false,"campfire_upgraded":3,"win_rate":0,"timestamp":1551669544,"path_taken":["M","M","?","M","M","R","M","R","T","R","?","E","M","M","R","BOSS","M","M","$","M","M","E"],"build_version":"2019-01-23","purchased_purges":0,"victory":false,"max_hp_per_floor":[80,80,80,81,82,82,83,83,83,83,84,85,86,87,87,88,88,89,90,90,91,92,92],"card_choices":[{"not_picked":["Anger","Shockwave"],"picked":"Sword Boomerang","floor":1},{"not_picked":["Heavy Blade","Reckless Charge"],"picked":"Perfected Strike","floor":2},{"not_picked":["Body Slam","Wild Strike"],"picked":"Inflame","floor":4},{"not_picked":["Juggernaut","Headbutt","Perfected Strike"],"picked":"SKIP","floor":5},{"not_picked":["Bloodletting","Corruption","Fire Breathing"],"picked":"SKIP","floor":7},{"not_picked":["Body Slam","Rage"],"picked":"Iron Wave","floor":11},{"not_picked":["Spot Weakness","Intimidate"],"picked":"Twin Strike","floor":12},{"not_picked":["Dropkick","Sever Soul"],"picked":"Pommel Strike","floor":13},{"not_picked":["Searing Blow","Power Through","Clash"],"picked":"SKIP","floor":14},{"not_picked":["Berserk","Fiend Fire"],"picked":"Double Tap","floor":16},{"not_picked":["Entrench","Uppercut"],"picked":"Combust","floor":18},{"not_picked":["Rage","Heavy Blade+1"],"picked":"Perfected Strike+1","floor":19},{"not_picked":["Evolve+1","Anger+1"],"picked":"Metallicize","floor":21},{"not_picked":["Headbutt","Flex","Heavy Blade+1"],"picked":"SKIP","floor":22}],"player_experience":296824,"relics_obtained":[{"floor":9,"key":"Bottled Flame"},{"floor":12,"key":"Happy Flower"}],"event_choices":[{"damage_healed":0,"gold_gain":0,"player_choice":"Trade","damage_taken":0,"relics_obtained":["FaceOfCleric"],"max_hp_gain":0,"max_hp_loss":0,"event_name":"FaceTrader","floor":3,"gold_loss":0}],"is_beta":false,"boss_relics":[{"not_picked":["Runic Dome","Black Star"],"picked":"Velvet Choker"}],"items_purged_floors":[],"is_endless":true,"potions_floor_spawned":[1,2,11,13,16,18,19,21],"killed_by":"Slavers","ascension_level":0}