{"path_per_floor":["M","?","?","$","$","R","M","M","T","M","M","?","M","$","R","B",null,"M","$","M","M","?","E","R","?","T","$","M","M","R","M","R"],"character_chosen":"IRONCLAD","items_purchased":["Sever Soul"],"gold_per_floor":[11,11,11,11,11,11,31,50,75,95,111,61,72,33,33,131,131,145,70,88,107,107,142,142,142,221,121,139,159,159,175,175],"floor_reached":33,"campfire_rested":2,"playtime":1575,"current_hp_per_floor":[80,80,64,64,64,64,69,75,75,70,71,71,69,69,69,27,80,70,70,72,55,55,39,39,23,29,29,9,15,40,31,56],"items_purged":["Strike_R","Injury"],"gold":175,"score":259,"play_id":"2d0851b2-9df2-4136-8198-3599a46e2f63","is_prod":false,"is_daily":false,"is_ascension_mode":false,"campfire_upgraded":3,"path_taken":["M","?","?","?","$","R","M","?","T","M","M","?","M","$","R","BOSS","M","?","?","?","?","E","R","?","T","?","M","M","R","M","R","BOSS"],"build_version":"2018-02-15-PROD1","purchased_purges":2,"victory":false,"master_deck":["Strike_R","Strike_R","Strike_R+1","Defend_R+1","Defend_R","Defend_R","Defend_R","Bash","Armaments+1","Rampage","Impervious","Shrug It Off","Burning Pact","Shockwave","Dual Wield+1","Infernal Blade+1","Sever Soul","Offering","Whirlwind+1","Cleave","Clash+1","Warcry"],"max_hp_per_floor":[80,80,80,80,80,80,80,80,80,80,80,80,80,80,80,80,80,80,80,80,80,80,80,80,80,86,86,86,86,86,86,86],"relics":["Burning Blood","Bird Faced Urn","Bag of Marbles","Cursed Key","Darkstone Periapt","Nilry\u0027s Codex","Dodecahedron"],"card_choices":[{"not_picked":["Rupture","Pommel Strike"],"picked":"Armaments"},{"not_picked":["Juggernaut","Blood for Blood"],"picked":"Shrug It Off"},{"not_picked":["Clothesline","Armaments"],"picked":"Burning Pact"},{"not_picked":["Havoc","Rampage"],"picked":"Shockwave"},{"not_picked":["Fire Breathing","Corruption"],"picked":"Dual Wield"},{"not_picked":["Inflame","Sword Boomerang"],"picked":"Infernal Blade"},{"not_picked":["Fiend Fire","Barricade"],"picked":"Offering"},{"not_picked":["Pummel","Blood for Blood"],"picked":"Whirlwind"},{"not_picked":["Pommel Strike","Twin Strike"],"picked":"Cleave"},{"not_picked":["Warcry","Rage"],"picked":"Clash"},{"not_picked":["Impervious","Perfected Strike"],"picked":"Warcry"}],"player_experience":121058,"potions_floor_usage":[16,16,18,28,29,33,33],"damage_taken":[{"damage":0,"enemies":"Small Slimes","floor":1,"turns":3},{"damage":1,"enemies":"Cultist","floor":7,"turns":3},{"damage":0,"enemies":"Jaw Worm","floor":8,"turns":4},{"damage":11,"enemies":"Exordium Wildlife","floor":10,"turns":5},{"damage":5,"enemies":"Blue Slaver","floor":11,"turns":4},{"damage":8,"enemies":"2 Fungi Beasts","floor":13,"turns":4},{"damage":48,"enemies":"Hexaghost","floor":16,"turns":13},{"damage":16,"enemies":"2 Thieves","floor":18,"turns":5},{"damage":4,"enemies":"Shell Parasite","floor":20,"turns":5},{"damage":23,"enemies":"Centurion and Healer","floor":21,"turns":7},{"damage":22,"enemies":"Slavers","floor":23,"turns":6},{"damage":29,"enemies":"Chosen and Byrds","floor":28,"turns":6},{"damage":0,"enemies":"Snake Plant","floor":29,"turns":2},{"damage":15,"enemies":"Snecko","floor":31,"turns":4},{"damage":71,"enemies":"Automaton","floor":33,"turns":10}],"event_choices":[{"event_name":"Match and Keep!","player_choice":"2 cards matched","floor":2,"damage_taken":0},{"event_name":"Shining Light","player_choice":"Entered Light","floor":3,"damage_taken":0},{"event_name":"The Cleric","player_choice":"Card Removal","floor":12,"damage_taken":0},{"event_name":"Drug Dealer","player_choice":"Ignored","floor":22,"damage_taken":0},{"event_name":"Cursed Tome","player_choice":"Obtained Book","floor":25,"damage_taken":0}],"boss_relics":[{"not_picked":["Mark of Pain","Question Card"],"picked":"Cursed Key"}],"potions_floor_spawned":[7,8,11,23,28,29,31],"seed_played":"6882136491102008106","killed_by":"Automaton","ascension_level":0,"is_trial":false}