{"gold_per_floor":[116,116,131,56,74,74,106,122,202,202,228,228,228,255,255,358,358,374,299,199,216,229,229,249,249,249,249],"floor_reached":27,"playtime":1331,"items_purged":["Strike_R","Strike_R"],"score":221,"play_id":"bbc744e9-f76b-414a-a0f4-82df753dbf69","local_time":"20180922191200","is_ascension_mode":false,"campfire_choices":[{"data":"Armaments","floor":6,"key":"SMITH"},{"data":"Inflame","floor":10,"key":"SMITH"},{"data":"Heavy Blade","floor":13,"key":"SMITH"},{"data":"Pommel Strike","floor":15,"key":"SMITH"},{"data":"Pommel Strike","floor":23,"key":"SMITH"},{"floor":25,"key":"REST"}],"neow_cost":"NONE","seed_source_timestamp":454218841067329,"circlet_count":0,"master_deck":["Strike_R+1","Strike_R+1","Defend_R","Defend_R","Defend_R","Defend_R","Bash","Heavy Blade+1","Armaments+1","Pommel Strike+1","Inflame+1","Pommel Strike+1","Headbutt","Body Slam"],"relics":["Burning Blood","NeowsBlessing","WingedGreaves","Frozen Egg 2","Whetstone","Happy Flower","Dream Catcher","Black Star","Incense Burner"],"potions_floor_usage":[7,16,21,22],"damage_taken":[{"damage":0,"enemies":"Cultist","floor":1,"turns":1},{"damage":0,"enemies":"2 Louse","floor":3,"turns":1},{"damage":0,"enemies":"Jaw Worm","floor":5,"turns":1},{"damage":28,"enemies":"Lagavulin","floor":7,"turns":8},{"damage":5,"enemies":"3 Louse","floor":8,"turns":4},{"damage":14,"enemies":"Gremlin Nob","floor":14,"turns":3},{"damage":48,"enemies":"The Guardian","floor":16,"turns":9},{"damage":30,"enemies":"Shell Parasite","floor":18,"turns":5},{"damage":24,"enemies":"3 Byrds","floor":21,"turns":6},{"damage":4,"enemies":"Cultist and Chosen","floor":22,"turns":5},{"damage":16,"enemies":"Snake Plant","floor":24,"turns":3},{"damage":63,"enemies":"Slavers","floor":27,"turns":4}],"seed_played":"-4660661187760836735","potions_obtained":[{"floor":1,"key":"PowerPotion"},{"floor":14,"key":"AttackPotion"},{"floor":18,"key":"BloodPotion"},{"floor":21,"key":"SkillPotion"}],"is_trial":false,"path_per_floor":["M","?","M","$","M","R","E","M","T","R","T","?","R","E","R","B",null,"M","?","$","M","M","R","M","R","T"],"character_chosen":"IRONCLAD","items_purchased":[],"campfire_rested":1,"item_purchase_floors":[],"current_hp_per_floor":[80,80,80,80,80,80,58,59,59,59,59,59,59,51,51,9,80,56,56,56,46,48,48,38,62,62,0],"gold":249,"neow_bonus":"THREE_ENEMY_KILL","is_prod":false,"is_daily":false,"chose_seed":false,"campfire_upgraded":5,"win_rate":0.0,"timestamp":1537661520,"path_taken":["M","?","?","?","M","R","E","?","T","R","?","?","R","E","R","BOSS","M","?","$","M","M","R","M","R","T","E"],"build_version":"2018-09-20","purchased_purges":2,"victory":false,"max_hp_per_floor":[80,80,80,80,80,80,80,80,80,80,80,80,80,80,80,80,80,80,80,80,80,80,80,80,80,80,80],"card_choices":[{"not_picked":["Dropkick","Clash"],"picked":"Heavy Blade","floor":1},{"not_picked":["Second Wind","Anger"],"picked":"Armaments","floor":3},{"not_picked":["Heavy Blade","Sword Boomerang"],"picked":"Pommel Strike","floor":5},{"not_picked":["Reckless Charge","Sever Soul"],"picked":"Inflame","floor":7},{"not_picked":["Heavy Blade","Sword Boomerang"],"picked":"Pommel Strike","floor":8},{"not_picked":["Bludgeon","Corruption+1","Havoc"],"picked":"SKIP","floor":14},{"not_picked":["Clothesline","Armaments","Perfected Strike"],"picked":"SKIP","floor":18},{"not_picked":["Sword Boomerang","Shrug It Off"],"picked":"Headbutt","floor":21},{"not_picked":["Combust+1","Clothesline","Power Through+1"],"picked":"SKIP","floor":22},{"not_picked":["Wild Strike+1","Sword Boomerang","Warcry"],"picked":"SKIP","floor":24},{"not_picked":["Clothesline","Shrug It Off"],"picked":"Body Slam","floor":25}],"player_experience":74443,"relics_obtained":[{"floor":7,"key":"WingedGreaves"},{"floor":9,"key":"Frozen Egg 2"},{"floor":11,"key":"Whetstone"},{"floor":14,"key":"Dream Catcher"},{"floor":26,"key":"Incense Burner"}],"event_choices":[{"event_name":"Wheel of Change","player_choice":"Full Heal","floor":2,"damage_taken":0},{"event_name":"Dead Adventurer","player_choice":"Searched \u00272\u0027 times","floor":12,"damage_taken":0},{"event_name":"Beggar","player_choice":"Gave Gold","floor":19,"damage_taken":0}],"is_beta":false,"boss_relics":[{"not_picked":["Runic Dome","Runic Pyramid"],"picked":"Black Star"}],"items_purged_floors":[4,20],"is_endless":false,"potions_floor_spawned":[1,14,18,21],"killed_by":"Slavers","ascension_level":0}