{"gold_per_floor":[111,37,53,153,153,153,179,189,214,59,59,84,84,100,100,197,197,208,208,208,226,242,271,271,271],"floor_reached":25,"playtime":987,"items_purged":["Strike_B"],"score":252,"play_id":"038c82c7-0457-416c-a863-fe04f86033c2","local_time":"20180628172724","is_ascension_mode":true,"campfire_choices":[{"data":"Sunder","floor":6,"key":"SMITH"},{"floor":11,"key":"REST"},{"data":"FTL","floor":15,"key":"SMITH"},{"floor":24,"key":"REST"}],"neow_cost":"NONE","seed_source_timestamp":25974823941521,"circlet_count":0,"master_deck":["Strike_B","Defend_B","Defend_B","Defend_B","Defend_B","Zap","Dualcast+1","Sweeping Beam","Sunder+1","Chaos","All For One","Chill","FTL+1","Go for the Eyes","Beam Cell","Seek","Gash","Hologram","Scrape"],"relics":["Cracked Core","Boot","Omamori","Ice Cream","Empty Cage","Dodecahedron","Centennial Puzzle"],"potions_floor_usage":[16,16,22,23],"damage_taken":[{"damage":4,"enemies":"Jaw Worm","floor":1,"turns":3},{"damage":6,"enemies":"Cultist","floor":3,"turns":3},{"damage":26,"enemies":"Gremlin Nob","floor":7,"turns":4},{"damage":0,"enemies":"Small Slimes","floor":8,"turns":1},{"damage":22,"enemies":"Lagavulin","floor":12,"turns":5},{"damage":2,"enemies":"Exordium Wildlife","floor":14,"turns":2},{"damage":19,"enemies":"The Guardian","floor":16,"turns":7},{"damage":17,"enemies":"Spheric Guardian","floor":18,"turns":4},{"damage":0,"enemies":"Chosen","floor":21,"turns":4},{"damage":2,"enemies":"Centurion and Healer","floor":22,"turns":6},{"damage":33,"enemies":"Slavers","floor":23,"turns":4},{"damage":47,"enemies":"Book of Stabbing","floor":25,"turns":5}],"seed_played":"-423503167483246194","potions_obtained":[{"floor":7,"key":"Fire Potion"},{"floor":12,"key":"FocusPotion"},{"floor":16,"key":"Block Potion"},{"floor":18,"key":"LiquidBronze"}],"is_trial":false,"path_per_floor":["M","$","M","?","?","R","E","M","T","$","R","E","?","M","R","B",null,"M","?","?","M","M","E","R"],"character_chosen":"DEFECT","items_purchased":["Sunder","FTL"],"campfire_rested":2,"item_purchase_floors":[2,10],"current_hp_per_floor":[71,71,65,65,65,65,39,39,39,39,61,39,64,62,62,43,75,58,58,58,58,56,23,45,0],"gold":271,"neow_bonus":"UPGRADE_CARD","is_prod":false,"is_daily":false,"chose_seed":false,"campfire_upgraded":2,"win_rate":0,"timestamp":1530217644,"path_taken":["M","$","M","?","?","R","E","M","T","$","R","E","?","M","R","BOSS","M","?","?","?","M","E","R","E"],"build_version":"2018-06-27","purchased_purges":1,"victory":false,"max_hp_per_floor":[75,75,75,75,75,75,75,75,75,75,75,75,75,75,75,75,75,75,75,75,75,75,75,75,75],"card_choices":[{"not_picked":["Turbo","Force Field"],"picked":"Sweeping Beam","floor":1},{"not_picked":["Beam Cell","Streamline"],"picked":"Chaos","floor":3},{"not_picked":["Consume","Barrage"],"picked":"All For One","floor":7},{"not_picked":["Rebound","Hologram"],"picked":"Chill","floor":8},{"not_picked":["Ball Lightning","Blizzard"],"picked":"Go for the Eyes","floor":12},{"not_picked":["Auto Shields","Rip and Tear"],"picked":"Beam Cell","floor":14},{"not_picked":["Machine Learning","Amplify"],"picked":"Seek","floor":16},{"not_picked":["Rebound","Steam+1"],"picked":"Gash","floor":18},{"not_picked":["Turbo","Conserve Battery"],"picked":"Hologram","floor":21},{"not_picked":["Doom and Gloom","Undo"],"picked":"Scrape","floor":22},{"not_picked":["Storm+1","Coolheaded+1","Lockon+1"],"picked":"SKIP","floor":23}],"player_experience":807608,"relics_obtained":[{"floor":7,"key":"Boot"},{"floor":9,"key":"Omamori"},{"floor":12,"key":"Ice Cream"},{"floor":23,"key":"Centennial Puzzle"}],"event_choices":[{"event_name":"Golden Shrine","player_choice":"Pray","floor":4,"damage_taken":0},{"event_name":"Golden Idol","player_choice":"Ignored","floor":5,"damage_taken":0},{"event_name":"Big Fish","player_choice":"Banana","floor":13,"damage_taken":0},{"event_name":"The Mausoleum","player_choice":"Yes","floor":19,"damage_taken":0},{"event_name":"The Woman in Blue","player_choice":"Bought 0 Potions","floor":20,"damage_taken":0}],"boss_relics":[{"not_picked":["Busted Crown","Lizard Tail"],"picked":"Empty Cage"}],"items_purged_floors":[10],"is_endless":false,"potions_floor_spawned":[7,12,16,18],"killed_by":"Book of Stabbing","ascension_level":2}