{"gold_per_floor":[109,123,123,48,48,82,97,114,139,139,159,159,186,208,208,208],"floor_reached":16,"playtime":384,"items_purged":[],"score":263,"play_id":"0c8f276f-bb6b-4dbc-ad94-87225691268c","local_time":"20190311171035","is_ascension_mode":true,"campfire_choices":[{"data":"Noxious Fumes","floor":10,"key":"SMITH"},{"data":"Neutralize","floor":12,"key":"SMITH"},{"floor":15,"key":"REST"}],"neow_cost":"NONE","seed_source_timestamp":430894107514918,"circlet_count":0,"master_deck":["AscendersBane","Defend_G","Defend_G","Defend_G","Defend_G","Defend_G","Strike_G","Strike_G","Strike_G","Strike_G","Survivor","Neutralize+1","Corpse Explosion","Noxious Fumes+1","Deadly Poison","Caltrops","Leg Sweep","Escape Plan"],"relics":["Ring of the Snake","NeowsBlessing","Bronze Scales","Juzu Bracelet","Blood Vial","Centennial Puzzle","Odd Mushroom"],"potions_floor_usage":[8,13,13],"damage_taken":[{"damage":0,"enemies":"Small Slimes","floor":1,"turns":1},{"damage":0,"enemies":"2 Louse","floor":2,"turns":1},{"damage":0,"enemies":"Lagavulin","floor":6,"turns":1},{"damage":1,"enemies":"Cultist","floor":7,"turns":3},{"damage":4,"enemies":"2 Fungi Beasts","floor":8,"turns":2},{"damage":5,"enemies":"Blue Slaver","floor":11,"turns":4},{"damage":20,"enemies":"Gremlin Nob","floor":13,"turns":4},{"damage":13,"enemies":"The Mushroom Lair","floor":14,"turns":2},{"damage":56,"enemies":"Slime Boss","floor":16,"turns":9}],"seed_played":"-4514352782026406439","potions_obtained":[{"floor":6,"key":"Dexterity Potion"},{"floor":8,"key":"Fruit Juice"},{"floor":11,"key":"LiquidBronze"}],"is_trial":false,"path_per_floor":["M","M","$","?","?","E","M","M","T","R","M","R","E","?","R","B"],"character_chosen":"THE_SILENT","items_purchased":[],"campfire_rested":1,"item_purchase_floors":[],"current_hp_per_floor":[59,59,59,59,59,59,58,59,59,59,56,56,38,27,48,0],"gold":208,"neow_bonus":"THREE_ENEMY_KILL","is_prod":false,"is_daily":false,"chose_seed":false,"campfire_upgraded":2,"win_rate":0,"timestamp":1552320635,"path_taken":["M","M","$","?","?","E","M","M","T","R","M","R","E","?","R","BOSS"],"build_version":"2019-01-23","purchased_purges":0,"victory":false,"max_hp_per_floor":[66,66,66,66,66,66,66,71,71,71,71,71,71,71,71,71],"card_choices":[{"not_picked":["Outmaneuver","Deflect","Quick Slash"],"picked":"SKIP","floor":1},{"not_picked":["Flechettes","Dodge and Roll","Blade Dance"],"picked":"SKIP","floor":2},{"not_picked":["Dash","Prepared"],"picked":"Corpse Explosion","floor":6},{"not_picked":["Poisoned Stab","Prepared"],"picked":"Noxious Fumes","floor":7},{"not_picked":["Cloak And Dagger","Outmaneuver"],"picked":"Deadly Poison","floor":8},{"not_picked":["Tactician","Dagger Spray"],"picked":"Caltrops","floor":11},{"not_picked":["Flying Knee","Escape Plan"],"picked":"Leg Sweep","floor":13},{"not_picked":["Adrenaline","Prepared"],"picked":"Escape Plan","floor":14}],"player_experience":967099,"relics_obtained":[{"floor":5,"key":"Bronze Scales"},{"floor":6,"key":"Juzu Bracelet"},{"floor":9,"key":"Blood Vial"},{"floor":13,"key":"Centennial Puzzle"},{"floor":14,"key":"Odd Mushroom"}],"event_choices":[{"cards_removed":["Strike_G"],"damage_healed":0,"gold_gain":0,"player_choice":"Card Removal","damage_taken":0,"max_hp_gain":0,"max_hp_loss":0,"event_name":"The Cleric","floor":4,"gold_loss":75},{"damage_healed":0,"gold_gain":0,"player_choice":"Relic","damage_taken":0,"max_hp_gain":0,"max_hp_loss":0,"event_name":"Wheel of Change","floor":5,"gold_loss":0},{"damage_healed":0,"gold_gain":0,"player_choice":"Fought Mushrooms","damage_taken":0,"max_hp_gain":0,"max_hp_loss":0,"event_name":"Mushrooms","floor":14,"gold_loss":0}],"is_beta":false,"boss_relics":[],"items_purged_floors":[],"is_endless":false,"potions_floor_spawned":[6,8,11],"killed_by":"Slime Boss","ascension_level":19}