{"path_per_floor":["M","$","M","M","M","R","M","?","T","$","?","R","M","M","R","B",null,"M","$","?","?","T","R","?","M","T","?","M","$","R","M","R","B",null,"M","M","?","M","?","R","M","$","T","M","$","R","M","?","R"],"character_chosen":"THE_SILENT","items_purchased":["Kunai","Apotheosis","Weak Potion","Oddly Smooth Stone","Bronze Scales","Ice Cream"],"gold_per_floor":[364,29,39,56,68,68,87,87,87,7,7,7,26,46,46,165,165,190,47,47,47,47,47,47,72,72,72,86,45,45,70,70,189,189,204,227,227,251,584,584,597,117,117,133,13,13,30,30,30],"floor_reached":50,"campfire_rested":5,"playtime":2429,"current_hp_per_floor":[63,63,60,60,60,60,59,44,44,44,59,59,59,59,59,16,63,49,49,49,43,43,43,43,39,39,39,24,24,42,26,44,41,63,25,17,17,10,10,36,9,9,9,30,30,56,23,38,60],"items_purged":["Strike_G","Defend_G","Parasite","Strike_G"],"gold":30,"score":492,"play_id":"2163709b-a106-41d6-a8a8-4ffdf607423c","is_prod":false,"is_daily":false,"is_ascension_mode":true,"campfire_upgraded":4,"path_taken":["M","$","M","M","M","R","M","?","T","$","?","R","M","?","R","BOSS","M","$","?","?","?","R","?","M","T","?","?","?","R","M","R","BOSS","M","M","?","M","?","R","M","$","T","?","$","R","?","?","R","BOSS"],"build_version":"2018-02-15-PROD1","purchased_purges":4,"victory":false,"master_deck":["Defend_G","Defend_G","Defend_G","Defend_G","Strike_G","Strike_G","Strike_G","Survivor","Neutralize+1","Dodge and Roll+1","Backstab","Slice","Noxious Fumes+1","PiercingWail","Envenom","Blade Dance","Apotheosis+1","Dagger Spray","Dagger Spray","Caltrops+1","Caltrops+1","Backflip+1","Writhe"],"max_hp_per_floor":[63,63,63,63,63,63,63,63,63,63,63,63,63,63,63,63,63,63,63,63,63,63,63,63,63,63,63,63,63,63,63,63,63,63,63,63,63,63,63,63,63,60,60,60,60,60,60,60,60],"relics":["Ring of the Snake","Kunai","The Courier","Lizard Tail","Frozen Egg 2","Mercury Hourglass","Shuriken","Eternal Feather","Oddly Smooth Stone","Bronze Scales","Ice Cream","Torii"],"card_choices":[{"not_picked":["Deadly Poison","Underhanded Strike"],"picked":"Dodge and Roll"},{"not_picked":["Flying Knee","Wraith Form"],"picked":"Backstab"},{"not_picked":["Flying Knee","Prepared"],"picked":"Slice"},{"not_picked":["Backflip","Outmaneuver"],"picked":"Noxious Fumes"},{"not_picked":["Bouncing Flask","Slice"],"picked":"PiercingWail"},{"not_picked":["Bullet Time","Night Terror"],"picked":"Envenom"},{"not_picked":["Sucker Punch","Backflip"],"picked":"Blade Dance"},{"not_picked":["Well Laid Plans","PiercingWail"],"picked":"Dagger Spray"},{"not_picked":["Concentrate","Dagger Throw"],"picked":"Dagger Spray"},{"not_picked":["Dodge and Roll","Heel Hook"],"picked":"Caltrops"},{"not_picked":["Dodge and Roll","Flying Knee"],"picked":"Caltrops"},{"not_picked":["Dodge and Roll","Choke"],"picked":"Backflip"}],"player_experience":194947,"potions_floor_usage":[18,28,28,28,31,31,33,36,44,50],"damage_taken":[{"damage":0,"enemies":"Small Slimes","floor":1,"turns":4},{"damage":3,"enemies":"2 Louse","floor":3,"turns":4},{"damage":0,"enemies":"Jaw Worm","floor":4,"turns":5},{"damage":0,"enemies":"Exordium Thugs","floor":5,"turns":5},{"damage":1,"enemies":"Lots of Slimes","floor":7,"turns":5},{"damage":0,"enemies":"Red Slaver","floor":13,"turns":5},{"damage":0,"enemies":"3 Louse","floor":14,"turns":4},{"damage":43,"enemies":"Slime Boss","floor":16,"turns":14},{"damage":14,"enemies":"Chosen","floor":18,"turns":7},{"damage":4,"enemies":"3 Byrds","floor":25,"turns":5},{"damage":15,"enemies":"Snake Plant","floor":28,"turns":4},{"damage":16,"enemies":"Slaver and Parasite","floor":31,"turns":6},{"damage":18,"enemies":"Automaton","floor":33,"turns":9},{"damage":38,"enemies":"3 Darklings","floor":35,"turns":5},{"damage":8,"enemies":"Orb Walker","floor":36,"turns":4},{"damage":7,"enemies":"3 Darklings","floor":38,"turns":4},{"damage":27,"enemies":"Sphere and 2 Shapes","floor":41,"turns":7},{"damage":24,"enemies":"4 Shapes","floor":44,"turns":6},{"damage":33,"enemies":"Maw","floor":47,"turns":8},{"damage":60,"enemies":"Donu and Deca","floor":50,"turns":5}],"event_choices":[{"event_name":"Golden Idol","player_choice":"Take Damage","floor":8,"damage_taken":0},{"event_name":"Mushrooms","player_choice":"Healed and dodged fight","floor":11,"damage_taken":0},{"event_name":"The Lab","player_choice":"Got Potions","floor":20,"damage_taken":0},{"event_name":"Wheel of Change","player_choice":"Damage","floor":21,"damage_taken":0},{"event_name":"Drug Dealer","player_choice":"Ignored","floor":24,"damage_taken":0},{"event_name":"The Mausoleum","player_choice":"Yes","floor":27,"damage_taken":0},{"event_name":"Mysterious Sphere","player_choice":"Ignore","floor":37,"damage_taken":0},{"event_name":"The Moai Head","player_choice":"Gave Idol","floor":39,"damage_taken":0},{"event_name":"Winding Halls","player_choice":"Writhe","floor":48,"damage_taken":0}],"boss_relics":[{"not_picked":["White Beast Statue","Runic Dome"],"picked":"Lizard Tail"},{"not_picked":["Question Card","Sozu"],"picked":"Eternal Feather"}],"potions_floor_spawned":[5,7,16,28,31,35,36,41],"seed_played":"6225286573291453508","killed_by":"Donu and Deca","ascension_level":3,"is_trial":false}