{"path_per_floor":["M","M","?","$","M","R","$","?","T","?","M","?","M","T","R","B",null,"M","M","$","M","M","R"],"character_chosen":"IRONCLAD","items_purchased":["Flex","Spot Weakness"],"gold_per_floor":[117,137,137,62,80,80,56,56,56,56,77,252,270,295,295,420,420,434,454,272,286,311,311],"floor_reached":24,"campfire_rested":3,"playtime":485,"current_hp_per_floor":[80,72,56,56,61,80,80,73,73,73,74,74,58,58,74,12,74,67,53,53,30,20,42],"items_purged":["Defend_R","Doubt"],"gold":311,"score":188,"play_id":"038d9738-65f8-46fd-9b45-45e11744cdc4","local_time":"20180309105442","is_prod":false,"is_daily":false,"is_ascension_mode":false,"campfire_upgraded":0,"timestamp":1520603682,"path_taken":["M","M","?","$","M","R","$","?","T","?","?","?","M","?","R","BOSS","M","M","$","M","M","R","M"],"build_version":"2018-03-01-PROD1","purchased_purges":2,"victory":false,"master_deck":["Strike_R+1","Strike_R","Strike_R+1","Strike_R","Defend_R","Defend_R","Bash","Flex","Flex","Double Tap","Spot Weakness","Inflame+1"],"max_hp_per_floor":[80,80,80,80,80,80,80,80,80,74,74,74,74,74,74,74,74,74,74,74,74,74,74],"relics":["Burning Blood","Ginger","Golden Idol","Bronze Scales","Sozu"],"card_choices":[{"not_picked":["Clash","Perfected Strike"],"picked":"Flex"},{"not_picked":["Immolate","Fiend Fire"],"picked":"Double Tap"},{"not_picked":["Warcry","Perfected Strike"],"picked":"Inflame"}],"player_experience":547837,"potions_floor_usage":[16,16,21,22],"damage_taken":[{"damage":6,"enemies":"Cultist","floor":1,"turns":3},{"damage":14,"enemies":"Small Slimes","floor":2,"turns":4},{"damage":1,"enemies":"2 Louse","floor":5,"turns":2},{"damage":0,"enemies":"2 Fungi Beasts","floor":11,"turns":2},{"damage":22,"enemies":"Exordium Thugs","floor":13,"turns":4},{"damage":68,"enemies":"Hexaghost","floor":16,"turns":8},{"damage":13,"enemies":"Chosen","floor":18,"turns":3},{"damage":20,"enemies":"2 Thieves","floor":19,"turns":4},{"damage":29,"enemies":"Sentry and Sphere","floor":21,"turns":5},{"damage":16,"enemies":"Snake Plant","floor":22,"turns":2},{"damage":32,"enemies":"Centurion and Healer","floor":24,"turns":3}],"event_choices":[{"event_name":"Shining Light","player_choice":"Entered Light","floor":3,"damage_taken":0},{"event_name":"Golden Wing","player_choice":"Card Removal","floor":8,"damage_taken":0},{"event_name":"Golden Idol","player_choice":"Lose Max HP","floor":10,"damage_taken":0},{"event_name":"Liars Game","player_choice":"agreed","floor":12,"damage_taken":0}],"boss_relics":[{"not_picked":["Snecko Eye","Calling Bell"],"picked":"Sozu"}],"potions_floor_spawned":[5,11,13,16,21],"seed_played":"-8505500835409350628","killed_by":"Centurion and Healer","ascension_level":0,"is_trial":false}