{"gold_per_floor":[114,129,145,145,16,16,36,65,65,77,77,92,103,122,122,221,221,236,236,236,249,28,28,54,54,54,67,67,102,114],"floor_reached":30,"playtime":1207,"items_purged":["Strike_B","All For One"],"score":340,"play_id":"6f87e547-f598-4743-bb67-626ed18f1689","local_time":"20190303194646","is_ascension_mode":true,"campfire_choices":[{"data":"Hologram","floor":6,"key":"SMITH"},{"data":"Rainbow","floor":11,"key":"SMITH"},{"data":"Zap","floor":15,"key":"SMITH"},{"data":"Auto Shields","floor":23,"key":"SMITH"},{"data":"Capacitor","floor":25,"key":"SMITH"},{"floor":28,"key":"REST"}],"neow_cost":"NONE","seed_source_timestamp":158439929124845,"circlet_count":0,"master_deck":["Defend_B","Defend_B","Defend_B","Zap+1","Dualcast","Genetic Algorithm+1","Ball Lightning","Barrage","Hologram+1","Auto Shields+1","Rainbow+1","Conserve Battery","Steam","Go for the Eyes","Capacitor+1","Echo Form","Recycle+1","Double Energy+1","Reinforced Body","Barrage","Consume","BootSequence","Skim"],"relics":["Cracked Core","Ancient Tea Set","Anchor","Astrolabe","Mercury Hourglass","Omamori","MawBank"],"potions_floor_usage":[8,16,18,24,27,29],"damage_taken":[{"damage":0,"enemies":"Small Slimes","floor":1,"turns":3},{"damage":0,"enemies":"Cultist","floor":2,"turns":4},{"damage":0,"enemies":"Jaw Worm","floor":3,"turns":4},{"damage":3,"enemies":"Exordium Thugs","floor":7,"turns":4},{"damage":2,"enemies":"3 Sentries","floor":8,"turns":5},{"damage":0,"enemies":"Looter","floor":10,"turns":3},{"damage":0,"enemies":"Large Slime","floor":12,"turns":6},{"damage":0,"enemies":"Exordium Wildlife","floor":13,"turns":4},{"damage":2,"enemies":"3 Louse","floor":14,"turns":5},{"damage":20,"enemies":"Slime Boss","floor":16,"turns":9},{"damage":2,"enemies":"3 Byrds","floor":18,"turns":6},{"damage":10,"enemies":"2 Thieves","floor":21,"turns":4},{"damage":10,"enemies":"Book of Stabbing","floor":24,"turns":7},{"damage":38,"enemies":"3 Cultists","floor":27,"turns":5},{"damage":22,"enemies":"Slavers","floor":29,"turns":5},{"damage":8,"enemies":"Sentry and Sphere","floor":30,"turns":2}],"seed_played":"4574104643738371474","potions_obtained":[{"floor":2,"key":"Fire Potion"},{"floor":7,"key":"Swift Potion"},{"floor":8,"key":"Ancient Potion"},{"floor":13,"key":"EssenceOfSteel"},{"floor":16,"key":"Poison Potion"},{"floor":21,"key":"Dexterity Potion"}],"is_trial":false,"path_per_floor":["M","M","M","?","$","R","M","E","T","M","R","M","M","M","R","B",null,"M","?","?","M","$","R","E","R","T","M","R","E","M"],"character_chosen":"DEFECT","items_purchased":["Hologram","Barrage","FocusPotion"],"campfire_rested":1,"item_purchase_floors":[5,22,22],"current_hp_per_floor":[75,75,75,75,75,75,72,70,70,70,70,70,70,68,68,48,68,66,66,66,56,56,56,46,46,46,8,30,8,0],"gold":114,"neow_bonus":"RANDOM_COMMON_RELIC","is_prod":false,"is_daily":false,"chose_seed":false,"campfire_upgraded":5,"win_rate":0,"timestamp":1551664006,"path_taken":["M","M","M","?","$","R","M","E","T","M","R","M","?","M","R","BOSS","M","?","?","M","$","R","E","R","T","?","R","E","M"],"build_version":"2019-01-23","purchased_purges":2,"victory":false,"max_hp_per_floor":[75,75,75,75,75,75,75,75,75,75,75,75,75,75,75,75,75,75,75,75,75,75,75,75,75,75,75,75,75,75],"card_choices":[{"not_picked":["Sweeping Beam","Barrage"],"picked":"Genetic Algorithm","floor":1},{"not_picked":["Streamline","Recycle"],"picked":"Ball Lightning","floor":2},{"not_picked":["Coolheaded","Skim"],"picked":"Barrage","floor":3},{"not_picked":["Steam","Stack"],"picked":"Auto Shields","floor":7},{"not_picked":["Beam Cell","Storm"],"picked":"Rainbow","floor":8},{"not_picked":["Gash","Coolheaded"],"picked":"Conserve Battery","floor":10},{"not_picked":["Turbo","Static Discharge"],"picked":"Steam","floor":12},{"not_picked":["Conserve Battery","Barrage"],"picked":"Go for the Eyes","floor":13},{"not_picked":["Tempest","Rebound"],"picked":"Capacitor","floor":14},{"not_picked":["All For One","Hyperbeam"],"picked":"Echo Form","floor":16},{"not_picked":["FTL","Stack","Streamline+1"],"picked":"SKIP","floor":18},{"not_picked":["Heatsinks+1","Stack","Tempest+1"],"picked":"SKIP","floor":21},{"not_picked":["Doom and Gloom+1","Blizzard+1"],"picked":"Consume","floor":24},{"not_picked":["Rebound","Meteor Strike"],"picked":"BootSequence","floor":27},{"not_picked":["Rebound","Lockon"],"picked":"Skim","floor":29}],"player_experience":294158,"relics_obtained":[{"floor":8,"key":"Anchor"},{"floor":24,"key":"Mercury Hourglass"},{"floor":26,"key":"Omamori"},{"floor":29,"key":"MawBank"}],"event_choices":[{"damage_healed":0,"gold_gain":0,"player_choice":"Forge","damage_taken":0,"max_hp_gain":0,"max_hp_loss":0,"event_name":"Accursed Blacksmith","floor":4,"gold_loss":0,"cards_upgraded":["Genetic Algorithm"]},{"damage_healed":0,"gold_gain":0,"player_choice":"Ignored","damage_taken":0,"max_hp_gain":0,"max_hp_loss":0,"event_name":"Vampires","floor":19,"gold_loss":0},{"damage_healed":0,"gold_gain":0,"cards_transformed":["Coolheaded","Defend_B"],"player_choice":"Became Test Subject","damage_taken":0,"max_hp_gain":0,"max_hp_loss":0,"event_name":"Drug Dealer","floor":20,"gold_loss":0,"cards_obtained":["All For One","Reinforced Body"]}],"is_beta":false,"boss_relics":[{"not_picked":["Pandora\u0027s Box","Coffee Dripper"],"picked":"Astrolabe"}],"items_purged_floors":[5,22],"is_endless":false,"potions_floor_spawned":[2,7,8,13,16,21],"killed_by":"Sentry and Sphere","ascension_level":5}