{"path_per_floor":["M","?","$","M","M","E","R","?","T","?","R","E","$","M","R","B",null,"M","?","?","M","$","E","?","R","T","R","E","M","E","M","R","B",null,"M","?","$","M","?","?"],"character_chosen":"IRONCLAD","items_purchased":["Armaments","Uppercut","Dropkick"],"gold_per_floor":[118,118,73,88,108,142,142,142,166,166,166,191,44,64,64,165,165,182,182,182,194,13,46,46,46,98,98,131,148,177,193,193,289,289,300,300,175,189,0,0],"floor_reached":41,"campfire_rested":2,"playtime":2586,"current_hp_per_floor":[79,79,79,80,80,59,59,59,59,59,59,46,46,55,55,42,80,79,79,79,70,70,45,30,30,30,70,42,26,14,16,56,42,85,40,40,40,11,11,11],"items_purged":["Writhe","Strike_R","Strike_R"],"gold":0,"score":446,"play_id":"a771cecf-b05c-46d4-9392-90dee9fb7895","is_prod":false,"is_daily":false,"is_ascension_mode":true,"campfire_upgraded":4,"path_taken":["M","?","$","?","M","E","R","?","T","?","R","E","?","M","R","BOSS","M","?","?","M","$","E","?","R","T","R","E","?","E","?","R","BOSS","M","?","$","M","?","?","M"],"build_version":"2018-02-22-PROD1","purchased_purges":3,"victory":false,"master_deck":["Defend_R+1","Defend_R","Defend_R","Defend_R","Bash+1","Flex+1","Armaments+1","Shrug It Off","Cleave","Second Wind+1","Metallicize+1","Uppercut","Barricade+1","Pommel Strike+1","Whirlwind","Heavy Blade","Dropkick","Seeing Red+1","Shrug It Off+1","Spot Weakness","Iron Wave+1","Demon Form","Body Slam+1","Metallicize","Seeing Red"],"max_hp_per_floor":[80,80,80,80,80,80,80,80,80,80,80,80,80,80,80,80,80,80,80,80,80,80,80,85,85,85,85,85,85,85,85,85,85,85,85,85,85,85,85,85],"relics":["Burning Blood","Magic Flower","Gremlin Horn","War Paint","Unceasing Top","Philosopher\u0027s Stone","Art of War","Regal Pillow","Ornamental Fan","Vajra","Mark of Pain","Red Mask"],"card_choices":[{"not_picked":["Wild Strike","Uppercut"],"picked":"Flex"},{"not_picked":["Thunderclap","Body Slam"],"picked":"Shrug It Off"},{"not_picked":["Corruption","Armaments"],"picked":"Cleave"},{"not_picked":["Dark Embrace","Clash"],"picked":"Metallicize"},{"not_picked":["Exhume","Feed"],"picked":"Barricade"},{"not_picked":["Sword Boomerang","Dropkick"],"picked":"Pommel Strike"},{"not_picked":["Clash","Cleave"],"picked":"Heavy Blade"},{"not_picked":["Warcry","Limit Break"],"picked":"Seeing Red"},{"not_picked":["Heavy Blade","Sever Soul"],"picked":"Shrug It Off"},{"not_picked":["Clothesline","Wild Strike"],"picked":"Spot Weakness"},{"not_picked":["Warcry","Feel No Pain"],"picked":"Iron Wave"},{"not_picked":["Fiend Fire","Barricade"],"picked":"Demon Form"},{"not_picked":["Seeing Red","Corruption"],"picked":"Body Slam"},{"not_picked":["Wild Strike","Thunderclap"],"picked":"Metallicize"}],"player_experience":245947,"potions_floor_usage":[16,16,23,30,30,33,33],"damage_taken":[{"damage":10,"enemies":"Cultist","floor":1,"turns":4},{"damage":0,"enemies":"2 Louse","floor":4,"turns":4},{"damage":7,"enemies":"Jaw Worm","floor":5,"turns":3},{"damage":30,"enemies":"Gremlin Nob","floor":6,"turns":4},{"damage":22,"enemies":"Lagavulin","floor":12,"turns":10},{"damage":0,"enemies":"Red Slaver","floor":14,"turns":4},{"damage":22,"enemies":"Slime Boss","floor":16,"turns":9},{"damage":10,"enemies":"Shell Parasite","floor":18,"turns":7},{"damage":18,"enemies":"Spheric Guardian","floor":21,"turns":6},{"damage":54,"enemies":"Slavers","floor":23,"turns":6},{"damage":37,"enemies":"Gremlin Leader","floor":28,"turns":10},{"damage":25,"enemies":"Centurion and Healer","floor":29,"turns":6},{"damage":21,"enemies":"Slavers","floor":30,"turns":4},{"damage":7,"enemies":"3 Cultists","floor":31,"turns":4},{"damage":23,"enemies":"Champ","floor":33,"turns":10},{"damage":54,"enemies":"3 Darklings","floor":35,"turns":3},{"damage":38,"enemies":"3 Shapes","floor":38,"turns":8},{"damage":16,"enemies":"Sphere and 2 Shapes","floor":41,"turns":3}],"event_choices":[{"event_name":"Living Wall","player_choice":"Grow","floor":2,"damage_taken":0},{"event_name":"Transmorgrifier","player_choice":"Transform","floor":8,"damage_taken":0},{"event_name":"Purifier","player_choice":"One Purge","floor":10,"damage_taken":0},{"event_name":"Vampires","player_choice":"Ignored","floor":19,"damage_taken":0},{"event_name":"The Library","player_choice":"Read","floor":20,"damage_taken":0},{"event_name":"Forgotten Altar","player_choice":"Shed Blood","floor":24,"damage_taken":0},{"event_name":"Mysterious Sphere","player_choice":"Ignore","floor":36,"damage_taken":0},{"event_name":"Tomb of Lord Red Mask","player_choice":"Paid","floor":39,"damage_taken":0},{"event_name":"Transmorgrifier","player_choice":"Transform","floor":40,"damage_taken":0}],"boss_relics":[{"not_picked":["Pandora\u0027s Box","Astrolabe"],"picked":"Philosopher\u0027s Stone"},{"not_picked":["Tiny House","Question Card"],"picked":"Mark of Pain"}],"potions_floor_spawned":[4,6,12,21,29,30,31],"seed_played":"6592496189346296963","killed_by":"Sphere and 2 Shapes","ascension_level":2,"is_trial":false}