{"gold_per_floor":[109,109,109,128,145,145,145,22,22,53,53,7,7,17,17,113,113,38,49,49],"floor_reached":20,"playtime":660,"items_purged":["Writhe"],"score":213,"play_id":"565e75b5-cb29-4acb-8c48-3d72e1aa14c3","local_time":"20190303152308","is_ascension_mode":true,"campfire_choices":[{"data":"Noxious Fumes","floor":6.0,"key":"SMITH"},{"floor":11.0,"key":"REST"},{"data":"After Image","floor":13.0,"key":"SMITH"},{"floor":15.0,"key":"REST"}],"neow_cost":"CURSE","seed_source_timestamp":148821890713860,"circlet_count":0,"master_deck":["Defend_G","Defend_G","Defend_G","Defend_G+1","Defend_G","Strike_G","Strike_G+1","Strike_G","Strike_G","Strike_G","Survivor","Neutralize","Phantasmal Killer","Noxious Fumes+1","Noxious Fumes","Deadly Poison","After Image+1","Cloak And Dagger","Cloak And Dagger","Footwork","Finisher","Infinite Blades","Bouncing Flask","Cloak And Dagger"],"special_seed":0,"relics":["Ring of the Snake","Gremlin Horn","PreservedInsect","Orrery"],"potions_floor_usage":[],"damage_taken":[{"damage":3.0,"enemies":"Cultist","floor":1.0,"turns":4.0},{"damage":8.0,"enemies":"Small Slimes","floor":4.0,"turns":4.0},{"damage":9.0,"enemies":"2 Louse","floor":5.0,"turns":3.0},{"damage":32.0,"enemies":"3 Sentries","floor":10.0,"turns":7.0},{"damage":1.0,"enemies":"Blue Slaver","floor":14.0,"turns":4.0},{"damage":19.0,"enemies":"Hexaghost","floor":16.0,"turns":10.0},{"damage":27,"enemies":"2 Thieves","floor":18,"turns":5},{"damage":7,"enemies":"3 Byrds","floor":19,"turns":5},{"damage":31,"enemies":"Centurion and Healer","floor":20,"turns":5}],"seed_played":"2287108612058490457","potions_obtained":[{"floor":10.0,"key":"Swift Potion"},{"floor":16.0,"key":"Explosive Potion"}],"is_trial":false,"path_per_floor":["M","?","?","M","M","R","?","$","T","E","R","$","R","M","R","B",null,"M","M","M"],"character_chosen":"THE_SILENT","items_purchased":["Fire Potion","Cloak And Dagger"],"campfire_rested":2,"item_purchase_floors":[8,12],"current_hp_per_floor":[67,53,53,45,36,36,41,41,41,9,31,31,31,30,52,33,65,38,31,0],"gold":49,"neow_bonus":"THREE_RARE_CARDS","is_prod":false,"is_daily":false,"chose_seed":false,"campfire_upgraded":2,"win_rate":0,"timestamp":1551648188,"path_taken":["M","?","?","M","M","R","?","$","T","E","R","$","R","M","R","BOSS","M","M","M"],"build_version":"2019-01-23","purchased_purges":1,"victory":false,"max_hp_per_floor":[70,70,70,70,70,70,75,75,75,75,75,75,75,75,75,75,75,75,75,75],"card_choices":[{"not_picked":["Doppelganger","Bullet Time"],"picked":"Phantasmal Killer","floor":0.0},{"not_picked":["Sucker Punch","PiercingWail"],"picked":"Noxious Fumes","floor":1.0},{"not_picked":["Underhanded Strike","Quick Slash"],"picked":"Noxious Fumes","floor":4.0},{"not_picked":["Dodge and Roll","Underhanded Strike"],"picked":"Deadly Poison","floor":5.0},{"not_picked":["Crippling Poison","Setup"],"picked":"After Image","floor":10.0},{"not_picked":["Backflip","Dagger Spray"],"picked":"Cloak And Dagger","floor":14.0},{"not_picked":["Terror","Poisoned Stab"],"picked":"Footwork","floor":17.0},{"not_picked":["Bane","Dodge and Roll"],"picked":"Finisher","floor":17.0},{"not_picked":["Venomology","Deadly Poison"],"picked":"Infinite Blades","floor":17.0},{"not_picked":["Poisoned Stab","Cloak And Dagger"],"picked":"Bouncing Flask","floor":17.0},{"not_picked":["Dagger Throw+1","Phantasmal Killer"],"picked":"Cloak And Dagger","floor":18},{"not_picked":["Reflex","Prepared","Sucker Punch"],"picked":"SKIP","floor":19}],"player_experience":285177,"relics_obtained":[{"floor":9.0,"key":"Gremlin Horn"},{"floor":10.0,"key":"PreservedInsect"}],"event_choices":[{"damage_healed":0.0,"max_hp_gain":0.0,"max_hp_loss":0.0,"gold_gain":0.0,"event_name":"Shining Light","player_choice":"Entered Light","floor":2.0,"gold_loss":0.0,"damage_taken":14.0,"cards_upgraded":["Defend_G","Strike_G"]},{"damage_healed":0.0,"max_hp_gain":0.0,"max_hp_loss":0.0,"gold_gain":0.0,"event_name":"Liars Game","player_choice":"Ignored","floor":3.0,"gold_loss":0.0,"damage_taken":0.0},{"damage_healed":0.0,"max_hp_gain":5.0,"max_hp_loss":0.0,"gold_gain":0.0,"event_name":"Big Fish","player_choice":"Donut","floor":7.0,"gold_loss":0.0,"damage_taken":0.0}],"is_beta":false,"boss_relics":[{"not_picked":["Coffee Dripper","Pandora\u0027s Box"],"picked":"Orrery"}],"items_purged_floors":[8],"is_endless":false,"potions_floor_spawned":[10,16],"killed_by":"Centurion and Healer","ascension_level":5}