{"gold_per_floor":[111,127,13,13,27,27,27,27,99,99,114,140,152,0,0,100,100,119,131,49,60,77,77,26,26,26,37,37,37,50,68,68,173,173,183,101,201,221,69,82,96,96,96,96,96,115,115,115,115,115],"floor_reached":51,"playtime":2256,"items_purged":["Strike_B","Strike_B"],"score":724,"play_id":"d2667b1f-100f-4b54-8c1f-86499bb98491","local_time":"20190210135327","is_ascension_mode":false,"campfire_choices":[{"data":"Genetic Algorithm","floor":6,"key":"SMITH"},{"data":"Go for the Eyes","floor":8,"key":"SMITH"},{"data":"Beam Cell","floor":15,"key":"SMITH"},{"data":"Machine Learning","floor":23,"key":"SMITH"},{"floor":25,"key":"REST"},{"floor":29,"key":"REST"},{"data":"Hologram","floor":32,"key":"SMITH"},{"floor":45,"key":"REST"},{"floor":47,"key":"REST"},{"data":"Seek","floor":49,"key":"SMITH"}],"neow_cost":"NONE","seed_source_timestamp":78232661549322,"circlet_count":0,"master_deck":["Defend_B","Defend_B","Defend_B+1","Defend_B","Zap","Dualcast+1","Genetic Algorithm+1","Gash","FTL","Go for the Eyes+1","BootSequence","Skim","Gash","Beam Cell+1","Machine Learning+1","FTL","Seek+1","Hologram+1","FTL","Gash","Gash","Gash","Steam+1","All For One","Writhe","Secret Technique"],"relics":["Cracked Core","Dodecahedron","Kunai","Cursed Key","War Paint","Orrery","Thread and Needle","Bag of Preparation"],"potions_floor_usage":[11,12,12,21,27,30,50,50],"damage_taken":[{"damage":0,"enemies":"Small Slimes","floor":1,"turns":3},{"damage":6,"enemies":"Jaw Worm","floor":2,"turns":3},{"damage":6,"enemies":"Cultist","floor":5,"turns":3},{"damage":4,"enemies":"Exordium Thugs","floor":11,"turns":4},{"damage":14,"enemies":"Gremlin Nob","floor":12,"turns":4},{"damage":0,"enemies":"Exordium Wildlife","floor":13,"turns":3},{"damage":4,"enemies":"Hexaghost","floor":16,"turns":9},{"damage":0,"enemies":"Shell Parasite","floor":18,"turns":5},{"damage":11,"enemies":"2 Thieves","floor":19,"turns":4},{"damage":9,"enemies":"Snake Plant","floor":21,"turns":4},{"damage":14,"enemies":"3 Cultists","floor":22,"turns":6},{"damage":38,"enemies":"Snecko","floor":27,"turns":6},{"damage":14,"enemies":"Centurion and Healer","floor":30,"turns":6},{"damage":0,"enemies":"Snake Plant","floor":31,"turns":5},{"damage":9,"enemies":"Automaton","floor":33,"turns":9},{"damage":28,"enemies":"3 Darklings","floor":35,"turns":6},{"damage":6,"enemies":"Mind Bloom Boss Battle","floor":37,"turns":4},{"damage":0,"enemies":"3 Shapes","floor":38,"turns":3},{"damage":0,"enemies":"3 Darklings","floor":40,"turns":3},{"damage":0,"enemies":"Writhing Mass","floor":41,"turns":4},{"damage":0,"enemies":"Maw","floor":46,"turns":5},{"damage":0,"enemies":"Time Eater","floor":50,"turns":7}],"seed_played":"8344955996038853524","potions_obtained":[{"floor":1,"key":"Poison Potion"},{"floor":10,"key":"AttackPotion"},{"floor":10,"key":"SpeedPotion"},{"floor":11,"key":"AttackPotion"},{"floor":16,"key":"Dexterity Potion"},{"floor":19,"key":"PowerPotion"},{"floor":27,"key":"LiquidBronze"},{"floor":31,"key":"Energy Potion"}],"is_trial":false,"path_per_floor":["M","M","$","?","M","R","$","R","T","?","M","E","M","$","R","B",null,"M","M","$","M","M","R","$","R","T","M","?","R","M","M","R","B",null,"M","$","?","M","$","M","M","?","T","?","R","M","R","?","R","B",null],"character_chosen":"DEFECT","items_purchased":["FTL","Beam Cell","FTL","SteroidPotion","All For One","Bag of Preparation"],"campfire_rested":4,"item_purchase_floors":[3,14,20,24,36,39],"current_hp_per_floor":[75,69,69,62,56,56,56,56,56,56,52,38,38,38,38,34,75,75,64,64,55,41,41,41,63,63,25,25,47,33,33,33,24,75,47,47,41,41,41,41,41,41,41,36,58,58,75,71,71,71],"gold":115,"neow_bonus":"THREE_CARDS","is_prod":false,"is_daily":false,"chose_seed":false,"campfire_upgraded":6,"win_rate":0,"timestamp":1549828407,"path_taken":["M","M","$","?","M","R","$","R","T","?","?","E","M","$","R","BOSS","M","M","$","M","M","R","$","R","T","M","?","R","M","M","R","BOSS","M","$","?","M","$","M","M","?","T","?","R","M","R","?","R","BOSS"],"build_version":"2019-01-23","purchased_purges":2,"victory":true,"max_hp_per_floor":[75,75,75,75,75,75,75,75,75,75,75,75,75,75,75,75,75,75,75,75,75,75,75,75,75,75,75,75,75,75,75,75,75,75,75,75,75,75,75,75,75,75,75,75,75,75,75,71,71,71],"card_choices":[{"not_picked":["Steam","Redo"],"picked":"Genetic Algorithm","floor":0},{"not_picked":["Static Discharge","Genetic Algorithm"],"picked":"Gash","floor":1},{"not_picked":["Conserve Battery","Genetic Algorithm","Ball Lightning"],"picked":"SKIP","floor":2},{"not_picked":["Steam","Aggregate"],"picked":"Go for the Eyes","floor":5},{"not_picked":["Beam Cell","Stack"],"picked":"BootSequence","floor":11},{"not_picked":["Machine Learning","Barrage"],"picked":"Skim","floor":12},{"not_picked":["Undo","Cold Snap"],"picked":"Gash","floor":13},{"not_picked":["Multi-Cast","Hyperbeam"],"picked":"Machine Learning","floor":16},{"not_picked":["Barrage","Recycle","Defragment"],"picked":"SKIP","floor":18},{"not_picked":["Leap","Recycle","Sweeping Beam"],"picked":"SKIP","floor":19},{"not_picked":["Cold Snap","Leap","Stack+1"],"picked":"SKIP","floor":21},{"not_picked":["Force Field","Turbo","Ball Lightning"],"picked":"SKIP","floor":22},{"not_picked":["Sweeping Beam","Ball Lightning"],"picked":"Seek","floor":27},{"not_picked":["White Noise","Cold Snap"],"picked":"Hologram","floor":30},{"not_picked":["Streamline","Skim","Tempest"],"picked":"SKIP","floor":31},{"not_picked":["Consume+1","Ball Lightning"],"picked":"FTL","floor":34},{"not_picked":["Stack","Loop"],"picked":"Gash","floor":34},{"not_picked":["Fusion","Streamline"],"picked":"Gash","floor":34},{"not_picked":["Ball Lightning","Undo"],"picked":"Gash","floor":34},{"not_picked":["Go for the Eyes","Stack+1"],"picked":"Steam+1","floor":35},{"not_picked":["Self Repair+1","Streamline","Recycle+1"],"picked":"SKIP","floor":38},{"not_picked":["Streamline+1","Tempest","Reboot"],"picked":"SKIP","floor":40},{"not_picked":["Conserve Battery","Chill+1","Undo+1"],"picked":"SKIP","floor":41},{"not_picked":["Madness","Deep Breath"],"picked":"Secret Technique","floor":44},{"not_picked":["Ball Lightning","Beam Cell+1","Double Energy"],"picked":"SKIP","floor":46}],"player_experience":141498,"relics_obtained":[{"floor":9,"key":"Dodecahedron"},{"floor":12,"key":"Kunai"},{"floor":26,"key":"War Paint"},{"floor":37,"key":"Thread and Needle"}],"event_choices":[{"cards_removed":["Strike_B"],"damage_healed":0,"gold_gain":0,"player_choice":"Card Removal","damage_taken":7,"max_hp_gain":0,"max_hp_loss":0,"event_name":"Golden Wing","floor":4,"gold_loss":0},{"damage_healed":0,"gold_gain":0,"player_choice":"Got Potions","damage_taken":0,"max_hp_gain":0,"max_hp_loss":0,"event_name":"Lab","floor":10,"gold_loss":0},{"cards_removed":["Pain"],"damage_healed":0,"gold_gain":0,"player_choice":"Removed Curses","damage_taken":0,"max_hp_gain":0,"max_hp_loss":0,"event_name":"Fountain of Cleansing","floor":28,"gold_loss":0},{"damage_healed":0,"gold_gain":0,"player_choice":"Fight","damage_taken":0,"max_hp_gain":0,"max_hp_loss":0,"event_name":"MindBloom","floor":37,"gold_loss":0},{"cards_removed":["Strike_B"],"damage_healed":0,"gold_gain":0,"player_choice":"Removed Attack","damage_taken":0,"max_hp_gain":0,"max_hp_loss":0,"event_name":"Falling","floor":42,"gold_loss":0},{"damage_healed":0,"gold_gain":0,"player_choice":"Memory 2","damage_taken":5,"max_hp_gain":0,"max_hp_loss":0,"event_name":"SensoryStone","floor":44,"gold_loss":0},{"damage_healed":0,"gold_gain":0,"player_choice":"Max HP","damage_taken":0,"max_hp_gain":0,"max_hp_loss":4,"event_name":"Winding Halls","floor":48,"gold_loss":0}],"is_beta":false,"boss_relics":[{"not_picked":["Pandora\u0027s Box","Philosopher\u0027s Stone"],"picked":"Cursed Key"},{"not_picked":["Coffee Dripper","Fusion Hammer"],"picked":"Orrery"}],"items_purged_floors":[3,14],"is_endless":false,"potions_floor_spawned":[1,11,16,19,27,31,35,38,41,46],"ascension_level":0}