{"path_per_floor":["M","?","?","M","M","R","$","?","T","M","M","T","$","M","R","B",null,"M","?","?","M","M","R","M","R","T","R","M","M","T","M","R","B",null,"M","?","T","M","?","R","E","M","T","R","M","R","M","M","R","B"],"character_chosen":"THE_SILENT","items_purchased":["Well Laid Plans"],"gold_per_floor":[16,191,191,207,226,226,75,75,127,147,167,167,67,79,79,178,178,193,293,293,311,331,331,343,343,373,373,384,400,400,416,416,519,519,536,536,587,598,598,598,625,636,636,636,652,652,664,674,674,674],"floor_reached":51,"campfire_rested":2,"playtime":3888,"current_hp_per_floor":[62,62,50,50,50,50,50,37,37,36,35,35,35,35,35,21,56,50,50,50,48,32,52,45,45,45,45,45,43,43,33,53,1,51,51,43,43,43,43,51,56,40,40,48,48,54,54,50,56,41],"items_purged":["Doubt","Strike_G"],"gold":674,"score":747,"play_id":"bf2f92ba-9d5c-4eb8-857c-df783fb69687","local_time":"20180305215937","is_prod":false,"is_daily":false,"is_ascension_mode":true,"campfire_upgraded":4,"timestamp":1520297977,"path_taken":["M","?","?","M","?","R","?","?","T","M","M","?","$","M","R","BOSS","M","?","?","M","M","R","M","R","T","R","?","M","?","M","R","BOSS","M","?","?","M","?","R","E","M","T","R","M","R","?","M","R","BOSS"],"build_version":"2018-03-01-PROD1","purchased_purges":2,"victory":true,"master_deck":["Defend_G+1","Survivor","Neutralize+1","Dagger Throw","Underhanded Strike+1","Well Laid Plans","Prepared","Tactician+1","Die Die Die+1","Flechettes+1","Blade Dance+1","Reflex","Acrobatics","Adrenaline+1","Terror+1","Deflect+1","Burst+1","Madness","Madness"],"max_hp_per_floor":[67,67,67,67,67,67,67,67,67,67,67,67,67,67,67,67,67,67,67,67,67,67,67,67,67,67,67,67,67,67,67,67,67,67,67,67,67,67,67,67,74,74,74,74,74,74,74,74,74,74],"relics":["Ring of the Snake","Centennial Puzzle","Bag of Marbles","Peace Pipe","Astrolabe","Tiny Chest","Girya","Eternal Feather","Bag of Preparation","Strawberry","Torii"],"card_choices":[{"not_picked":["Deflect","Quick Slash"],"picked":"Dagger Throw"},{"not_picked":["Deflect","Bane"],"picked":"Underhanded Strike"},{"not_picked":["PiercingWail","Slice"],"picked":"Dagger Throw"},{"not_picked":["Dagger Spray","Outmaneuver"],"picked":"Prepared"},{"not_picked":["Unload","Corpse Explosion"],"picked":"Tactician"},{"not_picked":["Cloak And Dagger","Quick Slash"],"picked":"Reflex"},{"not_picked":["Dash","Infinite Blades"],"picked":"Acrobatics"},{"not_picked":["Prepared","Masterful Stab"],"picked":"Adrenaline"},{"not_picked":["Expertise","Bane"],"picked":"Terror"},{"not_picked":["Cloak And Dagger","Skewer"],"picked":"Deflect"},{"not_picked":["After Image","Night Terror"],"picked":"Burst"}],"player_experience":450232,"potions_floor_usage":[16,21,33,33,41,42,48,50,50,50],"damage_taken":[{"damage":1,"enemies":"Small Slimes","floor":1,"turns":3},{"damage":0,"enemies":"2 Louse","floor":4,"turns":5},{"damage":0,"enemies":"Cultist","floor":5,"turns":3},{"damage":1,"enemies":"Red Slaver","floor":10,"turns":4},{"damage":1,"enemies":"Blue Slaver","floor":11,"turns":2},{"damage":0,"enemies":"Large Slime","floor":14,"turns":4},{"damage":14,"enemies":"The Guardian","floor":16,"turns":13},{"damage":6,"enemies":"2 Thieves","floor":18,"turns":2},{"damage":2,"enemies":"Shell Parasite","floor":21,"turns":2},{"damage":16,"enemies":"Snake Plant","floor":22,"turns":2},{"damage":7,"enemies":"Centurion and Healer","floor":24,"turns":3},{"damage":0,"enemies":"3 Cultists","floor":28,"turns":2},{"damage":2,"enemies":"Snake Plant","floor":29,"turns":2},{"damage":10,"enemies":"Centurion and Healer","floor":31,"turns":2},{"damage":52,"enemies":"Collector","floor":33,"turns":9},{"damage":0,"enemies":"Orb Walker","floor":35,"turns":1},{"damage":0,"enemies":"3 Darklings","floor":38,"turns":4},{"damage":2,"enemies":"2 Orb Walkers","floor":41,"turns":2},{"damage":16,"enemies":"4 Shapes","floor":42,"turns":3},{"damage":0,"enemies":"Maw","floor":45,"turns":4},{"damage":0,"enemies":"3 Darklings","floor":47,"turns":3},{"damage":4,"enemies":"4 Shapes","floor":48,"turns":2},{"damage":15,"enemies":"Awakened One","floor":50,"turns":6}],"event_choices":[{"event_name":"Liars Game","player_choice":"agreed","floor":2,"damage_taken":0},{"event_name":"Scrap Ooze","player_choice":"success","floor":3,"damage_taken":12},{"event_name":"Shining Light","player_choice":"Entered Light","floor":8,"damage_taken":0},{"event_name":"Golden Shrine","player_choice":"Pray","floor":19,"damage_taken":0},{"event_name":"Drug Dealer","player_choice":"Ignored","floor":20,"damage_taken":0},{"event_name":"Winding Halls","player_choice":"Embrace Madness","floor":36,"damage_taken":0}],"boss_relics":[{"not_picked":["Runic Pyramid","The Specimen"],"picked":"Astrolabe"},{"not_picked":["Question Card","Pandora\u0027s Box"],"picked":"Eternal Feather"}],"potions_floor_spawned":[4,18,28,31,33,35,41,45,47,48],"seed_played":"880012592217513999","ascension_level":10,"is_trial":false}