{"gold_per_floor":[113,113,38,58,76,110,60,71,95,95,123,135,159,194,206,320,332,359,371,435,461,473,485,555,577,638,650,674,686,203,221,221,316,316,326,326,326,337,39,39,50,50,50,68,79,95,8,19,19,19],"floor_reached":51,"playtime":3772,"items_purged":["Strike_R","Strike_R","Strike_R","Defend_R"],"score":779,"play_id":"684a1b49-1183-423e-aee1-a805371ad645","local_time":"20190308013412","is_ascension_mode":false,"campfire_choices":[{"data":"Disarm","floor":10,"key":"SMITH"},{"data":"Disarm","floor":12,"key":"SMITH"},{"data":"Clothesline","floor":15,"key":"SMITH"},{"data":"Barricade","floor":23,"key":"SMITH"},{"data":"Body Slam","floor":29,"key":"SMITH"},{"floor":32,"key":"REST"},{"data":"Ghostly Armor","floor":40,"key":"SMITH"},{"data":"Ghostly Armor","floor":49,"key":"SMITH"}],"neow_cost":"TEN_PERCENT_HP_LOSS","seed_source_timestamp":6650988852007,"circlet_count":0,"master_deck":["Defend_R","Defend_R","Bash+1","Disarm+1","Disarm+1","Battle Trance","Barricade+1","Ghostly Armor+1","Clothesline+1","Ghostly Armor+1","Whirlwind+1","Body Slam+1","Shrug It Off+1","Ghostly Armor+1","Disarm+1","True Grit+1","Shockwave+1","Disarm+1","Disarm+1"],"relics":["Burning Blood","Bronze Scales","Blood Vial","MawBank","Odd Mushroom","Black Star","Art of War","Dodecahedron","Tiny Chest","Smiling Mask","Membership Card","Frozen Egg 2","Toxic Egg 2","Snecko Eye","DollysMirror","Pear","Whetstone"],"potions_floor_usage":[13,14,18,25,31,31,50,50],"damage_taken":[{"damage":0,"enemies":"2 Louse","floor":1,"turns":3},{"damage":4,"enemies":"Cultist","floor":4,"turns":3},{"damage":6,"enemies":"Small Slimes","floor":5,"turns":4},{"damage":20,"enemies":"Lagavulin","floor":6,"turns":10},{"damage":9,"enemies":"Looter","floor":8,"turns":3},{"damage":19,"enemies":"Gremlin Nob","floor":11,"turns":5},{"damage":12,"enemies":"Exordium Wildlife","floor":13,"turns":8},{"damage":12,"enemies":"The Mushroom Lair","floor":14,"turns":6},{"damage":2,"enemies":"Hexaghost","floor":16,"turns":12},{"damage":32,"enemies":"Spheric Guardian","floor":18,"turns":6},{"damage":0,"enemies":"Shell Parasite","floor":21,"turns":8},{"damage":31,"enemies":"Gremlin Leader","floor":24,"turns":13},{"damage":3,"enemies":"Centurion and Healer","floor":25,"turns":11},{"damage":0,"enemies":"Snake Plant","floor":28,"turns":6},{"damage":44,"enemies":"Sentry and Sphere","floor":31,"turns":9},{"damage":0,"enemies":"Automaton","floor":33,"turns":14},{"damage":0,"enemies":"Orb Walker","floor":35,"turns":6},{"damage":0,"enemies":"3 Shapes","floor":38,"turns":6},{"damage":0,"enemies":"Transient","floor":41,"turns":5},{"damage":0,"enemies":"Jaw Worm Horde","floor":44,"turns":3},{"damage":0,"enemies":"4 Shapes","floor":45,"turns":5},{"damage":4,"enemies":"Writhing Mass","floor":46,"turns":8},{"damage":0,"enemies":"Maw","floor":48,"turns":10},{"damage":0,"enemies":"Awakened One","floor":50,"turns":19}],"seed_played":"-7210086559303433478","potions_obtained":[{"floor":1,"key":"Fruit Juice"},{"floor":4,"key":"Energy Potion"},{"floor":6,"key":"Fire Potion"},{"floor":13,"key":"Block Potion"},{"floor":21,"key":"EssenceOfSteel"},{"floor":25,"key":"BloodPotion"},{"floor":31,"key":"SmokeBomb"},{"floor":38,"key":"LiquidBronze"},{"floor":44,"key":"PowerPotion"}],"is_trial":false,"path_per_floor":["M","?","$","M","M","E","?","M","T","R","E","R","M","?","R","B",null,"M","?","T","M","?","R","E","M","T","$","M","R","$","M","R","B",null,"M","?","?","M","$","R","M","?","T","M","M","M","$","M","R","B",null],"character_chosen":"IRONCLAD","items_purchased":["Membership Card","Frozen Egg 2","Toxic Egg 2","DollysMirror","Pear","SkillPotion","Disarm+1"],"campfire_rested":1,"item_purchase_floors":[30,30,30,39,39,39,47],"current_hp_per_floor":[72,72,72,72,72,58,58,55,55,55,44,44,45,41,41,47,77,51,37,37,45,45,45,22,27,27,27,35,35,35,7,31,39,82,82,78,78,78,88,88,88,88,88,88,88,88,88,88,88,88],"gold":19,"neow_bonus":"REMOVE_TWO","is_prod":false,"is_daily":false,"chose_seed":false,"campfire_upgraded":7,"win_rate":0,"timestamp":1552026852,"path_taken":["M","?","$","M","?","E","?","M","T","R","E","R","M","?","R","BOSS","M","?","?","?","?","R","E","M","T","?","M","R","$","M","R","BOSS","M","?","?","M","$","R","M","?","T","M","M","M","?","M","R","BOSS"],"build_version":"2019-01-23","purchased_purges":4,"victory":true,"max_hp_per_floor":[72,72,72,72,72,72,72,72,72,72,72,72,77,77,77,77,77,77,82,82,82,82,82,82,82,82,82,82,82,82,82,82,82,82,82,78,78,78,88,88,88,88,88,88,88,88,88,88,88,88],"card_choices":[{"not_picked":["Warcry","Shrug It Off"],"picked":"Disarm","floor":1},{"not_picked":["Anger","True Grit"],"picked":"Disarm","floor":4},{"not_picked":["Sword Boomerang","Clash"],"picked":"Juggernaut","floor":5},{"not_picked":["Anger","Clash","Havoc"],"picked":"SKIP","floor":6},{"not_picked":["Bloodletting","Second Wind"],"picked":"Battle Trance","floor":8},{"not_picked":["Flex","Sword Boomerang"],"picked":"Barricade","floor":11},{"not_picked":["Reckless Charge","Havoc"],"picked":"Ghostly Armor","floor":13},{"not_picked":["True Grit","Perfected Strike"],"picked":"Clothesline","floor":14},{"not_picked":["Wild Strike","Carnage"],"picked":"Ghostly Armor","floor":18},{"not_picked":["Twin Strike","Pummel"],"picked":"Whirlwind+1","floor":21},{"not_picked":["Clash","Flex","Seeing Red+1"],"picked":"SKIP","floor":24},{"not_picked":["Shrug It Off+1","Clothesline+1"],"picked":"Body Slam","floor":25},{"not_picked":["Heavy Blade","Iron Wave"],"picked":"Shrug It Off+1","floor":28},{"not_picked":["Clash","Pommel Strike","Perfected Strike"],"picked":"SKIP","floor":31},{"not_picked":["Sword Boomerang","Rage+1"],"picked":"Ghostly Armor+1","floor":35},{"not_picked":["Havoc+1","Blood for Blood","Sword Boomerang"],"picked":"SKIP","floor":38},{"not_picked":["Body Slam+1","Perfected Strike","Whirlwind+1"],"picked":"SKIP","floor":41},{"not_picked":["Havoc+1","Demon Form+1"],"picked":"True Grit+1","floor":44},{"not_picked":["Havoc+1","Fire Breathing+1"],"picked":"Shockwave+1","floor":45},{"not_picked":["Havoc+1","Whirlwind+1","Spot Weakness+1"],"picked":"SKIP","floor":46},{"not_picked":["Bloodletting+1","Fire Breathing+1"],"picked":"Disarm+1","floor":48}],"player_experience":549082,"relics_obtained":[{"floor":6,"key":"Bronze Scales"},{"floor":9,"key":"Blood Vial"},{"floor":11,"key":"MawBank"},{"floor":14,"key":"Odd Mushroom"},{"floor":20,"key":"Art of War"},{"floor":24,"key":"Dodecahedron"},{"floor":24,"key":"Tiny Chest"},{"floor":26,"key":"Smiling Mask"},{"floor":43,"key":"Whetstone"}],"event_choices":[{"damage_healed":0,"gold_gain":0,"player_choice":"Upgraded","damage_taken":0,"max_hp_gain":0,"max_hp_loss":0,"event_name":"Upgrade Shrine","floor":2,"gold_loss":0,"cards_upgraded":["Bash"]},{"cards_removed":["Strike_R"],"damage_healed":0,"gold_gain":0,"player_choice":"Card Removal","damage_taken":0,"max_hp_gain":0,"max_hp_loss":0,"event_name":"The Cleric","floor":7,"gold_loss":50},{"damage_healed":0,"gold_gain":0,"player_choice":"Fought Mushrooms","damage_taken":0,"max_hp_gain":0,"max_hp_loss":0,"event_name":"Mushrooms","floor":14,"gold_loss":0},{"damage_healed":0,"gold_gain":0,"player_choice":"Shed Blood","damage_taken":19,"max_hp_gain":5,"max_hp_loss":0,"event_name":"Forgotten Altar","floor":19,"gold_loss":0},{"damage_healed":0,"gold_gain":0,"player_choice":"Ignored","damage_taken":0,"max_hp_gain":0,"max_hp_loss":0,"event_name":"N\u0027loth","floor":22,"gold_loss":0},{"damage_healed":0,"gold_gain":0,"player_choice":"Max HP","damage_taken":0,"max_hp_gain":0,"max_hp_loss":4,"event_name":"Winding Halls","floor":36,"gold_loss":0},{"cards_removed":["Juggernaut"],"damage_healed":0,"gold_gain":0,"player_choice":"Removed Power","damage_taken":0,"max_hp_gain":0,"max_hp_loss":0,"event_name":"Falling","floor":37,"gold_loss":0},{"damage_healed":0,"gold_gain":0,"player_choice":"Memory 1","damage_taken":0,"max_hp_gain":0,"max_hp_loss":0,"event_name":"SensoryStone","floor":42,"gold_loss":0}],"is_beta":false,"boss_relics":[{"not_picked":["Runic Pyramid","Black Blood"],"picked":"Black Star"},{"not_picked":["Tiny House","Eternal Feather"],"picked":"Snecko Eye"}],"items_purged_floors":[3,30,39,47],"is_endless":false,"potions_floor_spawned":[1,4,6,13,21,25,31,38,44,46],"ascension_level":0}