{"gold_per_floor":[114,189,189,189,208,233,251,251,251,162,162,172,206,216,216,216],"floor_reached":16,"playtime":478,"items_purged":["Strike_G"],"score":270,"play_id":"ffe4a053-28a9-4207-8c84-823dd59081b1","local_time":"20190312114140","is_ascension_mode":true,"campfire_choices":[{"data":"Skewer","floor":8,"key":"SMITH"},{"data":"Footwork","floor":11,"key":"SMITH"},{"floor":15,"key":"REST"}],"neow_cost":"NONE","seed_source_timestamp":497464480482396,"circlet_count":0,"master_deck":["AscendersBane","Defend_G","Defend_G","Defend_G","Defend_G","Strike_G","Strike_G","Strike_G","Strike_G","Survivor","Neutralize+1","Dagger Spray","Footwork+1","Skewer+1","Well Laid Plans","Crippling Poison","PiercingWail"],"relics":["Ring of the Snake","NeowsBlessing","Mercury Hourglass","Smiling Mask","Blue Candle"],"potions_floor_usage":[12,13,13,14],"damage_taken":[{"damage":0,"enemies":"Small Slimes","floor":1,"turns":1},{"damage":0,"enemies":"Jaw Worm","floor":5,"turns":1},{"damage":0,"enemies":"3 Sentries","floor":6,"turns":1},{"damage":0,"enemies":"Cultist","floor":7,"turns":4},{"damage":7,"enemies":"Exordium Thugs","floor":12,"turns":4},{"damage":9,"enemies":"Lagavulin","floor":13,"turns":6},{"damage":4,"enemies":"Lots of Slimes","floor":14,"turns":2},{"damage":66,"enemies":"Slime Boss","floor":16,"turns":10}],"seed_played":"-5765317035767901749","potions_obtained":[{"floor":6,"key":"Dexterity Potion"},{"floor":7,"key":"Ancient Potion"},{"floor":12,"key":"LiquidBronze"},{"floor":13,"key":"Regen Potion"}],"is_trial":false,"path_per_floor":["M","?","?","?","M","E","M","R","T","$","R","M","E","M","R","B"],"character_chosen":"THE_SILENT","items_purchased":["Well Laid Plans"],"campfire_rested":1,"item_purchase_floors":[10],"current_hp_per_floor":[59,48,41,41,41,41,41,41,41,41,41,34,25,30,49,0],"gold":216,"neow_bonus":"THREE_ENEMY_KILL","is_prod":false,"is_daily":false,"chose_seed":false,"campfire_upgraded":2,"win_rate":0,"timestamp":1552387300,"path_taken":["M","?","?","?","M","E","M","R","T","$","R","M","E","M","R","BOSS"],"build_version":"2019-01-23","purchased_purges":1,"victory":false,"max_hp_per_floor":[66,66,66,66,66,66,66,66,66,66,66,66,66,66,66,66],"card_choices":[{"not_picked":["Prepared","Distraction","Masterful Stab"],"picked":"SKIP","floor":1},{"not_picked":["Poisoned Stab","Calculated Gamble"],"picked":"Dagger Spray","floor":5},{"not_picked":["Skewer","Quick Slash"],"picked":"Footwork","floor":6},{"not_picked":["Expertise","Flying Knee"],"picked":"Skewer","floor":7},{"not_picked":["Underhanded Strike","Skewer","Deflect"],"picked":"SKIP","floor":12},{"not_picked":["Wraith Form v2","Dagger Throw"],"picked":"Crippling Poison","floor":13},{"not_picked":["Reflex","Heel Hook"],"picked":"PiercingWail","floor":14}],"player_experience":977346,"relics_obtained":[{"floor":6,"key":"Mercury Hourglass"},{"floor":9,"key":"Smiling Mask"},{"floor":13,"key":"Blue Candle"}],"event_choices":[{"damage_healed":0,"gold_gain":75,"player_choice":"Gather Gold","damage_taken":11,"max_hp_gain":0,"max_hp_loss":0,"event_name":"World of Goop","floor":2,"gold_loss":0},{"cards_removed":["Defend_G"],"damage_healed":0,"gold_gain":0,"player_choice":"Card Removal","damage_taken":7,"max_hp_gain":0,"max_hp_loss":0,"event_name":"Golden Wing","floor":3,"gold_loss":0},{"damage_healed":0,"gold_gain":0,"player_choice":"Forge","damage_taken":0,"max_hp_gain":0,"max_hp_loss":0,"event_name":"Accursed Blacksmith","floor":4,"gold_loss":0,"cards_upgraded":["Neutralize"]}],"is_beta":false,"boss_relics":[],"items_purged_floors":[10],"is_endless":false,"potions_floor_spawned":[6,7,12,13],"killed_by":"Slime Boss","ascension_level":20}