{"gold_per_floor":[119,119,6,6,26,26,55,55,55,67,77,77,131,150,150,250,250,260,260,7,7,22,22,38,38,61,61,61,75,91,0,0,0],"floor_reached":33,"playtime":886,"items_purged":["Defend_R","Decay"],"score":344,"play_id":"1dab8807-92eb-46f4-9c8b-0c799a008c83","local_time":"20180730195019","is_ascension_mode":true,"campfire_choices":[{"data":"True Grit","floor":6.0,"key":"SMITH"},{"data":"Perfected Strike","floor":8.0,"key":"SMITH"},{"data":"Searing Blow+1","floor":12.0,"key":"SMITH"},{"data":"Searing Blow+2","floor":15.0,"key":"SMITH"},{"data":"Searing Blow+3","floor":23.0,"key":"SMITH"},{"data":"Searing Blow+4","floor":25.0,"key":"SMITH"},{"data":"Searing Blow+5","floor":28.0,"key":"SMITH"},{"floor":32.0,"key":"REST"}],"neow_cost":"NONE","seed_source_timestamp":0,"circlet_count":0,"master_deck":["Strike_R","Strike_R","Strike_R","Strike_R+1","Strike_R","Defend_R","Defend_R","Bash+1","True Grit+1","Perfected Strike+1","Second Wind","Warcry","Searing Blow+6","Rampage+1","Dark Embrace","Cleave+1","Double Tap","Regret","Parasite","Armaments","Armaments+1"],"special_seed":0,"relics":["Burning Blood","Bag of Marbles","Odd Mushroom","Molten Egg 2","Oddly Smooth Stone","Cursed Key","Boot","Anchor"],"potions_floor_usage":[33],"damage_taken":[{"damage":3.0,"enemies":"Small Slimes","floor":1.0,"turns":3.0},{"damage":0.0,"enemies":"Cultist","floor":5.0,"turns":3.0},{"damage":46.0,"floor":7.0,"turns":5.0},{"damage":0.0,"enemies":"2 Louse","floor":10.0,"turns":2.0},{"damage":0.0,"enemies":"Large Slime","floor":11.0,"turns":5.0},{"damage":0.0,"enemies":"3 Louse","floor":14.0,"turns":2.0},{"damage":7.0,"enemies":"Slime Boss","floor":16.0,"turns":8.0},{"damage":42.0,"enemies":"Shell Parasite","floor":18.0,"turns":6.0},{"damage":7.0,"enemies":"2 Thieves","floor":22.0,"turns":4.0},{"damage":20.0,"enemies":"Centurion and Healer","floor":24.0,"turns":4.0},{"damage":0.0,"enemies":"Snake Plant","floor":27.0,"turns":1.0},{"damage":14.0,"enemies":"Sentry and Sphere","floor":29.0,"turns":3.0},{"damage":9.0,"enemies":"Centurion and Healer","floor":30.0,"turns":4.0},{"damage":63,"enemies":"Collector","floor":33,"turns":5}],"seed_played":"-3991491163509685103","potions_obtained":[{"floor":1.0,"key":"SmokeBomb"},{"floor":7.0,"key":"SkillPotion"},{"floor":14.0,"key":"Fire Potion"},{"floor":16.0,"key":"SkillPotion"},{"floor":18.0,"key":"Block Potion"},{"floor":30.0,"key":"Swift Potion"}],"is_trial":false,"path_per_floor":["M","?","$","?","M","R","?","R","T","M","M","R","T","M","R","B",null,"M","?","$","T","M","R","M","R","T","M","R","M","M","?","R"],"character_chosen":"IRONCLAD","items_purchased":["Second Wind","Double Tap"],"campfire_rested":1,"item_purchase_floors":[3,20],"current_hp_per_floor":[75,75,75,59,65,65,25,25,25,31,37,37,37,43,43,42,71,35,35,35,35,34,34,20,20,20,26,26,18,15,15,39,0],"gold":0,"neow_bonus":"RANDOM_COMMON_RELIC","is_prod":false,"is_daily":false,"chose_seed":false,"campfire_upgraded":7,"win_rate":0,"timestamp":1532991019,"path_taken":["M","?","$","?","M","R","?","R","T","M","M","R","?","?","R","BOSS","M","?","$","?","?","R","M","R","T","M","R","?","M","?","R","BOSS"],"build_version":"2018-07-26","purchased_purges":2,"victory":false,"max_hp_per_floor":[80,80,80,80,80,80,80,80,80,80,80,80,80,80,80,80,80,80,80,80,80,80,80,80,80,80,80,80,80,80,80,80,80],"card_choices":[{"not_picked":["Rupture","Headbutt"],"picked":"True Grit","floor":1.0},{"not_picked":["Thunderclap","Blood for Blood","True Grit"],"picked":"SKIP","floor":5.0},{"not_picked":["Sword Boomerang","Intimidate"],"picked":"Warcry","floor":7.0},{"not_picked":["Warcry","Inflame"],"picked":"Searing Blow+1","floor":10.0},{"not_picked":["Searing Blow+1","Havoc","Reckless Charge+1"],"picked":"SKIP","floor":11.0},{"not_picked":["Reckless Charge+1","True Grit"],"picked":"Rampage+1","floor":14.0},{"not_picked":["Impervious","Barricade"],"picked":"Dark Embrace","floor":16.0},{"not_picked":["Heavy Blade+1","Sever Soul+1"],"picked":"Cleave+1","floor":18.0},{"not_picked":["Shrug It Off","Flame Barrier","Warcry"],"picked":"SKIP","floor":22.0},{"not_picked":["Sword Boomerang+1","Dark Embrace","True Grit"],"picked":"SKIP","floor":24.0},{"not_picked":["True Grit","Body Slam+1"],"picked":"Armaments","floor":29.0},{"not_picked":["Flex","Wild Strike+1"],"picked":"Armaments+1","floor":30.0}],"player_experience":851874,"relics_obtained":[{"floor":7.0,"key":"Odd Mushroom"},{"floor":9.0,"key":"Molten Egg 2"},{"floor":13.0,"key":"Oddly Smooth Stone"},{"floor":21.0,"key":"Boot"},{"floor":26.0,"key":"Anchor"}],"event_choices":[{"event_name":"Transmorgrifier","player_choice":"Transform","floor":2.0,"damage_taken":0.0},{"event_name":"Shining Light","player_choice":"Entered Light","floor":4.0,"damage_taken":0.0},{"event_name":"Mushrooms","player_choice":"Fought Mushrooms","floor":7.0,"damage_taken":0.0},{"event_name":"Forgotten Altar","player_choice":"Smashed Altar","floor":19.0,"damage_taken":0.0},{"event_name":"Masked Bandits","player_choice":"Paid Bandits 91 gold","floor":31.0,"damage_taken":0.0}],"is_beta":true,"boss_relics":[{"not_picked":["Snecko Eye","Astrolabe"],"picked":"Cursed Key"}],"items_purged_floors":[3,20],"is_endless":false,"potions_floor_spawned":[1,7,14,16,18,27,30],"killed_by":"Collector","ascension_level":9}