{"gold_per_floor":[119,136,147,147,160,160,142,176,176,176,176,194,269,22,22,126,126,138,138,151,170,182,182],"floor_reached":23,"playtime":1095,"items_purged":[],"score":195,"play_id":"81311a6f-b34c-4a89-a10c-2c796fd1f6dd","local_time":"20190315164649","is_ascension_mode":false,"campfire_choices":[{"data":"Creative AI","floor":6,"key":"SMITH"},{"floor":10,"key":"REST"},{"floor":15,"key":"REST"}],"neow_cost":"NONE","seed_source_timestamp":190875406539908,"circlet_count":0,"master_deck":["Strike_B","Strike_B","Strike_B","Defend_B","Defend_B","Defend_B","Defend_B","Zap","Dualcast","Reboot","Compile Driver","Leap","Creative AI+1","Capacitor","Force Field","Defragment","Go for the Eyes","Cold Snap","Echo Form","Steam+1","Chill+1"],"relics":["Cracked Core","Bottled Lightning","Pantograph","Membership Card","Inserter"],"potions_floor_usage":[7,8,16,21,22],"damage_taken":[{"damage":1,"enemies":"Jaw Worm","floor":1,"turns":3},{"damage":0,"enemies":"Small Slimes","floor":2,"turns":2},{"damage":0,"enemies":"2 Louse","floor":3,"turns":2},{"damage":7,"enemies":"Large Slime","floor":5,"turns":6},{"damage":4,"enemies":"Exordium Thugs","floor":7,"turns":4},{"damage":52,"enemies":"3 Sentries","floor":8,"turns":10},{"damage":4,"enemies":"Blue Slaver","floor":12,"turns":5},{"damage":23,"enemies":"The Guardian","floor":16,"turns":9},{"damage":9,"enemies":"Chosen","floor":18,"turns":7},{"damage":41,"enemies":"3 Byrds","floor":20,"turns":5},{"damage":7,"enemies":"Shelled Parasite and Fungi","floor":21,"turns":7},{"damage":13,"enemies":"Snecko","floor":22,"turns":9},{"damage":9,"enemies":"Centurion and Healer","floor":23,"turns":1}],"seed_played":"8226159733414284004","potions_obtained":[{"floor":1,"key":"Dexterity Potion"},{"floor":5,"key":"SneckoOil"},{"floor":12,"key":"Swift Potion"},{"floor":18,"key":"Energy Potion"},{"floor":20,"key":"Swift Potion"}],"is_trial":false,"path_per_floor":["M","M","M","?","M","R","M","E","T","R","T","M","?","$","R","B",null,"M","?","M","M","M","M"],"character_chosen":"DEFECT","items_purchased":["Cold Snap","Membership Card"],"campfire_rested":2,"item_purchase_floors":[14,14],"current_hp_per_floor":[74,74,74,74,67,67,63,11,11,33,33,29,18,18,40,42,75,66,66,25,18,5,0],"gold":182,"neow_bonus":"ONE_RANDOM_RARE_CARD","is_prod":false,"is_daily":false,"chose_seed":false,"campfire_upgraded":1,"win_rate":0,"timestamp":1552693609,"path_taken":["M","M","M","?","M","R","M","E","T","R","?","M","?","$","R","BOSS","M","?","M","M","M","M"],"build_version":"2019-01-23","purchased_purges":0,"victory":false,"max_hp_per_floor":[75,75,75,75,75,75,75,75,75,75,75,75,75,75,75,75,75,75,75,75,75,75,75],"card_choices":[{"not_picked":["Heatsinks","Turbo"],"picked":"Compile Driver","floor":1},{"not_picked":["Rebound","Streamline"],"picked":"Leap","floor":2},{"not_picked":["Cold Snap","Sweeping Beam"],"picked":"Creative AI","floor":3},{"not_picked":["Hello World","Scrape"],"picked":"Capacitor","floor":5},{"not_picked":["Genetic Algorithm","Stack"],"picked":"Force Field","floor":7},{"not_picked":["Chill","Rip and Tear"],"picked":"Defragment","floor":8},{"not_picked":["Streamline","Sweeping Beam"],"picked":"Go for the Eyes","floor":12},{"not_picked":["Core Surge","Amplify"],"picked":"Echo Form","floor":16},{"not_picked":["Sweeping Beam","Steam+1","Beam Cell+1"],"picked":"SKIP","floor":18},{"not_picked":["Sweeping Beam","Beam Cell+1"],"picked":"Steam+1","floor":18},{"not_picked":["Sweeping Beam","Stack","Hologram"],"picked":"SKIP","floor":20},{"not_picked":["Fusion","Beam Cell","Sweeping Beam"],"picked":"SKIP","floor":21},{"not_picked":["Leap+1","Ball Lightning+1"],"picked":"Chill+1","floor":22}],"player_experience":472868,"relics_obtained":[{"floor":8,"key":"Bottled Lightning"},{"floor":11,"key":"Pantograph"}],"event_choices":[{"damage_healed":0,"gold_gain":0,"player_choice":"Ignored","damage_taken":0,"max_hp_gain":0,"max_hp_loss":0,"event_name":"Liars Game","floor":4,"gold_loss":0},{"damage_healed":0,"gold_gain":75,"player_choice":"Gather Gold","damage_taken":11,"max_hp_gain":0,"max_hp_loss":0,"event_name":"World of Goop","floor":13,"gold_loss":0},{"cards_removed":["Strike_B"],"damage_healed":0,"gold_gain":0,"player_choice":"Elegance","damage_taken":0,"max_hp_gain":0,"max_hp_loss":0,"event_name":"Back to Basics","floor":19,"gold_loss":0}],"is_beta":false,"boss_relics":[{"not_picked":["Runic Pyramid","Nuclear Battery"],"picked":"Inserter"}],"items_purged_floors":[],"is_endless":false,"potions_floor_spawned":[1,5,12,18,20],"killed_by":"Centurion and Healer","ascension_level":0}