{"path_per_floor":["M","?","$","M","M","R","E","R","T","?","M","M","M","M","R","B",null,"M","M","?","$","M","R","E","R","T","M","M","?","?"],"character_chosen":"DEFECT","items_purchased":["Blizzard","Nova"],"gold_per_floor":[113,113,1,21,39,39,70,70,95,95,107,120,138,150,150,253,253,273,289,214,75,89,89,117,117,140,158,172,172,172,172],"floor_reached":31,"campfire_rested":3,"playtime":1289,"current_hp_per_floor":[70,70,70,69,66,66,32,32,32,57,52,42,36,28,52,30,83,48,42,42,42,31,56,9,35,35,35,10,10,10,0],"items_purged":["Strike_B"],"gold":172,"score":272,"play_id":"546385c5-edf8-49b6-b6b6-f122ab9d396b","local_time":"20180501003015","is_prod":false,"is_daily":false,"chose_seed":false,"is_ascension_mode":true,"campfire_upgraded":2,"timestamp":1525145415,"path_taken":["M","?","$","M","?","R","E","R","T","?","M","?","M","M","R","BOSS","M","M","?","$","?","R","E","R","T","M","M","?","?","?"],"build_version":"2018-04-27v3","seed_source_timestamp":28884794588509,"purchased_purges":1,"victory":false,"master_deck":["Strike_B+1","Strike_B+1","Defend_B+1","Defend_B+1","Defend_B+1","Defend_B+1","Zap+1","Dualcast","Ball Lightning","Creative AI","Blizzard+1","Chill","Doom and Gloom","Hologram","Cold Snap","Barrage+1","Nova","Heatsinks","Self Repair","Reinforced Body"],"max_hp_per_floor":[75,75,75,75,75,75,75,75,75,75,75,77,79,81,81,83,83,83,85,85,85,85,85,87,87,87,87,87,87,87,87],"relics":["Inserter","Singing Bowl","Vajra","Sozu","Thread and Needle","Blood Vial"],"card_choices":[{"not_picked":["Storm","Barrage"],"picked":"Ball Lightning","floor":1},{"not_picked":["Capacitor","Barrage"],"picked":"Chill","floor":4},{"not_picked":["Axe Kick","Stack"],"picked":"Doom and Gloom","floor":5},{"not_picked":["Meteor Strike","Double Energy"],"picked":"Hologram","floor":7},{"not_picked":["Undo","Barrage"],"picked":"Cold Snap","floor":11},{"not_picked":["White Noise","Impulse"],"picked":"Barrage","floor":18},{"not_picked":["Turbo","Double Energy"],"picked":"Heatsinks","floor":22},{"not_picked":["Leap","Rebound"],"picked":"Self Repair","floor":27},{"not_picked":["Chill","Axe Kick"],"picked":"Reinforced Body","floor":28}],"player_experience":783707,"potions_floor_usage":[7,11,14,22],"damage_taken":[{"damage":5,"enemies":"Jaw Worm","floor":1,"turns":5},{"damage":1,"enemies":"Cultist","floor":4,"turns":3},{"damage":3,"enemies":"2 Louse","floor":5,"turns":3},{"damage":34,"enemies":"Gremlin Nob","floor":7,"turns":6},{"damage":5,"enemies":"Gremlin Gang","floor":11,"turns":3},{"damage":12,"enemies":"Exordium Wildlife","floor":12,"turns":5},{"damage":8,"enemies":"Looter","floor":13,"turns":3},{"damage":10,"enemies":"Gremlin Gang","floor":14,"turns":4},{"damage":24,"enemies":"The Guardian","floor":16,"turns":12},{"damage":35,"enemies":"2 Thieves","floor":18,"turns":4},{"damage":8,"enemies":"3 Byrds","floor":19,"turns":5},{"damage":11,"enemies":"Snake Plant","floor":22,"turns":5},{"damage":49,"enemies":"Slavers","floor":24,"turns":5},{"damage":2,"enemies":"3 Cultists","floor":27,"turns":4},{"damage":34,"enemies":"Slaver and Parasite","floor":28,"turns":6},{"damage":12,"enemies":"Snake Plant","floor":31,"turns":4}],"event_choices":[{"event_name":"Match and Keep!","player_choice":"1 cards matched","floor":2,"damage_taken":0},{"event_name":"Big Fish","player_choice":"Banana","floor":10,"damage_taken":0},{"event_name":"Beggar","player_choice":"Gave Gold","floor":20,"damage_taken":0},{"event_name":"Back to Basics","player_choice":"Simplicity","floor":29,"damage_taken":0},{"event_name":"Drug Dealer","player_choice":"Ignored","floor":30,"damage_taken":0}],"boss_relics":[{"not_picked":["Runic Pyramid","Eternal Feather"],"picked":"Sozu"}],"potions_floor_spawned":[1,4,12,16,18,24],"seed_played":"2766098910798886850","killed_by":"Snake Plant","ascension_level":1,"is_trial":false}