{"path_per_floor":["M","M","$","?","?","R","M","R","T","M","?","$","M","M","R","B",null,"M","?","$","?","$","R","?","M","T","M","?","R","$","M","R","B"],"character_chosen":"THE_SILENT","items_purchased":["Underhanded Strike","Backflip","Flash of Steel"],"gold_per_floor":[116,133,58,58,58,58,77,77,127,142,142,18,35,54,54,153,153,169,94,46,46,46,46,46,61,115,132,132,132,43,55,55,160],"floor_reached":34,"campfire_rested":1,"playtime":1913,"current_hp_per_floor":[58,50,50,43,36,36,35,35,35,34,34,34,34,29,47,44,63,52,52,52,52,52,52,52,41,41,41,41,41,41,41,41,41],"items_purged":["Strike_G","Defend_G"],"gold":160,"score":415,"play_id":"21e53546-069e-4260-8b7f-df6a818b8f52","local_time":"20180321170253","is_prod":false,"is_daily":false,"is_ascension_mode":false,"campfire_upgraded":5,"timestamp":1521662573,"path_taken":["M","M","$","?","?","R","M","R","T","M","?","$","?","M","R","BOSS","M","?","$","?","?","R","?","M","T","M","?","R","$","M","R","BOSS"],"build_version":"2018-03-15v3","purchased_purges":2,"victory":false,"master_deck":["Defend_G","Defend_G","Strike_G","Strike_G","Survivor","Neutralize","Malaise+1","Prepared+1","Dagger Throw","Acrobatics+1","Tactician+1","Calculated Gamble","Underhanded Strike","Backflip","Backflip","Reflex+1","Writhe","Flash of Steel","Tactician"],"max_hp_per_floor":[63,63,63,63,63,63,63,63,63,63,63,63,63,63,63,63,63,63,63,63,63,63,63,63,63,63,63,63,63,63,63,63,63],"relics":["Ring of the Snake","Ornamental Fan","Vajra","Runic Pyramid","Happy Flower","Anchor","Philosopher\u0027s Stone"],"card_choices":[{"not_picked":["Quick Slash","Poisoned Stab"],"picked":"Dagger Throw"},{"not_picked":["Deadly Poison","Prepared"],"picked":"Acrobatics"},{"not_picked":["Dagger Throw","Skewer"],"picked":"Tactician"},{"not_picked":["Dodge and Roll","Slice"],"picked":"Calculated Gamble"},{"not_picked":["Bane","Prepared"],"picked":"Backflip"},{"not_picked":["Envenom","Grand Finale"],"picked":"Tactician"}],"player_experience":628476,"potions_floor_usage":[14,16,16,33,33,33],"damage_taken":[{"damage":5,"enemies":"Jaw Worm","floor":1,"turns":7},{"damage":8,"enemies":"Small Slimes","floor":2,"turns":3},{"damage":1,"enemies":"2 Louse","floor":7,"turns":3},{"damage":1,"enemies":"Blue Slaver","floor":10,"turns":4},{"damage":0,"enemies":"2 Fungi Beasts","floor":13,"turns":2},{"damage":5,"enemies":"Red Slaver","floor":14,"turns":4},{"damage":3,"enemies":"Slime Boss","floor":16,"turns":11},{"damage":11,"enemies":"Spheric Guardian","floor":18,"turns":4},{"damage":11,"enemies":"Chosen","floor":25,"turns":6},{"damage":0,"enemies":"Centurion and Healer","floor":27,"turns":5},{"damage":0,"enemies":"Chosen and Byrds","floor":31,"turns":4},{"damage":0,"enemies":"Collector","floor":33,"turns":2}],"event_choices":[{"event_name":"Golden Wing","player_choice":"Card Removal","floor":4,"damage_taken":0},{"event_name":"Scrap Ooze","player_choice":"success","floor":5,"damage_taken":7},{"event_name":"Liars Game","player_choice":"disagreed","floor":11,"damage_taken":0},{"event_name":"Beggar","player_choice":"Gave Gold","floor":19,"damage_taken":0},{"event_name":"The Library","player_choice":"Read","floor":21,"damage_taken":0},{"event_name":"The Mausoleum","player_choice":"Yes","floor":24,"damage_taken":0},{"event_name":"Cursed Tome","player_choice":"Ignored","floor":28,"damage_taken":0}],"boss_relics":[{"not_picked":["Snecko Eye","Sozu"],"picked":"Runic Pyramid"},{"not_picked":["Runic Dome","Cursed Key"],"picked":"Philosopher\u0027s Stone"}],"potions_floor_spawned":[2,7,13,16,18,25,27],"seed_played":"8010425931278397833","ascension_level":0,"is_trial":false}