{"gold_per_floor":[112,112,123,123,48,81,81,108,108,108,119,143,143,143,143,214,214,228,228,242,252,252,252,252],"floor_reached":24,"playtime":987,"items_purged":["Strike_G"],"score":386,"play_id":"6c1ef309-0af6-4f10-af8f-ee90629560cb","local_time":"20181118233120","is_ascension_mode":true,"campfire_choices":[{"data":"Burst","floor":7.0,"key":"SMITH"},{"floor":10.0,"key":"REST"},{"floor":15.0,"key":"REST"},{"floor":23,"key":"REST"}],"neow_cost":"NONE","seed_source_timestamp":0,"circlet_count":0,"master_deck":["AscendersBane","Defend_G","Defend_G","Defend_G","Strike_G","Strike_G","Survivor","Neutralize","Backstab","Blade Dance","Burst+1","Blur","Choke","After Image","Bullet Time","Caltrops","Decay"],"special_seed":0,"relics":["Ring of the Snake","NeowsBlessing","Ninja Scroll","Matryoshka","Du-Vu Doll","Dodecahedron","The Courier","Odd Mushroom","Empty Cage"],"potions_floor_usage":[16,16,20],"damage_taken":[{"damage":0.0,"enemies":"Small Slimes","floor":1.0,"turns":1.0},{"damage":0.0,"enemies":"Jaw Worm","floor":3.0,"turns":1.0},{"damage":0.0,"enemies":"3 Sentries","floor":6.0,"turns":1.0},{"damage":40.0,"enemies":"Lagavulin","floor":8.0,"turns":7.0},{"damage":0.0,"enemies":"2 Louse","floor":11.0,"turns":1.0},{"damage":1.0,"enemies":"The Mushroom Lair","floor":12.0,"turns":4.0},{"damage":29,"enemies":"The Guardian","floor":16,"turns":13},{"damage":5,"enemies":"Spheric Guardian","floor":18,"turns":4},{"damage":0,"enemies":"2 Thieves","floor":20,"turns":2},{"damage":42,"enemies":"Sentry and Sphere","floor":21,"turns":12},{"damage":43,"enemies":"Gremlin Leader","floor":24,"turns":6}],"seed_played":"8781429793748258190","potions_obtained":[{"floor":1.0,"key":"EntropicBrew"},{"floor":8.0,"key":"LiquidBronze"},{"floor":12.0,"key":"SteroidPotion"},{"floor":16,"key":"GhostInAJar"}],"is_trial":false,"path_per_floor":["M","?","M","?","$","E","R","E","T","R","M","?","?","?","R","B",null,"M","?","M","M","?","R","E"],"character_chosen":"THE_SILENT","items_purchased":[],"campfire_rested":3,"item_purchase_floors":[],"current_hp_per_floor":[59,41,41,46,46,46,46,6,6,27,27,26,26,19,40,11,56,51,51,51,9,9,30,0],"gold":252,"neow_bonus":"THREE_ENEMY_KILL","is_prod":false,"is_daily":false,"chose_seed":false,"campfire_upgraded":1,"win_rate":0,"timestamp":1542591080,"path_taken":["M","?","M","?","$","E","R","E","T","R","M","?","?","?","R","BOSS","M","?","?","M","?","R","E"],"build_version":"2018-11-15","purchased_purges":1,"victory":false,"max_hp_per_floor":[66,66,66,71,71,71,71,71,71,71,71,71,71,71,71,71,71,71,71,71,71,71,71,71],"card_choices":[{"not_picked":["Bouncing Flask","Dagger Throw"],"picked":"Backstab","floor":1.0},{"not_picked":["Deflect","Catalyst"],"picked":"Blade Dance","floor":3.0},{"not_picked":["Poisoned Stab","All Out Attack"],"picked":"Burst","floor":6.0},{"not_picked":["Bane","Die Die Die"],"picked":"Blur","floor":8.0},{"not_picked":["Skewer","Prepared"],"picked":"Choke","floor":11.0},{"not_picked":["Storm of Steel","Malaise"],"picked":"After Image","floor":16},{"not_picked":["Footwork+1","Poisoned Stab","Calculated Gamble"],"picked":"SKIP","floor":18},{"not_picked":["Bouncing Flask","Blade Dance","Flying Knee"],"picked":"SKIP","floor":20},{"not_picked":["All Out Attack","Skewer"],"picked":"Caltrops","floor":21}],"player_experience":884338,"relics_obtained":[{"floor":6.0,"key":"Matryoshka"},{"floor":8.0,"key":"Du-Vu Doll"},{"floor":9.0,"key":"Dodecahedron"},{"floor":9.0,"key":"The Courier"},{"floor":12.0,"key":"Odd Mushroom"}],"event_choices":[{"damage_healed":0.0,"max_hp_gain":0.0,"max_hp_loss":0.0,"gold_gain":0.0,"event_name":"Scrap Ooze","player_choice":"Success","floor":2.0,"gold_loss":0.0,"damage_taken":18.0,"relics_obtained":["Ninja Scroll"]},{"damage_healed":0.0,"max_hp_gain":5.0,"max_hp_loss":0.0,"gold_gain":0.0,"event_name":"Big Fish","player_choice":"Donut","floor":4.0,"gold_loss":0.0,"damage_taken":0.0},{"damage_healed":0.0,"max_hp_gain":0.0,"max_hp_loss":0.0,"gold_gain":0.0,"event_name":"Mushrooms","player_choice":"Fought Mushrooms","floor":12.0,"gold_loss":0.0,"damage_taken":0.0},{"damage_healed":0.0,"max_hp_gain":0.0,"max_hp_loss":0.0,"gold_gain":0.0,"event_name":"Liars Game","player_choice":"Ignored","floor":13.0,"gold_loss":0.0,"damage_taken":0.0},{"cards_removed":["Strike_G"],"damage_healed":0.0,"max_hp_gain":0.0,"max_hp_loss":0.0,"gold_gain":0.0,"event_name":"Golden Wing","player_choice":"Card Removal","floor":14.0,"gold_loss":0.0,"damage_taken":7.0},{"damage_healed":0,"gold_gain":0,"cards_transformed":["Defend_G"],"player_choice":"Transformed","damage_taken":0,"max_hp_gain":0,"max_hp_loss":0,"event_name":"Transmorgrifier","floor":19,"gold_loss":0,"cards_obtained":["Bullet Time"]},{"damage_healed":0,"gold_gain":0,"player_choice":"Smashed Altar","damage_taken":0,"max_hp_gain":0,"max_hp_loss":0,"event_name":"Forgotten Altar","floor":22,"gold_loss":0,"cards_obtained":["Decay"]}],"is_beta":true,"boss_relics":[{"not_picked":["Orrery","Fusion Hammer"],"picked":"Empty Cage"}],"items_purged_floors":[5],"is_endless":false,"potions_floor_spawned":[1,8,12,16],"killed_by":"Gremlin Leader","ascension_level":14}