{"gold_per_floor":[111,111,111,123,133,133,164,164,210,226,260,260,112,130,130,234,234,223,233,233,233,233],"floor_reached":22,"playtime":918,"items_purged":["Strike_B"],"score":238,"play_id":"d380a786-233a-492e-b800-972260861853","local_time":"20180715190333","is_ascension_mode":true,"campfire_choices":[{"data":"Zap","floor":6,"key":"SMITH"},{"data":"FTL","floor":8,"key":"SMITH"},{"floor":15,"key":"REST"}],"neow_cost":"NONE","seed_source_timestamp":30211405718095,"circlet_count":0,"master_deck":["Strike_B","Defend_B","Defend_B","Defend_B","Defend_B","Zap+1","Dualcast","Glacier","FTL+1","Chaos","Hologram","Cold Snap","Capacitor","Gash","Steam Power","Ghostly","Ghostly","Ghostly","Ghostly","Ghostly"],"relics":["Cracked Core","Juzu Bracelet","Lantern","Boot","Empty Cage"],"potions_floor_usage":[4,5,7,7,16,16],"damage_taken":[{"damage":1,"enemies":"Cultist","floor":1,"turns":3},{"damage":9,"enemies":"Jaw Worm","floor":4,"turns":4},{"damage":0,"enemies":"Small Slimes","floor":5,"turns":3},{"damage":4,"enemies":"3 Sentries","floor":7,"turns":6},{"damage":8,"enemies":"Blue Slaver","floor":10,"turns":3},{"damage":17,"enemies":"Gremlin Nob","floor":11,"turns":5},{"damage":3,"enemies":"3 Louse","floor":14,"turns":3},{"damage":12,"enemies":"Slime Boss","floor":16,"turns":9},{"damage":12,"enemies":"2 Thieves","floor":18,"turns":4},{"damage":8,"enemies":"3 Byrds","floor":19,"turns":5},{"damage":51,"enemies":"Cultist and Chosen","floor":22,"turns":11}],"seed_played":"-3004979489309643275","potions_obtained":[{"floor":4,"key":"SkillPotion"},{"floor":5,"key":"Fire Potion"},{"floor":12,"key":"AttackPotion"},{"floor":12,"key":"LiquidBronze"},{"floor":14,"key":"PowerPotion"},{"floor":16,"key":"SpeedPotion"}],"is_trial":false,"path_per_floor":["M","?","?","M","M","R","E","R","T","M","E","?","$","M","R","B",null,"M","M","?","?"],"character_chosen":"DEFECT","items_purchased":["Capacitor"],"campfire_rested":1,"item_purchase_floors":[13],"current_hp_per_floor":[74,74,79,70,70,70,66,66,66,58,41,41,41,38,62,50,80,68,60,40,35,0],"gold":233,"neow_bonus":"THREE_SMALL_POTIONS","is_prod":false,"is_daily":false,"chose_seed":false,"campfire_upgraded":2,"win_rate":0,"timestamp":1531692213,"path_taken":["M","?","?","?","?","R","E","R","T","M","E","?","$","M","R","BOSS","M","M","?","?","M"],"build_version":"2018-07-13","purchased_purges":1,"victory":false,"max_hp_per_floor":[75,75,80,80,80,80,80,80,80,80,80,80,80,80,80,80,80,80,80,40,45,45],"card_choices":[{"not_picked":["Turbo","Barrage"],"picked":"Glacier","floor":1},{"not_picked":["Beam Cell","Conserve Battery"],"picked":"FTL","floor":4},{"not_picked":["Steam Power","Reprogram"],"picked":"Chaos","floor":5},{"not_picked":["Reinforced Body","Turbo"],"picked":"Hologram","floor":7},{"not_picked":["Go for the Eyes","Glacier","Consume"],"picked":"SKIP","floor":10},{"not_picked":["Steam","Barrage"],"picked":"Cold Snap","floor":11},{"not_picked":["Sunder","FTL"],"picked":"Gash","floor":14},{"not_picked":["Sweeping Beam","Doom and Gloom"],"picked":"Steam Power","floor":18},{"not_picked":["Barrage","Turbo","Hologram"],"picked":"SKIP","floor":19}],"player_experience":824465,"relics_obtained":[{"floor":7,"key":"Juzu Bracelet"},{"floor":9,"key":"Lantern"},{"floor":11,"key":"Boot"}],"event_choices":[{"event_name":"Liars Game","player_choice":"disagreed","floor":2,"damage_taken":0},{"event_name":"Big Fish","player_choice":"Donut","floor":3,"damage_taken":0},{"event_name":"The Lab","player_choice":"Got Potions","floor":12,"damage_taken":0},{"event_name":"Ghosts","player_choice":"Became a Ghost","floor":20,"damage_taken":0},{"event_name":"Forgotten Altar","player_choice":"Shed Blood","floor":21,"damage_taken":0}],"boss_relics":[{"not_picked":["Eternal Feather","Philosopher\u0027s Stone"],"picked":"Empty Cage"}],"items_purged_floors":[13],"is_endless":false,"potions_floor_spawned":[4,5,14,16],"killed_by":"Cultist and Chosen","ascension_level":2}