{"gold_per_floor":[111,128,147,26,39,39,39,63,87,99,126,138,184,217,229,334,346,371,403,440,476,763,775,99,114,114,114,139,139,162,41,41,132,132,147,127,142,18,39,54,78,78,78,102,102,19,19,33,33,33],"floor_reached":51,"playtime":2121,"items_purged":["Regret"],"score":1328,"play_id":"3a52d153-3d18-4b82-ace7-9bd1d1283a0d","local_time":"20190315170806","is_ascension_mode":true,"campfire_choices":[{"data":"Streamline","floor":6.0,"key":"SMITH"},{"data":"Genetic Algorithm","floor":10.0,"key":"SMITH"},{"floor":12.0,"key":"REST"},{"floor":15.0,"key":"REST"},{"data":"Self Repair","floor":23.0,"key":"SMITH"},{"data":"Capacitor","floor":27.0,"key":"SMITH"},{"data":"Consume","floor":29.0,"key":"SMITH"},{"floor":32.0,"key":"REST"},{"floor":42.0,"key":"REST"},{"floor":47,"key":"REST"},{"floor":49,"key":"REST"}],"neow_cost":"NONE","seed_source_timestamp":149063891756894,"circlet_count":0,"master_deck":["AscendersBane","Strike_B","Strike_B","Strike_B","Strike_B","Defend_B","Defend_B","Defend_B","Defend_B","Zap","Dualcast","Glacier","Go for the Eyes","Streamline+1","Self Repair+1","FTL","Genetic Algorithm+1","Chill","Static Discharge","Electrodynamics","Auto Shields","Consume+1","Capacitor+1","Cold Snap","Recycle","Defragment","Creative AI"],"special_seed":0,"relics":["Cracked Core","Golden Idol","MawBank","Potion Belt","Velvet Choker","Membership Card","Mummified Hand","Pantograph","Lantern","Juzu Bracelet","Busted Crown","Regal Pillow","Mercury Hourglass","DataDisk"],"potions_floor_usage":[48],"damage_taken":[{"damage":1.0,"enemies":"Cultist","floor":1.0,"turns":3.0},{"damage":12.0,"enemies":"Jaw Worm","floor":2.0,"turns":3.0},{"damage":10.0,"enemies":"Small Slimes","floor":3.0,"turns":3.0},{"damage":14.0,"enemies":"Gremlin Gang","floor":5.0,"turns":7.0},{"damage":7.0,"enemies":"Large Slime","floor":8.0,"turns":6.0},{"damage":22.0,"enemies":"Lots of Slimes","floor":11.0,"turns":3.0},{"damage":28.0,"enemies":"Lagavulin","floor":13.0,"turns":6.0},{"damage":1.0,"enemies":"3 Louse","floor":14.0,"turns":3.0},{"damage":34.0,"enemies":"Hexaghost","floor":16.0,"turns":10.0},{"damage":35.0,"enemies":"Shell Parasite","floor":18.0,"turns":7.0},{"damage":8.0,"enemies":"3 Byrds","floor":19.0,"turns":6.0},{"damage":10.0,"enemies":"Snake Plant","floor":20.0,"turns":5.0},{"damage":15.0,"enemies":"Sentry and Sphere","floor":21.0,"turns":6.0},{"damage":9.0,"enemies":"Centurion and Healer","floor":25.0,"turns":10.0},{"damage":4.0,"enemies":"Snake Plant","floor":28.0,"turns":5.0},{"damage":17.0,"enemies":"Shelled Parasite and Fungi","floor":30.0,"turns":5.0},{"damage":28.0,"enemies":"Champ","floor":33.0,"turns":18.0},{"damage":0.0,"enemies":"Orb Walker","floor":35.0,"turns":5.0},{"damage":9.0,"enemies":"3 Shapes","floor":37.0,"turns":3.0},{"damage":30.0,"enemies":"Jaw Worm Horde","floor":39.0,"turns":6.0},{"damage":30.0,"enemies":"Transient","floor":40.0,"turns":6.0},{"damage":40.0,"enemies":"4 Shapes","floor":41.0,"turns":5.0},{"damage":40.0,"enemies":"Writhing Mass","floor":44.0,"turns":6.0},{"damage":30,"enemies":"Spire Growth","floor":48,"turns":8},{"damage":61,"enemies":"Donu and Deca","floor":50,"turns":9}],"seed_played":"-6477474830759000757","potions_obtained":[{"floor":1.0,"key":"PowerPotion"},{"floor":2.0,"key":"SkillPotion"},{"floor":14.0,"key":"SpeedPotion"},{"floor":19.0,"key":"FearPotion"},{"floor":33.0,"key":"Swift Potion"},{"floor":36.0,"key":"Fire Potion"},{"floor":39.0,"key":"PowerPotion"},{"floor":40.0,"key":"Poison Potion"},{"floor":44.0,"key":"Weak Potion"}],"is_trial":false,"path_per_floor":["M","M","M","$","M","R","?","M","T","R","M","R","E","M","R","B",null,"M","M","M","M","?","R","$","M","T","R","M","R","M","$","R","B",null,"M","?","M","$","M","M","M","R","T","M","?","$","R","M","R","B",null],"character_chosen":"DEFECT","items_purchased":["Self Repair","FTL","Membership Card","Mummified Hand","Consume","Capacitor","Pantograph","Cold Snap","Poison Potion","Explosive Potion","Defragment","Juzu Bracelet","Regal Pillow","FocusPotion","DataDisk"],"campfire_rested":6,"item_purchase_floors":[4,4,24,24,24,24,24,24,24,24,31,31,38,38,46],"current_hp_per_floor":[70,58,48,48,41,41,41,41,41,41,26,47,26,32,53,26,60,32,31,28,20,20,20,20,21,21,21,27,27,20,20,41,48,65,71,71,71,71,51,41,11,47,47,17,17,17,53,33,69,20],"gold":33,"neow_bonus":"TEN_PERCENT_HP_BONUS","is_prod":false,"is_daily":false,"chose_seed":false,"campfire_upgraded":5,"win_rate":0,"timestamp":1552666086,"path_taken":["M","M","M","$","?","R","?","M","T","R","M","R","E","M","R","BOSS","M","M","M","M","?","R","$","M","T","R","?","R","M","$","R","BOSS","M","?","M","$","M","M","M","R","T","M","?","$","R","M","R","BOSS"],"build_version":"2019-01-23","purchased_purges":1,"victory":true,"max_hp_per_floor":[78,78,78,78,78,78,71,71,71,71,71,71,71,71,71,71,71,71,71,71,71,71,71,71,71,71,71,71,71,71,71,71,71,71,71,71,71,71,71,71,71,71,71,71,71,71,71,71,71,71],"card_choices":[{"not_picked":["Fusion","Darkness"],"picked":"Glacier","floor":1.0},{"not_picked":["Static Discharge","Steam"],"picked":"Go for the Eyes","floor":2.0},{"not_picked":["Stack","Turbo"],"picked":"Streamline","floor":3.0},{"not_picked":["Stack","Double Energy","Barrage"],"picked":"SKIP","floor":5.0},{"not_picked":["Ball Lightning","Steam"],"picked":"Genetic Algorithm","floor":8.0},{"not_picked":["Cold Snap","Coolheaded"],"picked":"Chill","floor":11.0},{"not_picked":["Barrage","Genetic Algorithm","Heatsinks"],"picked":"SKIP","floor":13.0},{"not_picked":["Rip and Tear","Sweeping Beam"],"picked":"Static Discharge","floor":14.0},{"not_picked":["Seek","Amplify"],"picked":"Electrodynamics","floor":16.0},{"not_picked":["Conserve Battery","Sweeping Beam"],"picked":"Auto Shields","floor":18.0},{"not_picked":["Go for the Eyes","Redo","Gash"],"picked":"SKIP","floor":19.0},{"not_picked":["Coolheaded","Reprogram","Ball Lightning"],"picked":"SKIP","floor":20.0},{"not_picked":["Hello World","Leap","Streamline"],"picked":"SKIP","floor":21.0},{"not_picked":["Rebound","Skim","Go for the Eyes"],"picked":"SKIP","floor":25.0},{"not_picked":["Barrage","Hello World","Steam+1"],"picked":"SKIP","floor":28.0},{"not_picked":["Reboot","Undo"],"picked":"Recycle","floor":30.0},{"not_picked":["Electrodynamics","Seek"],"picked":"Creative AI","floor":33.0},{"not_picked":["Barrage"],"picked":"SKIP","floor":35.0},{"not_picked":["Turbo"],"picked":"SKIP","floor":37.0},{"not_picked":["Sweeping Beam+1"],"picked":"SKIP","floor":39.0},{"not_picked":["Fusion"],"picked":"SKIP","floor":40.0},{"not_picked":["Coolheaded"],"picked":"SKIP","floor":41.0},{"not_picked":["Ball Lightning"],"picked":"SKIP","floor":44.0},{"not_picked":["Gash+1"],"picked":"SKIP","floor":48}],"player_experience":1021554,"relics_obtained":[{"floor":9.0,"key":"MawBank"},{"floor":13.0,"key":"Potion Belt"},{"floor":26.0,"key":"Lantern"},{"floor":43.0,"key":"Mercury Hourglass"}],"event_choices":[{"damage_healed":0.0,"max_hp_gain":0.0,"max_hp_loss":7.0,"gold_gain":0.0,"event_name":"Golden Idol","player_choice":"Lose Max HP","floor":7.0,"gold_loss":0.0,"damage_taken":0.0,"relics_obtained":["Golden Idol"]},{"damage_healed":0.0,"max_hp_gain":0.0,"max_hp_loss":0.0,"gold_gain":275.0,"event_name":"Golden Shrine","player_choice":"Desecrate","floor":22.0,"gold_loss":0.0,"damage_taken":0.0,"cards_obtained":["Regret"]},{"damage_healed":0.0,"max_hp_gain":0.0,"max_hp_loss":0.0,"gold_gain":0.0,"event_name":"The Woman in Blue","player_choice":"Bought 1 Potion","floor":36.0,"gold_loss":0.0,"damage_taken":0.0},{"damage_healed":0.0,"max_hp_gain":0.0,"max_hp_loss":0.0,"gold_gain":0.0,"event_name":"SensoryStone","player_choice":"Memory 1","floor":45.0,"gold_loss":0.0,"damage_taken":0.0}],"is_beta":false,"boss_relics":[{"not_picked":["Fusion Hammer","Astrolabe"],"picked":"Velvet Choker"},{"not_picked":["Empty Cage","Tiny House"],"picked":"Busted Crown"}],"items_purged_floors":[24],"is_endless":false,"potions_floor_spawned":[1,2,14,19,28,33,39,40,44],"ascension_level":18}