{"gold_per_floor":[116,136,136,7,21,21,21,21,21,51,71,20,31,50,50,147,147,160,170,196,206,39,39,74,90,90,90,5,20,20,20,20,118,168,180,199,214,18,18,18,118,135,135,135,145,164,164,177,177,177],"floor_reached":51,"playtime":2058,"items_purged":["Strike_B"],"score":747,"play_id":"065904e9-0880-4f83-838b-5668b0a61016","local_time":"20190225211657","is_ascension_mode":true,"campfire_choices":[{"data":"Hologram","floor":6,"key":"SMITH"},{"floor":15,"key":"REST"},{"data":"Steam","floor":23,"key":"SMITH"},{"data":"Chill","floor":30,"key":"SMITH"},{"floor":32,"key":"REST"},{"data":"Seek","floor":40,"key":"SMITH"},{"data":"Hologram","floor":47,"key":"SMITH"},{"floor":49,"key":"REST"}],"neow_cost":"NONE","seed_source_timestamp":12585999329188,"circlet_count":0,"master_deck":["Strike_B","Strike_B","Defend_B","Defend_B","Defend_B","Defend_B","Zap+1","Dualcast","Coolheaded+1","Gash+1","Hologram+1","Leap","Steam+1","All For One","Loop+1","Gash","Gash","Seek+1","Finesse","Chill+1","Machine Learning","Hologram+1","White Noise+1","Gash+1","Hologram+1"],"relics":["Cracked Core","Bag of Marbles","Letter Opener","Tiny Chest","Nuclear Battery","Vajra","Omamori","Orichalcum","Tiny House","DollysMirror","Nunchaku","Bottled Tornado"],"potions_floor_usage":[24,33,33],"damage_taken":[{"damage":1,"enemies":"2 Louse","floor":1,"turns":2},{"damage":2,"enemies":"Jaw Worm","floor":2,"turns":4},{"damage":0,"enemies":"Small Slimes","floor":5,"turns":3},{"damage":6,"enemies":"Looter","floor":11,"turns":3},{"damage":0,"enemies":"Blue Slaver","floor":13,"turns":4},{"damage":13,"enemies":"Exordium Thugs","floor":14,"turns":4},{"damage":10,"enemies":"Slime Boss","floor":16,"turns":11},{"damage":1,"enemies":"Chosen","floor":18,"turns":4},{"damage":0,"enemies":"Spheric Guardian","floor":19,"turns":4},{"damage":15,"enemies":"Centurion and Healer","floor":21,"turns":6},{"damage":14,"enemies":"Gremlin Leader","floor":24,"turns":5},{"damage":1,"enemies":"3 Cultists","floor":25,"turns":4},{"damage":0,"enemies":"Snecko","floor":29,"turns":2},{"damage":50,"enemies":"Champ","floor":33,"turns":10},{"damage":14,"enemies":"3 Darklings","floor":35,"turns":4},{"damage":12,"enemies":"Orb Walker","floor":36,"turns":5},{"damage":20,"enemies":"Transient","floor":37,"turns":5},{"damage":0,"enemies":"Mind Bloom Boss Battle","floor":41,"turns":4},{"damage":0,"enemies":"4 Shapes","floor":42,"turns":4},{"damage":23,"enemies":"Jaw Worm Horde","floor":45,"turns":3},{"damage":10,"enemies":"Writhing Mass","floor":46,"turns":3},{"damage":0,"enemies":"4 Shapes","floor":48,"turns":5},{"damage":40,"enemies":"Awakened One","floor":50,"turns":7}],"seed_played":"-8200308724210078507","potions_obtained":[{"floor":5,"key":"Strength Potion"},{"floor":13,"key":"SkillPotion"},{"floor":16,"key":"AttackPotion"},{"floor":19,"key":"EssenceOfSteel"},{"floor":33,"key":"Poison Potion"},{"floor":34,"key":"Dexterity Potion"},{"floor":36,"key":"SpeedPotion"}],"is_trial":false,"path_per_floor":["M","M","?","$","M","R","?","?","T","T","M","$","M","M","R","B",null,"M","M","T","M","$","R","E","M","T","?","$","M","R","?","R","B",null,"M","M","M","$","?","R","?","M","T","?","M","M","R","M","R","B",null],"character_chosen":"DEFECT","items_purchased":["Hologram","Leap","Gash","Vajra","Finesse","DollysMirror"],"campfire_rested":3,"item_purchase_floors":[4,12,22,22,28,38],"current_hp_per_floor":[74,72,57,57,57,57,57,50,50,50,44,44,44,31,53,43,75,74,74,74,59,59,59,45,44,44,44,44,44,44,44,66,16,80,66,54,34,34,70,70,70,70,70,70,47,37,37,37,58,18],"gold":177,"neow_bonus":"RANDOM_COMMON_RELIC","is_prod":false,"is_daily":false,"chose_seed":false,"campfire_upgraded":5,"win_rate":0,"timestamp":1551151017,"path_taken":["M","M","?","$","M","R","?","?","T","?","M","$","M","?","R","BOSS","M","M","?","M","$","R","E","M","T","?","$","M","R","?","R","BOSS","M","M","M","$","?","R","?","M","T","?","M","M","R","M","R","BOSS"],"build_version":"2019-01-23","purchased_purges":1,"victory":true,"max_hp_per_floor":[75,75,75,75,75,75,75,75,75,75,75,75,75,75,75,75,75,75,75,75,75,75,75,75,75,75,75,75,75,75,75,75,75,80,80,80,80,80,70,70,70,70,70,70,70,70,70,70,70,70],"card_choices":[{"not_picked":["Redo","Compile Driver"],"picked":"Coolheaded","floor":1},{"not_picked":["Storm","Conserve Battery"],"picked":"Gash","floor":2},{"not_picked":["Rip and Tear","Genetic Algorithm","Compile Driver"],"picked":"SKIP","floor":5},{"not_picked":["Blizzard","Streamline","Hologram"],"picked":"SKIP","floor":11},{"not_picked":["Turbo","Glacier","Doom and Gloom"],"picked":"SKIP","floor":13},{"not_picked":["Darkness","Reprogram"],"picked":"Steam","floor":14},{"not_picked":["Machine Learning","Fission"],"picked":"All For One","floor":16},{"not_picked":["Stack+1","Steam"],"picked":"Loop+1","floor":18},{"not_picked":["Lockon+1","Chaos","Cold Snap"],"picked":"SKIP","floor":19},{"not_picked":["Aggregate","Hologram","Conserve Battery+1"],"picked":"SKIP","floor":21},{"not_picked":["Go for the Eyes","Conserve Battery"],"picked":"Gash","floor":24},{"not_picked":["Conserve Battery","Consume"],"picked":"Seek","floor":25},{"not_picked":["Hologram","Stack"],"picked":"Chill","floor":29},{"not_picked":["Hyperbeam","Biased Cognition"],"picked":"Machine Learning","floor":33},{"not_picked":["Streamline+1","Stack+1"],"picked":"Hologram+1","floor":34},{"not_picked":["Blizzard+1","Redo+1","Fusion+1"],"picked":"SKIP","floor":35},{"not_picked":["Beam Cell+1","Cold Snap","Ball Lightning+1"],"picked":"SKIP","floor":36},{"not_picked":["Sweeping Beam","Ball Lightning"],"picked":"White Noise+1","floor":37},{"not_picked":["Leap","Steam+1","Hyperbeam"],"picked":"SKIP","floor":42},{"not_picked":["Loop","Chill+1","Barrage"],"picked":"SKIP","floor":45},{"not_picked":["Turbo","Rebound"],"picked":"Hologram","floor":46},{"not_picked":["Leap","Reprogram+1","Tempest"],"picked":"SKIP","floor":48}],"player_experience":237777,"relics_obtained":[{"floor":9,"key":"Letter Opener"},{"floor":10,"key":"Tiny Chest"},{"floor":24,"key":"Omamori"},{"floor":26,"key":"Orichalcum"},{"floor":41,"key":"Nunchaku"},{"floor":43,"key":"Bottled Tornado"}],"event_choices":[{"damage_healed":0,"gold_gain":0,"player_choice":"Entered Light","damage_taken":15,"max_hp_gain":0,"max_hp_loss":0,"event_name":"Shining Light","floor":3,"gold_loss":0,"cards_upgraded":["Zap","Coolheaded"]},{"damage_healed":0,"gold_gain":0,"player_choice":"Ignored","damage_taken":0,"max_hp_gain":0,"max_hp_loss":0,"event_name":"Liars Game","floor":7,"gold_loss":0},{"cards_removed":["Strike_B"],"damage_healed":0,"gold_gain":0,"player_choice":"Card Removal","damage_taken":7,"max_hp_gain":0,"max_hp_loss":0,"event_name":"Golden Wing","floor":8,"gold_loss":0},{"damage_healed":0,"gold_gain":0,"player_choice":"Ignored","damage_taken":0,"max_hp_gain":0,"max_hp_loss":0,"event_name":"Cursed Tome","floor":27,"gold_loss":0},{"damage_healed":0,"gold_gain":0,"player_choice":"Ignored","damage_taken":0,"max_hp_gain":0,"max_hp_loss":0,"event_name":"Vampires","floor":31,"gold_loss":0},{"damage_healed":70,"gold_gain":0,"player_choice":"Heal","damage_taken":0,"max_hp_gain":0,"max_hp_loss":10,"event_name":"The Moai Head","floor":39,"gold_loss":0},{"damage_healed":0,"gold_gain":0,"player_choice":"Fight","damage_taken":0,"max_hp_gain":0,"max_hp_loss":0,"event_name":"MindBloom","floor":41,"gold_loss":0},{"damage_healed":0,"gold_gain":0,"player_choice":"Ignored","damage_taken":0,"max_hp_gain":0,"max_hp_loss":0,"event_name":"SecretPortal","floor":44,"gold_loss":0}],"is_beta":false,"boss_relics":[{"not_picked":["White Beast Statue","Runic Dome"],"picked":"Nuclear Battery"},{"not_picked":["Velvet Choker","Snecko Eye"],"picked":"Tiny House"}],"items_purged_floors":[4],"is_endless":false,"potions_floor_spawned":[5,13,16,18,19,33,36,42,46],"ascension_level":2}