{"path_per_floor":["M","?","?","M","$","R","$","R","T","T","?","$","M","M","R","B",null,"M","$","?","M","?","R","?","R","T","M","M","$","T","M","R"],"character_chosen":"IRONCLAD","items_purchased":["Spot Weakness","Madness"],"gold_per_floor":[117,292,292,311,199,199,99,99,99,99,157,32,44,64,64,169,169,181,77,77,93,93,93,8,8,8,26,41,41,109,126,126],"floor_reached":33,"campfire_rested":0,"playtime":842,"current_hp_per_floor":[68,68,61,56,56,56,56,56,56,56,46,46,52,48,48,34,72,64,64,64,70,72,72,72,72,72,64,54,54,54,46,46],"items_purged":["Defend_R","Power Through","Defend_R"],"gold":126,"score":233,"play_id":"ef3519d3-af66-4c7a-9433-051534d2ae6a","local_time":"20180318150125","is_prod":false,"is_daily":false,"is_ascension_mode":false,"campfire_upgraded":6,"timestamp":1521396085,"path_taken":["M","?","?","?","$","R","$","R","T","?","?","$","?","M","R","BOSS","M","$","?","M","?","R","?","R","T","M","M","$","?","?","R","BOSS"],"build_version":"2018-03-15v3","purchased_purges":3,"victory":false,"master_deck":["Strike_R","Strike_R","Strike_R","Strike_R","Strike_R","Bash","Seeing Red+1","Whirlwind+1","Spot Weakness+1","Second Wind","Offering+1","Madness+1","Havoc+1","Flex+1","Warcry+1"],"max_hp_per_floor":[72,72,72,72,72,72,72,72,72,72,72,72,72,72,72,72,72,72,72,72,72,72,72,72,72,72,72,72,72,72,72,72],"relics":["Burning Blood","Dead Branch","Torii","Darkstone Periapt","Black Star","Du-Vu Doll","The Courier","Mummified Hand"],"card_choices":[{"not_picked":["Immolate","Twin Strike"],"picked":"Whirlwind"},{"not_picked":["Power Through","Rupture"],"picked":"Second Wind"},{"not_picked":["Fiend Fire","Impervious"],"picked":"Offering"},{"not_picked":["Whirlwind","Pommel Strike"],"picked":"Havoc"},{"not_picked":["Ghostly Armor","Reckless Charge"],"picked":"Flex"},{"not_picked":["Inflame","Havoc"],"picked":"Warcry"}],"player_experience":599898,"potions_floor_usage":[18,21,33,33,33],"damage_taken":[{"damage":10,"enemies":"2 Louse","floor":1,"turns":3},{"damage":11,"enemies":"Jaw Worm","floor":4,"turns":2},{"damage":16,"enemies":"3 Sentries","floor":11,"turns":4},{"damage":0,"enemies":"Cultist","floor":13,"turns":2},{"damage":10,"enemies":"Looter","floor":14,"turns":2},{"damage":20,"enemies":"Slime Boss","floor":16,"turns":6},{"damage":14,"enemies":"Spheric Guardian","floor":18,"turns":3},{"damage":0,"enemies":"2 Thieves","floor":21,"turns":2},{"damage":14,"enemies":"Cultist and Chosen","floor":27,"turns":3},{"damage":16,"enemies":"Centurion and Healer","floor":28,"turns":2},{"damage":14,"enemies":"Chosen and Byrds","floor":31,"turns":4},{"damage":72,"enemies":"Automaton","floor":33,"turns":4}],"event_choices":[{"event_name":"Liars Game","player_choice":"agreed","floor":2,"damage_taken":0},{"event_name":"Golden Wing","player_choice":"Card Removal","floor":3,"damage_taken":0},{"event_name":"Dead Adventurer","player_choice":"Searched \u00271\u0027 times","floor":11,"damage_taken":0},{"event_name":"The Lab","player_choice":"Got Potions","floor":20,"damage_taken":0},{"event_name":"Wheel of Change","player_choice":"Full Heal","floor":22,"damage_taken":0},{"event_name":"Addict","player_choice":"Obtained Relic","floor":24,"damage_taken":0}],"boss_relics":[{"not_picked":["Question Card","Pandora\u0027s Box"],"picked":"Black Star"}],"potions_floor_spawned":[11,13,14,21],"seed_played":"4065660622537611894","killed_by":"Automaton","ascension_level":0,"is_trial":false}