{"gold_per_floor":[210,225,225,237,20,20,50,62,156,168,180,203,215,250,262,274],"floor_reached":16,"playtime":732,"items_purged":[],"score":110,"play_id":"2ab032fd-c427-4fe3-96a8-e138865cddc4","local_time":"20190315030744","is_ascension_mode":true,"campfire_choices":[{"data":"Finesse","floor":8.0,"key":"SMITH"},{"floor":13.0,"key":"REST"},{"data":"Flame Barrier","floor":15,"key":"SMITH"}],"neow_cost":"NONE","seed_source_timestamp":164493243905173,"circlet_count":0,"master_deck":["Strike_R","Strike_R","Strike_R+1","Strike_R","Defend_R+1","Defend_R","Defend_R","Defend_R","Bash","Perfected Strike","Heavy Blade","Metallicize","Dropkick","Finesse+1","Thunderclap","True Grit","Flame Barrier+1"],"special_seed":0,"relics":["Burning Blood","Oddly Smooth Stone","MawBank","Shuriken"],"potions_floor_usage":[16,16],"damage_taken":[{"damage":4.0,"enemies":"Small Slimes","floor":1.0,"turns":4.0},{"damage":2.0,"enemies":"Jaw Worm","floor":2.0,"turns":3.0},{"damage":2.0,"enemies":"2 Louse","floor":4.0,"turns":2.0},{"damage":39.0,"enemies":"3 Sentries","floor":7.0,"turns":8.0},{"damage":11.0,"enemies":"Exordium Wildlife","floor":12.0,"turns":4.0},{"damage":14.0,"enemies":"Lots of Slimes","floor":14.0,"turns":4.0},{"damage":36,"enemies":"Hexaghost","floor":16,"turns":12}],"seed_played":"-6138481411694366449","potions_obtained":[{"floor":4.0,"key":"Dexterity Potion"},{"floor":7.0,"key":"Strength Potion"}],"is_trial":false,"path_per_floor":["M","M","?","M","$","?","E","R","T","$","?","M","R","M","R","B"],"character_chosen":"IRONCLAD","items_purchased":["Dropkick","Finesse","Thunderclap"],"campfire_rested":1,"item_purchase_floors":[5,5,5],"current_hp_per_floor":[80,80,73,77,77,74,41,41,41,41,25,20,44,36,36,0],"gold":274,"neow_bonus":"HUNDRED_GOLD","is_prod":false,"is_daily":false,"chose_seed":false,"campfire_upgraded":2,"win_rate":0,"timestamp":1552633664,"path_taken":["M","M","?","M","$","?","E","R","T","$","?","?","R","M","R","BOSS"],"build_version":"2019-01-23","purchased_purges":0,"victory":false,"max_hp_per_floor":[80,80,80,80,80,80,80,80,80,80,80,80,80,80,80,80],"card_choices":[{"not_picked":["Thunderclap","Hemokinesis"],"picked":"Perfected Strike","floor":1.0},{"not_picked":["Feel No Pain","Anger"],"picked":"Heavy Blade","floor":2.0},{"not_picked":["Pommel Strike","Heavy Blade"],"picked":"Metallicize","floor":4.0},{"not_picked":["Bludgeon","Dark Embrace","Cleave"],"picked":"SKIP","floor":7.0},{"not_picked":["Clash","Thunderclap"],"picked":"True Grit","floor":12.0},{"not_picked":["Shockwave","Searing Blow"],"picked":"Flame Barrier","floor":14}],"player_experience":1240876,"relics_obtained":[{"floor":7.0,"key":"MawBank"},{"floor":9.0,"key":"Shuriken"}],"event_choices":[{"cards_removed":["Strike_R"],"damage_healed":0.0,"max_hp_gain":0.0,"max_hp_loss":0.0,"gold_gain":0.0,"event_name":"Golden Wing","player_choice":"Card Removal","floor":3.0,"gold_loss":0.0,"damage_taken":7.0},{"damage_healed":0.0,"max_hp_gain":0.0,"max_hp_loss":0.0,"gold_gain":0.0,"event_name":"Scrap Ooze","player_choice":"Success","floor":6.0,"gold_loss":0.0,"damage_taken":3.0,"relics_obtained":["Oddly Smooth Stone"]},{"damage_healed":0.0,"max_hp_gain":0.0,"max_hp_loss":0.0,"gold_gain":0.0,"event_name":"Shining Light","player_choice":"Entered Light","floor":11.0,"gold_loss":0.0,"damage_taken":16.0,"cards_upgraded":["Defend_R","Strike_R"]}],"is_beta":false,"boss_relics":[],"items_purged_floors":[],"is_endless":false,"potions_floor_spawned":[4,7],"killed_by":"Hexaghost","ascension_level":2}