{"gold_per_floor":[117,130,130,149,134,134,145,95,95,95,27,55,55,65,65,162,162,173,189,240,258,1,1],"floor_reached":23,"playtime":940,"items_purged":["Defend_G"],"score":251,"play_id":"5be9d11c-4a8d-4709-9f8b-7a576ad3455d","local_time":"20190215235157","is_ascension_mode":true,"campfire_choices":[{"data":"Cloak And Dagger","floor":6,"key":"SMITH"},{"data":"Deadly Poison","floor":10,"key":"SMITH"},{"data":"Noxious Fumes","floor":15,"key":"SMITH"}],"neow_cost":"NONE","seed_source_timestamp":93434491392539,"circlet_count":0,"master_deck":["Defend_G","Defend_G","Defend_G","Defend_G","Strike_G","Strike_G","Strike_G","Survivor","Neutralize","Adrenaline+1","Cloak And Dagger+1","Deflect","Dagger Spray","Deadly Poison+1","Footwork","Noxious Fumes+1","Terror","Blade Dance","Backflip"],"relics":["Ring of the Snake","Pen Nib","Smiling Mask","Black Star","Boot","Membership Card"],"potions_floor_usage":[12,16,19],"damage_taken":[{"damage":0,"enemies":"2 Louse","floor":1,"turns":3},{"damage":0,"enemies":"Cultist","floor":2,"turns":3},{"damage":0,"enemies":"Small Slimes","floor":4,"turns":3},{"damage":5,"enemies":"Exordium Thugs","floor":5,"turns":4},{"damage":0,"enemies":"Exordium Wildlife","floor":7,"turns":2},{"damage":0,"enemies":"3 Sentries","floor":12,"turns":11},{"damage":0,"enemies":"Lots of Slimes","floor":14,"turns":2},{"damage":12,"enemies":"Hexaghost","floor":16,"turns":8},{"damage":14,"enemies":"Chosen","floor":18,"turns":5},{"damage":19,"enemies":"Shell Parasite","floor":19,"turns":5},{"damage":27,"enemies":"Centurion and Healer","floor":21,"turns":7},{"damage":12,"enemies":"Gremlin Leader","floor":23,"turns":2}],"seed_played":"-4881616813650613119","potions_obtained":[{"floor":1,"key":"GamblersBrew"},{"floor":2,"key":"SkillPotion"},{"floor":12,"key":"AttackPotion"},{"floor":21,"key":"Dexterity Potion"}],"is_trial":false,"path_per_floor":["M","M","?","M","M","R","M","?","T","R","$","E","?","M","R","B",null,"M","M","T","M","$","E"],"character_chosen":"THE_SILENT","items_purchased":["Footwork","Membership Card"],"campfire_rested":0,"item_purchase_floors":[11,22],"current_hp_per_floor":[70,70,70,70,65,65,65,65,65,65,65,65,65,65,65,53,70,56,37,37,10,10,0],"gold":1,"neow_bonus":"ONE_RANDOM_RARE_CARD","is_prod":false,"is_daily":false,"chose_seed":false,"campfire_upgraded":3,"win_rate":0,"timestamp":1550296317,"path_taken":["M","M","?","M","?","R","M","?","T","R","$","E","?","M","R","BOSS","M","?","?","M","$","E"],"build_version":"2019-01-23","purchased_purges":1,"victory":false,"max_hp_per_floor":[70,70,70,70,70,70,70,70,70,70,70,70,70,70,70,70,70,70,70,70,70,70,70],"card_choices":[{"not_picked":["Finisher","Outmaneuver"],"picked":"Cloak And Dagger","floor":1},{"not_picked":["Dodge and Roll","Bane"],"picked":"Deflect","floor":2},{"not_picked":["Catalyst","Heel Hook","Bane"],"picked":"SKIP","floor":4},{"not_picked":["Deflect","Leg Sweep"],"picked":"Dagger Spray","floor":5},{"not_picked":["Sucker Punch","Bullet Time"],"picked":"Deadly Poison","floor":7},{"not_picked":["Dodge and Roll","Backstab","Choke"],"picked":"SKIP","floor":12},{"not_picked":["Deflect","Deadly Poison"],"picked":"Noxious Fumes","floor":14},{"not_picked":["Distraction","Acrobatics"],"picked":"Terror","floor":18},{"not_picked":["Cloak And Dagger","Backflip"],"picked":"Blade Dance","floor":19},{"not_picked":["Acrobatics","Distraction"],"picked":"Backflip","floor":21}],"player_experience":186716,"relics_obtained":[{"floor":9,"key":"Pen Nib"},{"floor":12,"key":"Smiling Mask"},{"floor":20,"key":"Boot"}],"event_choices":[{"damage_healed":0,"gold_gain":0,"player_choice":"Upgraded","damage_taken":0,"max_hp_gain":0,"max_hp_loss":0,"event_name":"Upgrade Shrine","floor":3,"gold_loss":0,"cards_upgraded":["Adrenaline"]},{"cards_removed":["Strike_G"],"damage_healed":0,"gold_gain":0,"player_choice":"Card Removal","damage_taken":0,"max_hp_gain":0,"max_hp_loss":0,"event_name":"The Cleric","floor":8,"gold_loss":50},{"cards_removed":["Strike_G"],"damage_healed":0,"gold_gain":0,"player_choice":"Purged","damage_taken":0,"max_hp_gain":0,"max_hp_loss":0,"event_name":"Purifier","floor":13,"gold_loss":0}],"is_beta":false,"boss_relics":[{"not_picked":["Eternal Feather","Philosopher\u0027s Stone"],"picked":"Black Star"}],"items_purged_floors":[22],"is_endless":false,"potions_floor_spawned":[1,2,12,21],"killed_by":"Gremlin Leader","ascension_level":3}