{"gold_per_floor":[140,160,9,26,26,26,26,55,55,75,75,40,40,72,72,72],"floor_reached":16,"playtime":598,"items_purged":[],"score":266,"play_id":"7d5ad7c5-74bf-4277-834b-99dfd806187f","local_time":"20190313165006","is_ascension_mode":true,"campfire_choices":[{"data":"After Image","floor":6,"key":"SMITH"},{"data":"Dagger Spray","floor":11,"key":"SMITH"},{"data":"Blur","floor":15,"key":"SMITH"}],"neow_cost":"NONE","seed_source_timestamp":602252748290926,"circlet_count":0,"master_deck":["AscendersBane","Defend_G","Defend_G","Defend_G","Defend_G","Defend_G","Strike_G","Strike_G","Strike_G","Strike_G","Strike_G","Survivor","Neutralize+1","PiercingWail","Blur+1","After Image+1","Terror","Adrenaline","Dagger Spray+1"],"relics":["Ring of the Snake","Tiny Chest","Shuriken","Pantograph","Turnip","Frozen Egg 2"],"potions_floor_usage":[4,8,14],"damage_taken":[{"damage":1,"enemies":"Cultist","floor":1,"turns":4},{"damage":0,"enemies":"2 Louse","floor":2,"turns":3},{"damage":1,"enemies":"Small Slimes","floor":4,"turns":4},{"damage":28,"enemies":"Lagavulin","floor":8,"turns":8},{"damage":0,"enemies":"Blue Slaver","floor":10,"turns":6},{"damage":0,"enemies":"3 Sentries","floor":14,"turns":10},{"damage":66,"enemies":"Hexaghost","floor":16,"turns":14}],"seed_played":"3670637756631876967","potions_obtained":[{"floor":1,"key":"Explosive Potion"},{"floor":4,"key":"Poison Potion"},{"floor":8,"key":"EssenceOfSteel"}],"is_trial":false,"path_per_floor":["M","M","$","M","T","R","?","E","T","M","R","?","$","E","R","B"],"character_chosen":"THE_SILENT","items_purchased":["After Image"],"campfire_rested":0,"item_purchase_floors":[3],"current_hp_per_floor":[58,58,58,57,57,57,57,29,29,29,29,45,45,45,45,0],"gold":72,"neow_bonus":"RANDOM_COMMON_RELIC","is_prod":false,"is_daily":false,"chose_seed":false,"campfire_upgraded":3,"win_rate":0,"timestamp":1552492206,"path_taken":["M","M","$","M","?","R","?","E","T","M","R","?","?","E","R","BOSS"],"build_version":"2019-01-23","purchased_purges":0,"victory":false,"max_hp_per_floor":[66,66,66,66,66,66,66,66,66,66,66,66,66,66,66,66],"card_choices":[{"not_picked":["Eviscerate","Outmaneuver"],"picked":"PiercingWail","floor":1},{"not_picked":["Outmaneuver","Heel Hook"],"picked":"Blur","floor":2},{"not_picked":["Slice","PiercingWail"],"picked":"Terror","floor":4},{"not_picked":["Leg Sweep","Burst"],"picked":"Adrenaline","floor":8},{"not_picked":["Poisoned Stab","Riddle With Holes"],"picked":"Dagger Spray","floor":10},{"not_picked":["Calculated Gamble","Choke","Setup"],"picked":"SKIP","floor":14}],"player_experience":997043,"relics_obtained":[{"floor":5,"key":"Shuriken"},{"floor":8,"key":"Pantograph"},{"floor":9,"key":"Turnip"},{"floor":14,"key":"Frozen Egg 2"}],"event_choices":[{"damage_healed":0,"gold_gain":0,"player_choice":"Grow","damage_taken":0,"max_hp_gain":0,"max_hp_loss":0,"event_name":"Living Wall","floor":7,"gold_loss":0,"cards_upgraded":["Neutralize"]},{"damage_healed":16,"gold_gain":0,"player_choice":"Healed","damage_taken":0,"max_hp_gain":0,"max_hp_loss":0,"event_name":"The Cleric","floor":12,"gold_loss":35}],"is_beta":false,"boss_relics":[],"items_purged_floors":[],"is_endless":false,"potions_floor_spawned":[1,4,8],"killed_by":"Hexaghost","ascension_level":20}