{"path_per_floor":["M","?","M","$","?","E","M","R","T","E","?","$","M","M","R","B",null,"M","?","M","?","M","R","T","E","T","E","$","R","?","$","R","B",null,"M","?","$","M","?","R","M","R","T","R","M","$","?","M","R","B"],"character_chosen":"THE_SILENT","items_purchased":["Footwork","Mind Blast"],"gold_per_floor":[112,112,126,51,51,82,102,102,126,153,153,53,63,76,76,176,176,190,115,132,47,61,61,61,96,96,122,122,122,122,83,83,178,178,188,188,63,82,82,82,94,94,94,94,106,10,10,24,24,24],"floor_reached":51,"campfire_rested":4,"playtime":2807,"current_hp_per_floor":[63,63,63,63,56,56,54,54,54,21,7,7,7,6,27,37,62,60,60,59,59,48,48,48,31,31,31,31,31,31,31,52,30,60,48,48,48,48,48,48,24,24,24,45,45,45,63,58,70,5],"items_purged":["Strike_G","Strike_G","Strike_G"],"gold":24,"score":814,"play_id":"b57728e8-99b0-4128-b75e-c58806e39cb6","is_prod":false,"is_daily":false,"is_ascension_mode":true,"campfire_upgraded":1,"path_taken":["M","?","?","$","?","E","M","R","T","E","?","?","M","?","R","BOSS","M","?","M","?","M","R","?","E","T","E","$","R","?","?","R","BOSS","M","?","$","M","?","R","?","R","T","R","M","?","?","?","R","BOSS"],"build_version":"2018-02-22-PROD2","purchased_purges":3,"victory":true,"master_deck":["Defend_G","Defend_G","Defend_G","Defend_G","Survivor","Neutralize+1","Noxious Fumes+1","Leg Sweep","Noxious Fumes","PiercingWail","Blur","Dagger Throw","Prepared+1","Footwork+1","Acrobatics","Parasite","Tools of the Trade","Doubt","Heel Hook+1","Footwork","Cloak And Dagger","Doubt","Mind Blast","Writhe","Catalyst+1"],"max_hp_per_floor":[70,70,70,70,70,70,70,70,70,70,70,70,70,70,70,70,70,70,70,70,70,70,70,70,70,70,70,70,70,70,70,70,70,70,70,70,70,70,70,70,70,70,70,70,70,70,70,70,70,70],"relics":["Ring of the Snake","NeowsBlessing","Letter Opener","Lantern","Tingsha","Cursed Key","Shovel","Shuriken","Matryoshka","Dodecahedron","Pen Nib","Du-Vu Doll","Mercury Hourglass","Orichalcum","The Specimen","Bronze Scales","Happy Flower","Ancient Tea Set","Thread and Needle"],"card_choices":[{"not_picked":["Bane","Crippling Poison"],"picked":"Noxious Fumes"},{"not_picked":["Prepared","Flechettes"],"picked":"Leg Sweep"},{"not_picked":["Riddle With Holes","Bane"],"picked":"Noxious Fumes"},{"not_picked":["Noxious Fumes","Catalyst"],"picked":"PiercingWail"},{"not_picked":["Poisoned Stab","Backflip"],"picked":"Blur"},{"not_picked":["Concentrate","Choke"],"picked":"Dagger Throw"},{"not_picked":["Outmaneuver","PiercingWail"],"picked":"Prepared"},{"not_picked":["Slice","Noxious Fumes"],"picked":"Footwork"},{"not_picked":["Prepared","Malaise"],"picked":"Acrobatics"},{"not_picked":["Prepared","PiercingWail"],"picked":"Tools of the Trade"},{"not_picked":["Outmaneuver","Deadly Poison"],"picked":"Heel Hook"},{"not_picked":["PiercingWail","Deflect"],"picked":"Cloak And Dagger"},{"not_picked":["Underhanded Strike","Outmaneuver"],"picked":"Catalyst"}],"player_experience":282610,"potions_floor_usage":[10,16,16,27,48,48,50,50],"damage_taken":[{"damage":0,"enemies":"Small Slimes","floor":1,"turns":1},{"damage":0,"enemies":"Cultist","floor":3,"turns":1},{"damage":0,"enemies":"Lagavulin","floor":6,"turns":1},{"damage":2,"enemies":"2 Louse","floor":7,"turns":3},{"damage":33,"enemies":"Gremlin Nob","floor":10,"turns":5},{"damage":0,"enemies":"Looter","floor":13,"turns":5},{"damage":1,"enemies":"2 Fungi Beasts","floor":14,"turns":5},{"damage":5,"enemies":"The Guardian","floor":16,"turns":11},{"damage":2,"enemies":"Spheric Guardian","floor":18,"turns":6},{"damage":1,"enemies":"3 Byrds","floor":20,"turns":5},{"damage":11,"enemies":"3 Cultists","floor":22,"turns":5},{"damage":17,"enemies":"Gremlin Leader","floor":25,"turns":7},{"damage":0,"enemies":"Book of Stabbing","floor":27,"turns":7},{"damage":22,"enemies":"Champ","floor":33,"turns":11},{"damage":12,"enemies":"Orb Walker","floor":35,"turns":4},{"damage":0,"enemies":"3 Shapes","floor":38,"turns":5},{"damage":24,"enemies":"Sphere and 2 Shapes","floor":41,"turns":5},{"damage":0,"enemies":"3 Darklings","floor":45,"turns":4},{"damage":5,"enemies":"Maw","floor":48,"turns":7},{"damage":65,"enemies":"Donu and Deca","floor":50,"turns":9}],"event_choices":[{"event_name":"The Lab","player_choice":"Got Potions","floor":2,"damage_taken":0},{"event_name":"Golden Wing","player_choice":"Card Removal","floor":5,"damage_taken":0},{"event_name":"Shining Light","player_choice":"Entered Light","floor":11,"damage_taken":0},{"event_name":"Beggar","player_choice":"Gave Gold","floor":19,"damage_taken":0},{"event_name":"Addict","player_choice":"Obtained Relic","floor":21,"damage_taken":0},{"event_name":"N\u0027loth","player_choice":"Ignored","floor":30,"damage_taken":0},{"event_name":"Mysterious Sphere","player_choice":"Ignore","floor":36,"damage_taken":0},{"event_name":"Winding Halls","player_choice":"Writhe","floor":47,"damage_taken":0}],"boss_relics":[{"not_picked":["Tiny House","Eternal Feather"],"picked":"Cursed Key"},{"not_picked":["Sozu","Lizard Tail"],"picked":"The Specimen"}],"potions_floor_spawned":[1,10,14,18,33,38,45,48],"seed_played":"7860263557214130362","ascension_level":7,"is_trial":false}