{"gold_per_floor":[367,377,452,627,83,109,109,144,144,144,178,178,128,145,145,242,292,305,305,89,89,89,89,62,73,97,130,146,161,181,198,198,198],"floor_reached":33,"playtime":1333,"items_purged":["Doubt","Strike_B"],"score":418,"play_id":"ef1e8127-2d88-4052-b5ac-4a17cde347e9","local_time":"20190311230014","is_ascension_mode":true,"campfire_choices":[{"data":"Steam","floor":7.0,"key":"SMITH"},{"floor":10.0,"key":"REST"},{"floor":15.0,"key":"REST"},{"data":"White Noise","floor":23.0,"key":"SMITH"},{"data":"Hyperbeam","floor":32,"key":"SMITH"}],"neow_cost":"TEN_PERCENT_HP_LOSS","seed_source_timestamp":347449205148160,"circlet_count":0,"master_deck":["Strike_B+1","Strike_B","Strike_B","Defend_B","Defend_B","Defend_B","Defend_B","Zap","Dualcast","Genetic Algorithm","Sweeping Beam","Gash","Steam+1","Bandage Up","Echo Form","Gash","Leap","Conserve Battery","White Noise+1","Hyperbeam+1","Steam","Ghostly","Ghostly","Ghostly","Ghostly","Ghostly","FTL","Skim","Go for the Eyes","Shame","Skim","Beam Cell","Beam Cell","Streamline","Meteor Strike","Self Repair","Double Energy","Conserve Battery"],"special_seed":0,"relics":["Cracked Core","Prayer Wheel","Symbiotic Virus","The Courier","Art of War","Tiny House","FossilizedHelix","Juzu Bracelet","Bottled Tornado"],"potions_floor_usage":[31],"damage_taken":[{"damage":2.0,"enemies":"Jaw Worm","floor":1.0,"turns":4.0},{"damage":3.0,"enemies":"2 Louse","floor":2.0,"turns":3.0},{"damage":27.0,"enemies":"3 Sentries","floor":6.0,"turns":8.0},{"damage":34.0,"enemies":"Gremlin Nob","floor":8.0,"turns":4.0},{"damage":20.0,"enemies":"Lagavulin","floor":11.0,"turns":5.0},{"damage":18.0,"enemies":"Small Slimes","floor":14.0,"turns":4.0},{"damage":11.0,"enemies":"Slime Boss","floor":16.0,"turns":8.0},{"damage":24.0,"enemies":"Shell Parasite","floor":18.0,"turns":7.0},{"damage":1.0,"enemies":"2 Thieves","floor":25.0,"turns":3.0},{"damage":5,"enemies":"Slavers","floor":27,"turns":6},{"damage":0,"enemies":"Centurion and Healer","floor":28,"turns":9},{"damage":8,"enemies":"Snake Plant","floor":29,"turns":3},{"damage":0,"enemies":"Sentry and Sphere","floor":30,"turns":4},{"damage":1,"enemies":"Centurion and Healer","floor":31,"turns":5},{"damage":47,"enemies":"Automaton","floor":33,"turns":12}],"seed_played":"-4882427350464416904","potions_obtained":[{"floor":6.0,"key":"Regen Potion"},{"floor":8.0,"key":"Regen Potion"},{"floor":14.0,"key":"Explosive Potion"},{"floor":16.0,"key":"Weak Potion"},{"floor":18.0,"key":"AttackPotion"},{"floor":30,"key":"Dexterity Potion"}],"is_trial":false,"path_per_floor":["M","M","?","?","$","E","R","E","T","R","E","?","?","M","R","B",null,"M","?","$","?","$","R","$","M","T","E","M","M","M","M","R","B"],"character_chosen":"DEFECT","items_purchased":["Prayer Wheel","Gash","Steam","Bandage Up","FTL","Skim","Go for the Eyes","Skim"],"campfire_rested":2,"item_purchase_floors":[5,5,5,5,20,20,20,24],"current_hp_per_floor":[66,63,52,52,52,29,29,4,4,24,8,25,25,15,34,42,64,44,35,35,35,35,35,35,34,34,35,35,27,31,34,34,0],"gold":198,"neow_bonus":"TWO_FIFTY_GOLD","is_prod":false,"is_daily":false,"chose_seed":false,"campfire_upgraded":3,"win_rate":0,"timestamp":1552363214,"path_taken":["M","M","?","?","$","E","R","E","T","R","E","?","?","?","R","BOSS","M","?","$","?","$","R","?","M","T","E","M","M","M","M","R","BOSS"],"build_version":"2019-01-23","purchased_purges":2,"victory":false,"max_hp_per_floor":[68,68,68,68,68,68,68,68,68,68,68,68,65,65,65,65,70,70,35,35,35,35,35,35,35,35,35,35,35,35,35,35,35],"card_choices":[{"not_picked":["Conserve Battery","Lockon"],"picked":"Genetic Algorithm","floor":1.0},{"not_picked":["Turbo","Melter"],"picked":"Sweeping Beam","floor":2.0},{"not_picked":["Darkness","Ball Lightning"],"picked":"Echo Form","floor":6.0},{"not_picked":["Tempest","Beam Cell"],"picked":"Gash","floor":8.0},{"not_picked":["Stack","Coolheaded"],"picked":"Leap","floor":11.0},{"not_picked":["Stack","Storm"],"picked":"Conserve Battery","floor":14.0},{"not_picked":["Conserve Battery","Compile Driver"],"picked":"White Noise","floor":14.0},{"not_picked":["Multi-Cast","Echo Form"],"picked":"Hyperbeam","floor":16.0},{"not_picked":["Coolheaded","Cold Snap"],"picked":"Steam","floor":17.0},{"not_picked":["Compile Driver+1","Doom and Gloom","Ball Lightning"],"picked":"SKIP","floor":18.0},{"not_picked":["Stack","Coolheaded","Cold Snap"],"picked":"SKIP","floor":18.0},{"not_picked":["Turbo","Coolheaded"],"picked":"Beam Cell","floor":25.0},{"not_picked":["Storm","Rip and Tear","Steam Power"],"picked":"SKIP","floor":25.0},{"not_picked":["FTL","Rip and Tear"],"picked":"Beam Cell","floor":27},{"not_picked":["Creative AI","Barrage"],"picked":"Streamline","floor":28},{"not_picked":["Compile Driver+1","Go for the Eyes","Beam Cell"],"picked":"SKIP","floor":28},{"not_picked":["Stack","Rebound"],"picked":"Meteor Strike","floor":29},{"not_picked":["Rebound","Compile Driver"],"picked":"Self Repair","floor":29},{"not_picked":["Barrage+1","Static Discharge"],"picked":"Double Energy","floor":30},{"not_picked":["Hologram","Doom and Gloom+1","Static Discharge"],"picked":"SKIP","floor":30},{"not_picked":["Glacier","Leap"],"picked":"Conserve Battery","floor":31},{"not_picked":["Rebound+1","Leap","Turbo+1"],"picked":"SKIP","floor":31}],"player_experience":339304,"relics_obtained":[{"floor":6.0,"key":"Symbiotic Virus"},{"floor":8.0,"key":"The Courier"},{"floor":11.0,"key":"Art of War"},{"floor":26.0,"key":"Juzu Bracelet"},{"floor":27,"key":"Bottled Tornado"}],"event_choices":[{"damage_healed":0.0,"max_hp_gain":0.0,"max_hp_loss":0.0,"gold_gain":75.0,"event_name":"World of Goop","player_choice":"Gather Gold","floor":3.0,"gold_loss":0.0,"damage_taken":11.0},{"damage_healed":0.0,"max_hp_gain":0.0,"max_hp_loss":0.0,"gold_gain":175.0,"event_name":"Liars Game","player_choice":"AGREE","floor":4.0,"gold_loss":0.0,"damage_taken":0.0,"cards_obtained":["Doubt"]},{"damage_healed":17.0,"max_hp_gain":0.0,"max_hp_loss":0.0,"gold_gain":0.0,"event_name":"Mushrooms","player_choice":"Healed and dodged fight","floor":12.0,"gold_loss":0.0,"damage_taken":0.0,"cards_obtained":["Parasite"]},{"cards_removed":["Parasite"],"damage_healed":0.0,"max_hp_gain":0.0,"max_hp_loss":0.0,"gold_gain":0.0,"event_name":"The Cleric","player_choice":"Card Removal","floor":13.0,"gold_loss":50.0,"damage_taken":0.0},{"damage_healed":0.0,"max_hp_gain":0.0,"max_hp_loss":35.0,"gold_gain":0.0,"event_name":"Ghosts","player_choice":"Became a Ghost","floor":19.0,"gold_loss":0.0,"damage_taken":0.0,"cards_obtained":["Ghostly","Ghostly","Ghostly","Ghostly","Ghostly"]},{"damage_healed":0.0,"max_hp_gain":0.0,"max_hp_loss":0.0,"gold_gain":0.0,"event_name":"Addict","player_choice":"Stole Relic","floor":21.0,"gold_loss":0.0,"damage_taken":0.0,"relics_obtained":["FossilizedHelix"],"cards_obtained":["Shame"]}],"is_beta":false,"boss_relics":[{"not_picked":["Inserter","Lizard Tail"],"picked":"Tiny House"}],"items_purged_floors":[5,20],"is_endless":false,"potions_floor_spawned":[6,8,14,16,18,28,30],"killed_by":"Automaton","ascension_level":6}