{"gold_per_floor":[112,123,137,147,147,147,176,176,176,176,193,220,20,87,87,191,191,208,208,232,232,251,251,271,271],"floor_reached":25,"playtime":890,"items_purged":[],"score":309,"play_id":"4145ab3c-6f40-47df-8b04-69f79336a25a","local_time":"20190222212732","is_ascension_mode":true,"campfire_choices":[{"data":"Rip and Tear","floor":6,"key":"SMITH"},{"data":"Sunder","floor":10,"key":"SMITH"},{"floor":15,"key":"REST"},{"data":"Echo Form","floor":23,"key":"SMITH"}],"neow_cost":"NONE","seed_source_timestamp":39272280465176,"circlet_count":0,"master_deck":["Strike_B","Strike_B+1","Strike_B","Defend_B","Defend_B","Defend_B","Defend_B","Zap","Dualcast","White Noise","Rip and Tear+1","Barrage+1","Sunder+1","BootSequence","Self Repair","Panache","Gash","Echo Form+1","Glacier","Sweeping Beam"],"relics":["Cracked Core","Art of War","Whetstone","WingedGreaves","Mercury Hourglass","Sozu","Ancient Tea Set"],"potions_floor_usage":[7,8,16,22],"damage_taken":[{"damage":9,"enemies":"2 Louse","floor":1,"turns":4},{"damage":1,"enemies":"Cultist","floor":2,"turns":3},{"damage":10,"enemies":"Small Slimes","floor":3,"turns":3},{"damage":10,"enemies":"Exordium Wildlife","floor":4,"turns":5},{"damage":13,"enemies":"3 Sentries","floor":7,"turns":4},{"damage":0,"enemies":"Looter","floor":8,"turns":1},{"damage":3,"enemies":"Blue Slaver","floor":11,"turns":2},{"damage":16,"enemies":"Gremlin Nob","floor":12,"turns":3},{"damage":26,"enemies":"Slime Boss","floor":16,"turns":8},{"damage":25,"enemies":"Shell Parasite","floor":18,"turns":4},{"damage":8,"enemies":"2 Thieves","floor":22,"turns":3},{"damage":2,"enemies":"Cultist and Chosen","floor":24,"turns":5},{"damage":56,"enemies":"Gremlin Leader","floor":25,"turns":5}],"seed_played":"7432075609517354629","potions_obtained":[{"floor":1,"key":"SmokeBomb"},{"floor":4,"key":"Block Potion"},{"floor":7,"key":"LiquidBronze"},{"floor":12,"key":"FearPotion"},{"floor":16,"key":"AttackPotion"}],"is_trial":false,"path_per_floor":["M","M","M","M","?","R","E","M","T","R","M","E","$","?","R","B",null,"M","?","T","?","M","R","M","E"],"character_chosen":"DEFECT","items_purchased":["Panache","Gash"],"campfire_rested":1,"item_purchase_floors":[13,13],"current_hp_per_floor":[59,58,48,38,38,38,25,25,25,25,22,6,6,6,28,2,57,39,25,25,51,43,43,48,0],"gold":271,"neow_bonus":"RANDOM_COMMON_RELIC","is_prod":false,"is_daily":false,"chose_seed":false,"campfire_upgraded":3,"win_rate":0,"timestamp":1550881652,"path_taken":["M","M","M","M","?","R","E","?","T","R","M","E","$","?","R","BOSS","M","?","?","?","?","R","M","E"],"build_version":"2019-02-06","purchased_purges":0,"victory":false,"max_hp_per_floor":[75,75,75,75,75,75,75,75,75,75,75,75,75,75,75,75,75,75,80,80,80,80,80,80,80],"card_choices":[{"not_picked":["BootSequence","Gash"],"picked":"White Noise","floor":1},{"not_picked":["Hello World","Steam Power","Steam"],"picked":"SKIP","floor":2},{"not_picked":["Barrage","Melter","Rebound"],"picked":"SKIP","floor":3},{"not_picked":["Melter","Streamline"],"picked":"Rip and Tear","floor":4},{"not_picked":["Leap","Go for the Eyes"],"picked":"Sunder","floor":7},{"not_picked":["Gash","Blizzard"],"picked":"BootSequence","floor":11},{"not_picked":["Capacitor","Aggregate"],"picked":"Self Repair","floor":12},{"not_picked":["Thunder Strike","Meteor Strike"],"picked":"Echo Form","floor":16},{"not_picked":["Redo","Coolheaded+1"],"picked":"Glacier","floor":18},{"not_picked":["Chaos","Hello World"],"picked":"Sweeping Beam","floor":22},{"not_picked":["Redo","Melter+1","Go for the Eyes+1"],"picked":"SKIP","floor":24},{"not_picked":["Redo","Melter+1","Go for the Eyes+1"],"picked":"SKIP","floor":24}],"player_experience":956446,"relics_obtained":[{"floor":7,"key":"Whetstone"},{"floor":9,"key":"WingedGreaves"},{"floor":12,"key":"Mercury Hourglass"},{"floor":20,"key":"Ancient Tea Set"}],"event_choices":[{"damage_healed":0,"gold_gain":0,"cards_transformed":["Strike_B"],"player_choice":"Transformed","damage_taken":0,"max_hp_gain":0,"max_hp_loss":0,"event_name":"Transmorgrifier","floor":5,"gold_loss":0,"cards_obtained":["Barrage"]},{"damage_healed":0,"gold_gain":67,"player_choice":"Gained Gold","damage_taken":0,"max_hp_gain":0,"max_hp_loss":0,"event_name":"Golden Wing","floor":14,"gold_loss":0},{"damage_healed":0,"gold_gain":0,"player_choice":"Shed Blood","damage_taken":19,"max_hp_gain":5,"max_hp_loss":0,"event_name":"Forgotten Altar","floor":19,"gold_loss":0},{"damage_healed":26,"gold_gain":0,"player_choice":"Heal","damage_taken":0,"max_hp_gain":0,"max_hp_loss":0,"event_name":"The Library","floor":21,"gold_loss":0}],"is_beta":true,"boss_relics":[{"not_picked":["Lizard Tail","Empty Cage"],"picked":"Sozu"}],"items_purged_floors":[],"is_endless":false,"potions_floor_spawned":[1,4,7,8,12,16,22,24],"killed_by":"Gremlin Leader","ascension_level":9}