{"path_per_floor":["M","M","$","?","?","R","?","R","T","?","E","M","?","$","R","B",null,"M","M","M","?","$","R","M","M","T","M","?","?","M"],"character_chosen":"THE_SILENT","items_purchased":["Footwork","Deadly Poison","Cloak And Dagger"],"gold_per_floor":[217,227,50,50,50,50,0,0,0,175,209,228,185,85,85,184,184,196,216,233,233,58,58,73,93,171,190,190,105,115,115],"floor_reached":31,"campfire_rested":2,"playtime":2164,"current_hp_per_floor":[62,56,56,56,56,56,56,56,56,56,34,34,34,34,55,5,54,14,12,9,32,32,53,52,29,29,15,15,15,8,0],"items_purged":["Defend_G","Defend_G","Defend_G"],"gold":115,"score":376,"play_id":"452c3659-f48d-4420-937a-e03e85ac0afc","local_time":"20180328194728","is_prod":false,"is_daily":false,"is_ascension_mode":true,"campfire_upgraded":2,"timestamp":1522277248,"path_taken":["M","M","$","?","?","R","?","R","T","?","E","?","?","$","R","BOSS","M","M","?","?","$","R","M","?","T","M","?","?","?","M"],"build_version":"2018-03-22v2","purchased_purges":3,"victory":false,"master_deck":["Defend_G","Defend_G","Strike_G","Strike_G","Strike_G","Strike_G","Survivor","Neutralize+1","AscendersBane","Backflip","Footwork+1","Deadly Poison","Catalyst","Envenom","Blur+1","Dodge and Roll","Cloak And Dagger","Dagger Spray","Caltrops"],"max_hp_per_floor":[70,70,70,70,70,70,70,70,70,70,70,70,70,70,70,70,70,70,70,70,70,70,70,70,70,70,70,70,70,70,70],"relics":["Ring of the Snake","Blue Candle","Omamori","Ice Cream","Cursed Key","Frozen Egg 2","Gremlin Horn"],"card_choices":[{"not_picked":["Endless Agony","Distraction"],"picked":"Backflip","floor":1},{"not_picked":["Caltrops","Footwork"],"picked":"Catalyst","floor":12},{"not_picked":["Venomology","Die Die Die"],"picked":"Envenom","floor":16},{"not_picked":["Deflect","Accuracy"],"picked":"Blur","floor":18},{"not_picked":["Dagger Throw","Outmaneuver"],"picked":"Dodge and Roll","floor":19},{"not_picked":["Slice","Deflect"],"picked":"Dagger Spray","floor":24},{"not_picked":["Accuracy","Bouncing Flask"],"picked":"Caltrops","floor":25}],"player_experience":636196,"potions_floor_usage":[20,20,30,30,30],"damage_taken":[{"damage":1,"enemies":"Cultist","floor":1,"turns":5},{"damage":6,"enemies":"Jaw Worm","floor":2,"turns":9},{"damage":22,"enemies":"3 Sentries","floor":11,"turns":14},{"damage":0,"enemies":"2 Louse","floor":12,"turns":3},{"damage":50,"enemies":"Hexaghost","floor":16,"turns":14},{"damage":40,"enemies":"3 Byrds","floor":18,"turns":8},{"damage":2,"enemies":"Shell Parasite","floor":19,"turns":11},{"damage":3,"enemies":"Snake Plant","floor":20,"turns":8},{"damage":1,"enemies":"Snecko","floor":24,"turns":8},{"damage":23,"enemies":"Sentry and Sphere","floor":25,"turns":12},{"damage":14,"enemies":"Snake Plant","floor":27,"turns":6},{"damage":7,"enemies":"Chosen and Byrds","floor":30,"turns":8},{"damage":10,"enemies":"Centurion and Healer","floor":31,"turns":2}],"event_choices":[{"event_name":"Big Fish","player_choice":"Box","floor":4,"damage_taken":0},{"event_name":"Living Wall","player_choice":"Forget","floor":5,"damage_taken":0},{"event_name":"The Cleric","player_choice":"Card Removal","floor":7,"damage_taken":0},{"event_name":"Liars Game","player_choice":"agreed","floor":10,"damage_taken":0},{"event_name":"World of Goop","player_choice":"Left","floor":13,"damage_taken":0},{"event_name":"The Library","player_choice":"Heal","floor":21,"damage_taken":0},{"event_name":"Drug Dealer","player_choice":"Ignored","floor":28,"damage_taken":0},{"event_name":"Addict","player_choice":"Obtained Relic","floor":29,"damage_taken":0}],"boss_relics":[{"not_picked":["White Beast Statue","Tiny House"],"picked":"Cursed Key"}],"potions_floor_spawned":[1,16,20,25,27],"seed_played":"-112193307898070523","killed_by":"Centurion and Healer","ascension_level":12,"is_trial":false}