{"path_per_floor":["M","?","?","?","$","R","E","R","T","M","$","M","M","M","R","B",null,"M","?","$","M"],"character_chosen":"THE_SILENT","items_purchased":["Dagger Spray","Terror","Dash","Apotheosis"],"gold_per_floor":[118,118,118,193,16,16,57,57,139,155,73,89,110,130,130,261,261,279,279,76,96],"floor_reached":22,"campfire_rested":0,"playtime":1011,"current_hp_per_floor":[63,63,63,52,52,52,54,54,54,54,54,54,54,54,54,24,58,39,39,39,3],"items_purged":["Normality"],"gold":96,"score":272,"play_id":"94484574-a97e-41e6-bb9d-82658fd907b5","is_prod":false,"is_daily":false,"is_ascension_mode":true,"campfire_upgraded":3,"path_taken":["M","?","?","?","$","R","E","R","T","?","$","M","M","M","R","BOSS","M","?","?","M","M"],"build_version":"2018-02-22-PROD1","purchased_purges":1,"victory":false,"master_deck":["Defend_G","Defend_G","Defend_G","Defend_G","Defend_G","Strike_G","Strike_G","Strike_G","Strike_G","Survivor","Neutralize+1","Cloak And Dagger","Dagger Spray","Terror+1","Quick Slash","Dash","Blade Dance","Blur","Backflip+1","Dodge and Roll","Apotheosis"],"max_hp_per_floor":[70,65,65,65,65,65,67,67,67,67,67,67,67,67,67,69,69,69,69,69,71],"relics":["Ring of the Snake","NeowsBlessing","Golden Idol","Singing Bowl","Tough Bandages","Letter Opener","Question Card"],"card_choices":[{"not_picked":["Slice","Backflip"],"picked":"Cloak And Dagger"},{"not_picked":["Riddle With Holes","Slice"],"picked":"Quick Slash"},{"not_picked":["Poisoned Stab","Eviscerate"],"picked":"Blade Dance"},{"not_picked":["Slice","PiercingWail"],"picked":"Blur"},{"not_picked":["Wraith Form","Dagger Spray"],"picked":"Backflip"},{"not_picked":["Setup","Deadly Poison","Quick Slash"],"picked":"Dodge and Roll"}],"player_experience":252614,"potions_floor_usage":[22,22],"damage_taken":[{"damage":0,"enemies":"2 Louse","floor":1,"turns":1},{"damage":0,"enemies":"Lagavulin","floor":7,"turns":1},{"damage":0,"enemies":"Small Slimes","floor":10,"turns":1},{"damage":0,"enemies":"Cultist","floor":12,"turns":3},{"damage":0,"enemies":"Blue Slaver","floor":13,"turns":3},{"damage":0,"enemies":"2 Fungi Beasts","floor":14,"turns":3},{"damage":32,"enemies":"The Guardian","floor":16,"turns":17},{"damage":19,"enemies":"Chosen","floor":18,"turns":5},{"damage":38,"enemies":"2 Thieves","floor":21,"turns":4},{"damage":10,"enemies":"Cultist and Chosen","floor":22,"turns":6}],"event_choices":[{"event_name":"Golden Idol","player_choice":"Lose Max HP","floor":2,"damage_taken":0},{"event_name":"Accursed Blacksmith","player_choice":"Rummage","floor":3,"damage_taken":0},{"event_name":"World of Goop","player_choice":"Gather Gold","floor":4,"damage_taken":0},{"event_name":"Purifier","player_choice":"One Purge","floor":19,"damage_taken":0}],"boss_relics":[{"not_picked":["Sozu","Runic Dome"],"picked":"Question Card"}],"potions_floor_spawned":[10,14,16,21],"seed_played":"-918818029413940323","killed_by":"Cultist and Chosen","ascension_level":6,"is_trial":false}