{"gold_per_floor":[119,134,59,59,59,59,59,59,59,71,115,127,168,194,206,289,351,383,395,407,438,464,476,515,527,569,581,593,640,652,680,692,704],"floor_reached":33,"playtime":1439,"items_purged":[],"score":673,"play_id":"67057f02-1f83-4778-a4b9-3081f6f73293","local_time":"20190312155405","is_ascension_mode":true,"campfire_choices":[{"data":"Neutralize","floor":6,"key":"SMITH"},{"data":"Survivor","floor":8,"key":"SMITH"},{"data":"Deadly Poison","floor":12,"key":"SMITH"},{"floor":15,"key":"REST"},{"floor":23,"key":"REST"},{"floor":25,"key":"REST"},{"data":"Footwork","floor":30,"key":"SMITH"},{"floor":32,"key":"REST"}],"neow_cost":"NONE","seed_source_timestamp":31575122673025,"circlet_count":0,"master_deck":["AscendersBane","Defend_G","Defend_G","Defend_G","Defend_G+1","Strike_G","Strike_G","Strike_G+1","Survivor+1","Neutralize+1","Well Laid Plans+1","Flying Knee+1","Deadly Poison+1","Predator","Crippling Poison+1","Blur","Dagger Spray+1","Footwork+1","Cloak And Dagger","Footwork","Deadly Poison"],"relics":["Ring of the Snake","NeowsBlessing","MawBank","Happy Flower","Lantern","Tiny House","Juzu Bracelet","Tiny Chest","Centennial Puzzle"],"potions_floor_usage":[16,16,22,31],"damage_taken":[{"damage":0,"enemies":"Small Slimes","floor":1,"turns":1},{"damage":0,"enemies":"Jaw Worm","floor":2,"turns":1},{"damage":0,"enemies":"3 Sentries","floor":11,"turns":1},{"damage":24,"enemies":"Gremlin Nob","floor":13,"turns":5},{"damage":0,"enemies":"2 Louse","floor":14,"turns":3},{"damage":0,"enemies":"The Guardian","floor":16,"turns":10},{"damage":20,"enemies":"3 Byrds","floor":18,"turns":6},{"damage":14,"enemies":"2 Thieves","floor":21,"turns":5},{"damage":6,"enemies":"3 Cultists","floor":22,"turns":5},{"damage":42,"enemies":"Gremlin Leader","floor":24,"turns":7},{"damage":3,"enemies":"Book of Stabbing","floor":29,"turns":8},{"damage":15,"enemies":"Cultist and Chosen","floor":31,"turns":7},{"damage":27,"enemies":"Collector","floor":33,"turns":7}],"seed_played":"-5238015267379557786","potions_obtained":[{"floor":1,"key":"EssenceOfSteel"},{"floor":11,"key":"Block Potion"},{"floor":17,"key":"SkillPotion"},{"floor":29,"key":"AttackPotion"}],"is_trial":false,"path_per_floor":["M","M","?","?","?","R","?","R","T","$","E","R","E","M","R","B",null,"M","$","?","M","M","R","E","R","T","?","?","E","R","M","R","B"],"character_chosen":"THE_SILENT","items_purchased":[],"campfire_rested":4,"item_purchase_floors":[],"current_hp_per_floor":[59,59,59,59,39,39,39,39,39,39,39,39,15,15,34,34,63,43,43,43,29,23,44,2,23,23,23,23,20,20,5,26,0],"gold":704,"neow_bonus":"THREE_ENEMY_KILL","is_prod":false,"is_daily":false,"chose_seed":false,"campfire_upgraded":4,"win_rate":0,"timestamp":1552416845,"path_taken":["M","M","?","?","?","R","?","R","T","?","E","R","E","?","R","BOSS","M","?","?","M","?","R","E","R","T","?","?","E","R","M","R","BOSS"],"build_version":"2019-02-06","purchased_purges":0,"victory":false,"max_hp_per_floor":[66,66,66,66,66,66,66,66,66,66,66,66,66,66,66,66,71,71,71,71,71,71,71,71,71,71,71,71,71,71,71,71,71],"card_choices":[{"not_picked":["Choke","Dash"],"picked":"Well Laid Plans","floor":1},{"not_picked":["Bouncing Flask","Expertise"],"picked":"Flying Knee","floor":2},{"not_picked":["Terror","Infinite Blades"],"picked":"Deadly Poison","floor":11},{"not_picked":["Bane","Underhanded Strike"],"picked":"Predator","floor":13},{"not_picked":["Reflex","Choke"],"picked":"Crippling Poison","floor":14},{"not_picked":["Terror","Underhanded Strike"],"picked":"Blur","floor":17},{"not_picked":["Slice","Crippling Poison"],"picked":"Dagger Spray+1","floor":18},{"not_picked":["Flying Knee","Underhanded Strike"],"picked":"Footwork","floor":21},{"not_picked":["Endless Agony+1","Deflect"],"picked":"Cloak And Dagger","floor":22},{"not_picked":["Bullet Time","Flying Knee+1","Quick Slash+1"],"picked":"SKIP","floor":24},{"not_picked":["Flying Knee","Concentrate","Backstab"],"picked":"SKIP","floor":29},{"not_picked":["Calculated Gamble","Underhanded Strike"],"picked":"Deadly Poison","floor":31}],"player_experience":959355,"relics_obtained":[{"floor":9,"key":"MawBank"},{"floor":11,"key":"Happy Flower"},{"floor":13,"key":"Lantern"},{"floor":24,"key":"Juzu Bracelet"},{"floor":26,"key":"Tiny Chest"},{"floor":29,"key":"Centennial Puzzle"}],"event_choices":[{"cards_removed":["Strike_G"],"damage_healed":0,"gold_gain":0,"player_choice":"Card Removal","damage_taken":0,"max_hp_gain":0,"max_hp_loss":0,"event_name":"The Cleric","floor":3,"gold_loss":75},{"damage_healed":0,"gold_gain":0,"player_choice":"Grow","damage_taken":0,"max_hp_gain":0,"max_hp_loss":0,"event_name":"Living Wall","floor":4,"gold_loss":0,"cards_upgraded":["Well Laid Plans"]},{"damage_healed":0,"gold_gain":0,"player_choice":"Entered Light","damage_taken":20,"max_hp_gain":0,"max_hp_loss":0,"event_name":"Shining Light","floor":5,"gold_loss":0,"cards_upgraded":["Defend_G","Flying Knee"]},{"damage_healed":0,"gold_gain":0,"player_choice":"Ignored","damage_taken":0,"max_hp_gain":0,"max_hp_loss":0,"event_name":"Liars Game","floor":7,"gold_loss":0},{"damage_healed":0,"gold_gain":0,"player_choice":"Forge","damage_taken":0,"max_hp_gain":0,"max_hp_loss":0,"event_name":"Accursed Blacksmith","floor":20,"gold_loss":0,"cards_upgraded":["Crippling Poison"]},{"damage_healed":0,"gold_gain":0,"cards_transformed":["Strike_G"],"player_choice":"Transformed","damage_taken":0,"max_hp_gain":0,"max_hp_loss":0,"event_name":"Transmorgrifier","floor":27,"gold_loss":0,"cards_obtained":["Footwork"]},{"cards_removed":["Defend_G"],"damage_healed":0,"gold_gain":0,"player_choice":"Elegance","damage_taken":0,"max_hp_gain":0,"max_hp_loss":0,"event_name":"Back to Basics","floor":28,"gold_loss":0}],"is_beta":true,"boss_relics":[{"not_picked":["White Beast Statue","Pandora\u0027s Box"],"picked":"Tiny House"}],"items_purged_floors":[],"is_endless":false,"potions_floor_spawned":[1,11,14,29],"killed_by":"Collector","ascension_level":17}