{"gold_per_floor":[115,129,148,168,187,187,216,230,257,35,35,45,45,64,64,64],"floor_reached":16,"playtime":653,"items_purged":[],"score":304,"play_id":"1423b2d4-56fe-4a14-9d3f-4d1aaf3c65fd","local_time":"20190311203513","is_ascension_mode":true,"campfire_choices":[{"data":"Malaise","floor":6.0,"key":"SMITH"},{"data":"Catalyst","floor":11.0,"key":"SMITH"},{"data":"Deadly Poison","floor":13.0,"key":"SMITH"},{"floor":15.0,"key":"REST"}],"neow_cost":"NONE","seed_source_timestamp":0,"circlet_count":0,"master_deck":["AscendersBane","Defend_G","Defend_G","Defend_G","Defend_G","Defend_G","Strike_G","Strike_G","Strike_G","Strike_G","Strike_G","Survivor","Neutralize","PiercingWail","Dash","Deadly Poison+1","Malaise+1","Catalyst+1"],"special_seed":0,"relics":["White Beast Statue","The Courier","Pen Nib","Frozen Egg 2"],"potions_floor_usage":[16,16],"damage_taken":[{"damage":15.0,"enemies":"Jaw Worm","floor":1.0,"turns":7.0},{"damage":0.0,"enemies":"2 Louse","floor":2.0,"turns":4.0},{"damage":3.0,"enemies":"Small Slimes","floor":3.0,"turns":6.0},{"damage":1.0,"enemies":"Looter","floor":4.0,"turns":5.0},{"damage":3.0,"enemies":"Lots of Slimes","floor":5.0,"turns":4.0},{"damage":22.0,"enemies":"Lagavulin","floor":7.0,"turns":9.0},{"damage":3.0,"enemies":"Blue Slaver","floor":8.0,"turns":5.0},{"damage":7.0,"enemies":"Large Slime","floor":12.0,"turns":7.0},{"damage":3.0,"enemies":"3 Louse","floor":14.0,"turns":4.0},{"damage":28,"enemies":"Slime Boss","floor":16,"turns":6}],"seed_played":"6142648937765000451","potions_obtained":[{"floor":1.0,"key":"PowerPotion"},{"floor":2.0,"key":"Explosive Potion"},{"floor":3.0,"key":"Block Potion"},{"floor":5.0,"key":"SmokeBomb"},{"floor":7.0,"key":"SkillPotion"},{"floor":8.0,"key":"Poison Potion"},{"floor":14.0,"key":"SpeedPotion"}],"is_trial":false,"path_per_floor":["M","M","M","M","M","R","E","M","T","$","R","M","R","M","R","B"],"character_chosen":"THE_SILENT","items_purchased":["Frozen Egg 2"],"campfire_rested":1,"item_purchase_floors":[10],"current_hp_per_floor":[44,44,41,40,37,37,15,12,12,12,12,5,5,2,21,0],"gold":64,"neow_bonus":"BOSS_RELIC","is_prod":false,"is_daily":false,"chose_seed":false,"campfire_upgraded":3,"win_rate":0,"timestamp":1552332913,"path_taken":["M","M","M","M","M","R","E","M","T","$","R","M","R","M","R","BOSS"],"build_version":"2019-01-23","purchased_purges":0,"victory":false,"max_hp_per_floor":[66,66,66,66,66,66,66,66,66,66,66,66,66,66,66,66],"card_choices":[{"not_picked":["Expertise","Eviscerate","Prepared"],"picked":"SKIP","floor":1.0},{"not_picked":["Flying Knee","Slice"],"picked":"PiercingWail","floor":2.0},{"not_picked":["Setup","Terror"],"picked":"Dash","floor":3.0},{"not_picked":["Dagger Throw","Slice"],"picked":"Deadly Poison","floor":4.0},{"not_picked":["Underhanded Strike","Flying Knee"],"picked":"Malaise","floor":5.0},{"not_picked":["Well Laid Plans","Flying Knee"],"picked":"Catalyst","floor":7.0},{"not_picked":["Reflex","Quick Slash","Prepared"],"picked":"SKIP","floor":8.0},{"not_picked":["Slice","Outmaneuver","Dagger Throw"],"picked":"SKIP","floor":12.0},{"not_picked":["Dodge and Roll","Finisher","Deflect"],"picked":"SKIP","floor":14.0}],"player_experience":969201,"relics_obtained":[{"floor":7.0,"key":"The Courier"},{"floor":9.0,"key":"Pen Nib"}],"event_choices":[],"is_beta":false,"boss_relics":[],"items_purged_floors":[],"is_endless":false,"potions_floor_spawned":[1,2,3,4,5,7,8,12,14],"killed_by":"Slime Boss","ascension_level":19}