{"path_per_floor":["M","?","M","?","?","R","M","M","T","$","?","M","M","M","R","B",null,"M","?","$","?","M","R"],"character_chosen":"IRONCLAD","items_purchased":["Shuriken","Apotheosis"],"gold_per_floor":[112,287,302,302,252,252,268,279,350,32,121,135,155,168,168,271,271,285,285,84,84,58,58],"floor_reached":24,"campfire_rested":0,"playtime":1254,"current_hp_per_floor":[80,80,80,72,72,72,76,80,90,90,56,56,62,65,65,12,90,73,73,73,73,42,42],"items_purged":["Regret"],"gold":58,"score":188,"play_id":"8d74e25c-7d06-436d-a71d-8b00e971888c","is_prod":false,"is_daily":false,"is_ascension_mode":false,"campfire_upgraded":3,"path_taken":["M","?","M","?","?","R","M","M","T","$","?","M","M","M","R","BOSS","M","?","$","?","M","R","M"],"build_version":"2018-02-15-PROD1","purchased_purges":1,"victory":false,"master_deck":["Strike_R","Strike_R","Strike_R","Strike_R","Strike_R","Defend_R","Defend_R","Defend_R","Defend_R","Bash+1","Anger","True Grit","Armaments","Warcry","Dark Embrace+1","Warcry","Rampage","Infernal Blade","Impervious","Whirlwind","Searing Blow","True Grit","Doubt","Apotheosis+1","Writhe","Intimidate"],"max_hp_per_floor":[80,80,80,80,80,80,80,80,90,90,90,90,90,90,90,90,90,90,90,90,90,90,90],"relics":["Burning Blood","Magic Flower","Pear","Shuriken","Tiny Chest","Runic Cube","Prayer Wheel"],"card_choices":[{"not_picked":["Clothesline","Disarm"],"picked":"Anger"},{"not_picked":["Sentinel","Clothesline"],"picked":"True Grit"},{"not_picked":["Flex","True Grit"],"picked":"Armaments"},{"not_picked":["Wild Strike","Power Through"],"picked":"Warcry"},{"not_picked":["Sword Boomerang","Havoc"],"picked":"Dark Embrace"},{"not_picked":["Dropkick","Headbutt"],"picked":"Warcry"},{"not_picked":["Whirlwind","Rupture"],"picked":"Rampage"},{"not_picked":["Inflame","Rage"],"picked":"Infernal Blade"},{"not_picked":["Reaper","Feed"],"picked":"Impervious"},{"not_picked":["Dropkick","Body Slam"],"picked":"Whirlwind"},{"not_picked":["Blood for Blood","Twin Strike"],"picked":"Intimidate"}],"player_experience":119295,"potions_floor_usage":[16,16,16,22],"damage_taken":[{"damage":3,"enemies":"Small Slimes","floor":1,"turns":3},{"damage":8,"enemies":"Jaw Worm","floor":3,"turns":4},{"damage":5,"enemies":"2 Louse","floor":7,"turns":2},{"damage":4,"enemies":"2 Fungi Beasts","floor":8,"turns":6},{"damage":43,"enemies":"Lagavulin Event","floor":11,"turns":6},{"damage":9,"enemies":"Red Slaver","floor":12,"turns":6},{"damage":3,"enemies":"Looter","floor":13,"turns":4},{"damage":6,"enemies":"2 Fungi Beasts","floor":14,"turns":3},{"damage":62,"enemies":"Hexaghost","floor":16,"turns":10},{"damage":26,"enemies":"Shell Parasite","floor":18,"turns":9},{"damage":40,"enemies":"2 Thieves","floor":22,"turns":5},{"damage":44,"enemies":"Sentry and Sphere","floor":24,"turns":8}],"event_choices":[{"event_name":"Liars Game","player_choice":"agreed","floor":2,"damage_taken":0},{"event_name":"Wheel of Change","player_choice":"Damage","floor":4,"damage_taken":0},{"event_name":"The Cleric","player_choice":"Card Removal","floor":5,"damage_taken":0},{"event_name":"Dead Adventurer","player_choice":"Searched \u00272\u0027 times","floor":11,"damage_taken":0},{"event_name":"Match and Keep!","player_choice":"3 cards matched","floor":19,"damage_taken":0},{"event_name":"The Mausoleum","player_choice":"Yes","floor":21,"damage_taken":0}],"boss_relics":[{"not_picked":["Snecko Eye","Lizard Tail"],"picked":"Runic Cube"}],"potions_floor_spawned":[3,11,14,16],"seed_played":"718277925440588403","killed_by":"Sentry and Sphere","ascension_level":0,"is_trial":false}