{"path_per_floor":["M","M","M","?","?","R","M","R","T","M","E","M","E","M","R","B",null,"M","M","?","$","M","R","M","R","T","E","$","R","M","M","R","B"],"character_chosen":"IRONCLAD","items_purchased":["Shrug It Off"],"gold_per_floor":[118,132,148,148,148,148,158,158,183,197,223,239,268,281,281,378,378,398,411,411,336,352,352,363,363,439,464,315,315,326,341,341,440,440],"floor_reached":34,"campfire_rested":1,"playtime":1294,"current_hp_per_floor":[79,79,78,80,80,80,70,70,70,68,55,55,62,51,51,25,101,74,64,48,48,48,78,88,88,88,91,91,91,89,89,89,68,101],"items_purged":["Strike_R","Strike_R"],"gold":440,"score":436,"play_id":"aa9dfd3d-0142-4991-88ba-58f36edea8ef","local_time":"20180418133011","is_prod":false,"is_daily":false,"chose_seed":false,"is_ascension_mode":false,"campfire_upgraded":6,"timestamp":1524069011,"path_taken":["M","M","M","?","?","R","?","R","T","?","E","?","E","M","R","BOSS","M","?","?","$","M","R","M","R","T","E","$","R","?","M","R","BOSS"],"build_version":"2018-04-12","seed_source_timestamp":0,"purchased_purges":2,"victory":false,"master_deck":["Strike_R","Strike_R","Strike_R","Defend_R","Defend_R","Defend_R","Bash+1","Heavy Blade+1","Corruption","Flex","Clothesline+1","Bludgeon+1","Reaper+1","Necronomicurse","Shrug It Off+1","Barricade"],"max_hp_per_floor":[80,80,80,94,94,94,94,94,94,94,94,94,101,101,101,101,101,101,101,101,101,101,101,101,101,101,101,101,101,101,101,101,101,101],"relics":["Snecko Eye","Mango","Prayer Wheel","Anchor","Strawberry","Runic Cube","Necronomicon","Letter Opener","Paper Frog","Runic Dome"],"card_choices":[{"not_picked":["Sword Boomerang","Headbutt"],"picked":"Heavy Blade","floor":1.0},{"not_picked":["Reckless Charge","Clothesline"],"picked":"Corruption","floor":3.0},{"not_picked":["Clash","Sword Boomerang"],"picked":"Flex","floor":10.0},{"not_picked":["Spot Weakness","Limit Break"],"picked":"Clothesline","floor":14.0},{"not_picked":["Offering","Exhume"],"picked":"Bludgeon","floor":16.0},{"not_picked":["Sword Boomerang","Shrug It Off"],"picked":"Reaper","floor":19.0},{"not_picked":["Exhume","Juggernaut"],"picked":"Barricade","floor":33}],"player_experience":718663,"potions_floor_usage":[22,33],"damage_taken":[{"damage":1.0,"enemies":"Jaw Worm","floor":1.0,"turns":2.0},{"damage":0.0,"enemies":"Small Slimes","floor":2.0,"turns":4.0},{"damage":1.0,"enemies":"Cultist","floor":3.0,"turns":3.0},{"damage":10.0,"enemies":"Looter","floor":7.0,"turns":2.0},{"damage":2.0,"enemies":"Blue Slaver","floor":10.0,"turns":3.0},{"damage":13.0,"enemies":"Lagavulin","floor":11.0,"turns":3.0},{"damage":0.0,"enemies":"Gremlin Gang","floor":12.0,"turns":3.0},{"damage":0.0,"enemies":"Gremlin Nob","floor":13.0,"turns":3.0},{"damage":11.0,"enemies":"Red Slaver","floor":14.0,"turns":5.0},{"damage":26.0,"enemies":"Slime Boss","floor":16.0,"turns":5.0},{"damage":27.0,"enemies":"3 Byrds","floor":18.0,"turns":5.0},{"damage":10.0,"enemies":"Spheric Guardian","floor":19.0,"turns":3.0},{"damage":0,"enemies":"Snake Plant","floor":22,"turns":2},{"damage":0,"enemies":"Centurion and Healer","floor":24,"turns":3},{"damage":9,"enemies":"Slavers","floor":27,"turns":3},{"damage":2,"enemies":"Slaver and Parasite","floor":30,"turns":3},{"damage":0,"enemies":"Snecko","floor":31,"turns":2},{"damage":34,"enemies":"Automaton","floor":33,"turns":6}],"event_choices":[{"event_name":"Scrap Ooze","player_choice":"success","floor":4.0,"damage_taken":12.0},{"event_name":"Living Wall","player_choice":"Forget","floor":5.0,"damage_taken":0.0},{"event_name":"Cursed Tome","player_choice":"Obtained Book","floor":20.0,"damage_taken":0.0}],"boss_relics":[{"not_picked":["Black Star","Astrolabe"],"picked":"Runic Dome"}],"potions_floor_spawned":[2,3,10,16,18,30,33],"seed_played":"-9196741800891653854","ascension_level":0,"is_trial":false}