{"path_per_floor":["M","?","?","$","M","E","M","$","T","?","M","M","R","M","R","B",null,"M","?","?","?","?","R","E","T","T","R","M","M","M","?","R","B",null,"M","M","M","?","M","R","M","R","T"],"character_chosen":"IRONCLAD","items_purchased":["Clash","Second Wind","Lee\u0027s Waffle"],"gold_per_floor":[215,390,465,341,355,387,401,22,100,100,114,133,133,150,150,246,246,260,260,260,260,260,260,285,312,312,312,322,342,354,354,354,455,455,474,494,508,508,520,520,535,535,535,535],"floor_reached":44,"campfire_rested":2,"playtime":2581,"current_hp_per_floor":[69,69,58,58,64,26,32,87,87,87,87,80,80,66,66,37,75,69,69,69,69,69,69,36,36,36,36,29,27,26,26,52,11,68,63,48,20,20,22,48,43,43,43,0],"items_purged":["Doubt","Defend_R"],"gold":535,"score":583,"play_id":"90bf2bab-8452-4618-9e7c-1528a3f5077e","local_time":"20180405215621","is_prod":false,"is_daily":false,"is_ascension_mode":true,"campfire_upgraded":5,"timestamp":1522976181,"path_taken":["M","?","?","$","M","E","M","?","T","?","?","M","R","M","R","BOSS","M","?","?","?","?","R","E","?","T","R","?","M","M","?","R","BOSS","M","?","?","?","M","R","?","R","T","E"],"build_version":"2018-03-29v2","purchased_purges":3,"victory":false,"master_deck":["Strike_R","Strike_R","Strike_R","Strike_R","Strike_R","Defend_R","Bash","Clash+1","Metallicize+1","Iron Wave","Second Wind+1","Thunderclap","Rage+1","Double Tap+1","Burning Pact+1","Headbutt","Spot Weakness+1","Rage+1","Barricade+1","Metallicize+1"],"max_hp_per_floor":[80,80,80,80,80,80,80,87,87,87,87,87,87,87,87,87,87,87,87,87,87,87,87,87,87,87,87,87,87,87,87,87,87,87,87,87,87,87,87,87,87,87,87,87],"relics":["Black Blood","Frozen Egg 2","Lee\u0027s Waffle","Mercury Hourglass","Toolbox","Lizard Tail","Spirit Poop","Ornamental Fan","Happy Flower","Ice Cream"],"card_choices":[{"not_picked":["Shrug It Off","Carnage"],"picked":"Metallicize","floor":6.0},{"not_picked":["Perfected Strike","Clash"],"picked":"Iron Wave","floor":7.0},{"not_picked":["Sentinel","Shockwave"],"picked":"Thunderclap","floor":12.0},{"not_picked":["Metallicize","Havoc"],"picked":"Rage","floor":14.0},{"not_picked":["Limit Break","Brutality"],"picked":"Double Tap","floor":16.0},{"not_picked":["Dropkick","Body Slam"],"picked":"Burning Pact","floor":18.0},{"not_picked":["True Grit","Anger"],"picked":"Rage","floor":24.0},{"not_picked":["Offering","Juggernaut"],"picked":"Barricade","floor":33.0},{"not_picked":["Havoc","Thunderclap"],"picked":"Metallicize","floor":36.0}],"player_experience":684350,"potions_floor_usage":[44],"damage_taken":[{"damage":9.0,"enemies":"Jaw Worm","floor":1.0,"turns":3.0},{"damage":0.0,"enemies":"2 Louse","floor":5.0,"turns":2.0},{"damage":44.0,"enemies":"3 Sentries","floor":6.0,"turns":13.0},{"damage":0.0,"enemies":"Cultist","floor":7.0,"turns":4.0},{"damage":4.0,"enemies":"Blue Slaver","floor":11.0,"turns":2.0},{"damage":13.0,"enemies":"Large Slime","floor":12.0,"turns":6.0},{"damage":24.0,"enemies":"Exordium Wildlife","floor":14.0,"turns":4.0},{"damage":35.0,"enemies":"The Guardian","floor":16.0,"turns":13.0},{"damage":12.0,"enemies":"Shell Parasite","floor":18.0,"turns":5.0},{"damage":39.0,"enemies":"Gremlin Leader","floor":24.0,"turns":6.0},{"damage":13.0,"enemies":"2 Thieves","floor":28.0,"turns":3.0},{"damage":15.0,"enemies":"Snake Plant","floor":29.0,"turns":4.0},{"damage":7.0,"enemies":"Sentry and Sphere","floor":30.0,"turns":5.0},{"damage":47.0,"enemies":"Collector","floor":33.0,"turns":10.0},{"damage":19.0,"enemies":"3 Darklings","floor":35.0,"turns":8.0},{"damage":25.0,"enemies":"3 Shapes","floor":36.0,"turns":5.0},{"damage":38.0,"enemies":"Sphere and 2 Shapes","floor":37.0,"turns":7.0},{"damage":8.0,"enemies":"Maw","floor":39.0,"turns":10.0},{"damage":15.0,"enemies":"4 Shapes","floor":41.0,"turns":5.0},{"damage":112,"enemies":"Giant Head","floor":44,"turns":9}],"event_choices":[{"event_name":"Liars Game","player_choice":"agreed","floor":2.0,"damage_taken":0.0},{"event_name":"World of Goop","player_choice":"Gather Gold","floor":3.0,"damage_taken":0.0},{"event_name":"Big Fish","player_choice":"Box","floor":10.0,"damage_taken":0.0},{"event_name":"The Library","player_choice":"Read","floor":19.0,"damage_taken":0.0},{"event_name":"Transmorgrifier","player_choice":"Transform","floor":20.0,"damage_taken":0.0},{"event_name":"Drug Dealer","player_choice":"Ignored","floor":21.0,"damage_taken":0.0},{"event_name":"Bonfire Elementals","player_choice":"CURSE","floor":22.0,"damage_taken":0.0},{"event_name":"Back to Basics","player_choice":"Elegance","floor":31.0,"damage_taken":0.0},{"event_name":"SecretPortal","player_choice":"Rejected Portal.","floor":38.0,"damage_taken":0.0}],"boss_relics":[],"potions_floor_spawned":[12,14,16,24,28,33,37,41],"seed_played":"9204716540138556486","killed_by":"Giant Head","ascension_level":6,"is_trial":false}