{"gold_per_floor":[110,126,52,102,113,113,138,138,186,186,26,26,26,45,45,118,118,138,153,153,163,163,163,178,178,178,7,7,19,37,37,37,37],"floor_reached":33,"playtime":906,"items_purged":[],"score":490,"play_id":"a39e739f-265c-43a7-a4d9-60457d95e5b7","local_time":"20190314105152","is_ascension_mode":true,"campfire_choices":[{"data":"Dash","floor":6.0,"key":"SMITH"},{"data":"Neutralize","floor":8.0,"key":"SMITH"},{"data":"Cloak And Dagger","floor":10.0,"key":"SMITH"},{"data":"Blade Dance","floor":13.0,"key":"SMITH"},{"floor":15.0,"key":"REST"},{"data":"Backflip","floor":23.0,"key":"SMITH"},{"data":"PiercingWail","floor":25.0,"key":"SMITH"},{"floor":32.0,"key":"REST"}],"neow_cost":"NONE","seed_source_timestamp":41246319080632,"circlet_count":0,"master_deck":["AscendersBane","Defend_G+1","Defend_G","Defend_G","Defend_G","Defend_G","Strike_G","Strike_G","Strike_G","Strike_G+1","Strike_G","Survivor","Neutralize+1","Dash+1","Cloak And Dagger+1","Die Die Die+1","Infinite Blades","Blade Dance+1","Die Die Die+1","PiercingWail+1","Burst+1","Backflip+1","Necronomicurse","Finisher","Footwork"],"special_seed":0,"relics":["Ring of the Snake","Whetstone","Bag of Marbles","Vajra","Busted Crown","Necronomicon","Du-Vu Doll","MutagenicStrength"],"potions_floor_usage":[],"damage_taken":[{"damage":0.0,"enemies":"2 Louse","floor":1.0,"turns":3.0},{"damage":1.0,"enemies":"Cultist","floor":2.0,"turns":5.0},{"damage":0.0,"enemies":"Small Slimes","floor":5.0,"turns":4.0},{"damage":14.0,"enemies":"3 Sentries","floor":7.0,"turns":7.0},{"damage":0.0,"enemies":"Exordium Thugs","floor":14.0,"turns":2.0},{"damage":32.0,"enemies":"Hexaghost","floor":16.0,"turns":12.0},{"damage":0.0,"enemies":"Spheric Guardian","floor":18.0,"turns":1.0},{"damage":0.0,"enemies":"2 Thieves","floor":19.0,"turns":1.0},{"damage":0.0,"enemies":"Centurion and Healer","floor":21.0,"turns":5.0},{"damage":0.0,"enemies":"3 Cultists","floor":24.0,"turns":4.0},{"damage":4.0,"enemies":"Cultist and Chosen","floor":29.0,"turns":5.0},{"damage":0.0,"enemies":"Centurion and Healer","floor":30.0,"turns":3.0},{"damage":47,"enemies":"Collector","floor":33,"turns":7}],"seed_played":"3878762520828625804","potions_obtained":[{"floor":2.0,"key":"SneckoOil"},{"floor":5.0,"key":"Poison Potion"},{"floor":19.0,"key":"PowerPotion"},{"floor":21.0,"key":"Dexterity Potion"}],"is_trial":false,"path_per_floor":["M","M","$","?","M","R","E","R","T","R","$","?","R","M","R","B",null,"M","M","?","M","?","R","M","R","T","$","$","M","M","?","R","B"],"character_chosen":"THE_SILENT","items_purchased":["Infinite Blades","Vajra","Finisher","Footwork"],"campfire_rested":2,"item_purchase_floors":[3,11,27,27],"current_hp_per_floor":[59,58,58,58,58,58,44,44,44,44,44,24,24,24,43,11,52,52,52,52,52,31,31,31,31,31,31,31,27,27,27,46,0],"gold":37,"neow_bonus":"THREE_CARDS","is_prod":false,"is_daily":false,"chose_seed":false,"campfire_upgraded":6,"win_rate":0,"timestamp":1552557112,"path_taken":["M","M","$","?","M","R","E","R","T","R","?","?","R","M","R","BOSS","M","M","?","?","?","R","M","R","T","?","$","?","M","?","R","BOSS"],"build_version":"2019-01-23","purchased_purges":0,"victory":false,"max_hp_per_floor":[66,66,66,66,66,66,66,66,66,66,66,66,66,66,66,66,66,66,66,66,66,66,66,66,66,66,66,66,66,66,66,66,66],"card_choices":[{"not_picked":["Bane","Predator"],"picked":"Dash","floor":0.0},{"not_picked":["Backflip","Blade Dance"],"picked":"Cloak And Dagger","floor":1.0},{"not_picked":["PiercingWail","Cloak And Dagger"],"picked":"Die Die Die","floor":2.0},{"not_picked":["Deadly Poison","PiercingWail"],"picked":"Blade Dance","floor":5.0},{"not_picked":["Storm of Steel","Reflex"],"picked":"Die Die Die","floor":7.0},{"not_picked":["All Out Attack","Backflip"],"picked":"PiercingWail","floor":14.0},{"not_picked":["Corpse Explosion","Phantasmal Killer"],"picked":"Burst","floor":16.0},{"not_picked":["Flying Knee"],"picked":"SKIP","floor":18.0},{"not_picked":["PiercingWail"],"picked":"SKIP","floor":19.0},{"not_picked":[],"picked":"Backflip","floor":21.0},{"not_picked":["Poisoned Stab"],"picked":"SKIP","floor":24.0},{"not_picked":["Setup"],"picked":"SKIP","floor":29.0},{"not_picked":["Outmaneuver"],"picked":"SKIP","floor":30.0}],"player_experience":1003833,"relics_obtained":[{"floor":7.0,"key":"Whetstone"},{"floor":9.0,"key":"Bag of Marbles"},{"floor":22.0,"key":"Necronomicon"},{"floor":26.0,"key":"Du-Vu Doll"}],"event_choices":[{"damage_healed":0.0,"max_hp_gain":0.0,"max_hp_loss":0.0,"gold_gain":50.0,"event_name":"Golden Shrine","player_choice":"Pray","floor":4.0,"gold_loss":0.0,"damage_taken":0.0},{"damage_healed":0.0,"max_hp_gain":0.0,"max_hp_loss":0.0,"gold_gain":0.0,"event_name":"Shining Light","player_choice":"Entered Light","floor":12.0,"gold_loss":0.0,"damage_taken":20.0,"cards_upgraded":["Die Die Die","Defend_G"]},{"damage_healed":0.0,"max_hp_gain":0.0,"max_hp_loss":0.0,"gold_gain":0.0,"event_name":"Accursed Blacksmith","player_choice":"Forge","floor":20.0,"gold_loss":0.0,"damage_taken":0.0,"cards_upgraded":["Burst"]},{"damage_healed":0.0,"max_hp_gain":0.0,"max_hp_loss":0.0,"gold_gain":0.0,"event_name":"Cursed Tome","player_choice":"Obtained Book","floor":22.0,"gold_loss":0.0,"damage_taken":21.0},{"damage_healed":0.0,"max_hp_gain":0.0,"max_hp_loss":0.0,"gold_gain":0.0,"event_name":"Drug Dealer","player_choice":"Inject Mutagens","floor":31.0,"gold_loss":0.0,"damage_taken":0.0,"relics_obtained":["MutagenicStrength"]}],"is_beta":false,"boss_relics":[{"not_picked":["Ring of the Serpent","Snecko Eye"],"picked":"Busted Crown"}],"items_purged_floors":[],"is_endless":false,"potions_floor_spawned":[2,5,19,21,24],"killed_by":"Collector","ascension_level":20}