{"gold_per_floor":[115,115,115,115,133,133,148,168,214,228,199,209,209,227,227,328,328,346,72,90,190,205,235,235,248,248,266,266,297,197,272,272,368,368,379,392,109,125,125,125,157,157,203,99,112,112,125,0,0,0],"floor_reached":51,"playtime":3457,"items_purged":["Strike_G","Strike_G","Strike_G"],"score":761,"play_id":"03812f3b-e012-46bc-914a-692fab493a24","local_time":"20190315163031","is_ascension_mode":false,"campfire_choices":[{"data":"Neutralize","floor":6.0,"key":"SMITH"},{"data":"All Out Attack","floor":13.0,"key":"SMITH"},{"data":"Underhanded Strike","floor":15.0,"key":"SMITH"},{"data":"Eviscerate","floor":24.0,"key":"SMITH"},{"data":"Storm of Steel","floor":28.0,"key":"SMITH"},{"data":"Leg Sweep","floor":32.0,"key":"SMITH"},{"data":"Apotheosis","floor":40.0,"key":"SMITH"},{"floor":46,"key":"REST"},{"floor":49,"key":"REST"}],"neow_cost":"NONE","seed_source_timestamp":2010012484700,"circlet_count":0,"master_deck":["Defend_G","Defend_G","Defend_G+1","Defend_G","Defend_G","Strike_G+1","Survivor","Neutralize+1","Eviscerate+1","Leg Sweep+1","Tactician","Backflip","All Out Attack+1","Underhanded Strike+1","Storm of Steel+1","Calculated Gamble","Adrenaline","Prepared","Underhanded Strike","Blur","Deflect","A Thousand Cuts+1","After Image+1","Underhanded Strike+1","Eviscerate+1","Accuracy+1","Acrobatics","Backstab","Apotheosis+1","Acrobatics","Accuracy+1","Dagger Throw","PiercingWail"],"special_seed":0,"relics":["Ring of the Serpent","FaceOfCleric","PreservedInsect","Runic Pyramid","Ancient Tea Set","Dream Catcher","Frozen Egg 2","Paper Crane","Bottled Lightning","MawBank","Red Mask"],"potions_floor_usage":[50,50,50],"damage_taken":[{"damage":0.0,"enemies":"2 Louse","floor":1.0,"turns":3.0},{"damage":0.0,"enemies":"Cultist","floor":5.0,"turns":4.0},{"damage":0.0,"enemies":"Jaw Worm","floor":7.0,"turns":4.0},{"damage":1.0,"enemies":"Red Slaver","floor":8.0,"turns":7.0},{"damage":6.0,"enemies":"Lots of Slimes","floor":10.0,"turns":10.0},{"damage":1.0,"enemies":"Exordium Thugs","floor":11.0,"turns":7.0},{"damage":13.0,"enemies":"Gremlin Gang","floor":12.0,"turns":7.0},{"damage":0.0,"enemies":"3 Louse","floor":14.0,"turns":1.0},{"damage":29.0,"enemies":"The Guardian","floor":16.0,"turns":16.0},{"damage":4.0,"enemies":"Chosen","floor":18.0,"turns":5.0},{"damage":0.0,"enemies":"3 Byrds","floor":20.0,"turns":4.0},{"damage":1.0,"enemies":"Snake Plant","floor":22.0,"turns":5.0},{"damage":0.0,"enemies":"Book of Stabbing","floor":23.0,"turns":7.0},{"damage":20.0,"enemies":"Chosen and Byrds","floor":25.0,"turns":5.0},{"damage":0.0,"enemies":"Snecko","floor":27.0,"turns":4.0},{"damage":9.0,"enemies":"Slavers","floor":29.0,"turns":4.0},{"damage":17.0,"enemies":"Collector","floor":33.0,"turns":10.0},{"damage":3.0,"enemies":"Orb Walker","floor":35.0,"turns":4.0},{"damage":15.0,"enemies":"3 Shapes","floor":36.0,"turns":3.0},{"damage":15.0,"enemies":"3 Darklings","floor":38.0,"turns":4.0},{"damage":21.0,"enemies":"Reptomancer","floor":41.0,"turns":5.0},{"damage":8,"enemies":"4 Shapes","floor":45,"turns":5},{"damage":11,"enemies":"Spire Growth","floor":47,"turns":3},{"damage":20,"enemies":"Awakened One","floor":50,"turns":16}],"seed_played":"3484280785419043967","potions_obtained":[{"floor":1.0,"key":"FearPotion"},{"floor":7.0,"key":"Weak Potion"},{"floor":10.0,"key":"Swift Potion"},{"floor":14.0,"key":"Regen Potion"},{"floor":20.0,"key":"Energy Potion"},{"floor":23.0,"key":"Regen Potion"}],"is_trial":false,"path_per_floor":["M","?","?","?","M","R","M","M","T","M","M","M","R","M","R","B",null,"M","$","M","?","M","E","R","M","T","M","R","E","$","T","R","B",null,"M","M","$","M","?","R","E","?","T","$","M","R","M","?","R","B",null],"character_chosen":"THE_SILENT","items_purchased":["Adrenaline","Prepared","Accuracy+1","Acrobatics","Backstab","Acrobatics","Accuracy+1"],"campfire_rested":2,"item_purchase_floors":[19,19,37,37,37,44,44],"current_hp_per_floor":[70,70,56,56,57,57,58,58,58,53,53,41,41,42,42,14,78,75,75,76,76,76,77,77,58,58,59,59,51,51,51,51,35,86,84,70,70,56,46,46,26,26,26,26,19,46,36,36,63,93],"gold":0,"neow_bonus":"REMOVE_CARD","is_prod":false,"is_daily":false,"chose_seed":false,"campfire_upgraded":7,"win_rate":0,"timestamp":1552681831,"path_taken":["M","?","?","?","?","R","M","M","T","M","M","M","R","?","R","BOSS","M","$","M","?","M","E","R","?","T","M","R","E","?","?","R","BOSS","M","?","$","?","?","R","E","?","T","?","M","R","M","?","R","BOSS"],"build_version":"2019-01-23","purchased_purges":3,"victory":true,"max_hp_per_floor":[70,70,70,70,71,71,72,73,73,74,75,76,76,77,77,78,78,79,79,80,80,81,82,82,83,83,84,84,85,85,85,85,86,86,87,88,88,89,89,89,90,90,90,90,91,91,92,92,92,93],"card_choices":[{"not_picked":["Distraction","Acrobatics"],"picked":"Eviscerate","floor":1.0},{"not_picked":["Distraction","Setup","Choke"],"picked":"SKIP","floor":5.0},{"not_picked":["Dodge and Roll","Quick Slash"],"picked":"Leg Sweep","floor":7.0},{"not_picked":["Bane","Cloak And Dagger"],"picked":"Tactician","floor":8.0},{"not_picked":["Slice","Poisoned Stab"],"picked":"Backflip","floor":10.0},{"not_picked":["Poisoned Stab","Outmaneuver"],"picked":"All Out Attack","floor":11.0},{"not_picked":["Slice","Leg Sweep","Dodge and Roll"],"picked":"SKIP","floor":12.0},{"not_picked":["Leg Sweep","Dodge and Roll"],"picked":"Underhanded Strike","floor":14.0},{"not_picked":["Corpse Explosion","Burst"],"picked":"Storm of Steel","floor":16.0},{"not_picked":["Bane+1","Outmaneuver"],"picked":"Calculated Gamble","floor":18.0},{"not_picked":["Deadly Poison","All Out Attack"],"picked":"Underhanded Strike","floor":20.0},{"not_picked":["Quick Slash+1","All Out Attack","Setup"],"picked":"SKIP","floor":22.0},{"not_picked":["Expertise","Eviscerate"],"picked":"Blur","floor":23.0},{"not_picked":["Dash","Quick Slash","Noxious Fumes+1"],"picked":"SKIP","floor":25.0},{"not_picked":["Calculated Gamble","Dagger Spray"],"picked":"Deflect","floor":27.0},{"not_picked":["Dash","Backflip"],"picked":"A Thousand Cuts","floor":29.0},{"not_picked":["Unload","Envenom+1"],"picked":"After Image+1","floor":33.0},{"not_picked":["Quick Slash+1","Flying Knee+1"],"picked":"Underhanded Strike+1","floor":35.0},{"not_picked":["Masterful Stab","Flechettes+1"],"picked":"Eviscerate+1","floor":36.0},{"not_picked":["Crippling Poison","Blade Dance","Finisher+1"],"picked":"SKIP","floor":38.0},{"not_picked":["Finesse","Enlightenment"],"picked":"Apotheosis","floor":39.0},{"not_picked":["Heel Hook+1","Poisoned Stab","Eviscerate"],"picked":"SKIP","floor":41},{"not_picked":["Sucker Punch+1","Flechettes","Endless Agony"],"picked":"SKIP","floor":45},{"not_picked":["PiercingWail+1","All Out Attack"],"picked":"Dagger Throw","floor":46},{"not_picked":["Bane","Prepared+1"],"picked":"PiercingWail","floor":47}],"player_experience":1330336,"relics_obtained":[{"floor":9.0,"key":"PreservedInsect"},{"floor":23.0,"key":"Ancient Tea Set"},{"floor":26.0,"key":"Dream Catcher"},{"floor":29.0,"key":"Frozen Egg 2"},{"floor":31.0,"key":"Paper Crane"},{"floor":41,"key":"Bottled Lightning"},{"floor":43,"key":"MawBank"}],"event_choices":[{"damage_healed":0.0,"max_hp_gain":0.0,"max_hp_loss":0.0,"gold_gain":0.0,"event_name":"Liars Game","player_choice":"Ignored","floor":2.0,"gold_loss":0.0,"damage_taken":0.0},{"damage_healed":0.0,"max_hp_gain":0.0,"max_hp_loss":0.0,"gold_gain":0.0,"event_name":"Shining Light","player_choice":"Entered Light","floor":3.0,"gold_loss":0.0,"damage_taken":14.0,"cards_upgraded":["Strike_G","Defend_G"]},{"damage_healed":0.0,"max_hp_gain":0.0,"max_hp_loss":0.0,"gold_gain":0.0,"event_name":"FaceTrader","player_choice":"Trade","floor":4.0,"gold_loss":0.0,"damage_taken":0.0,"relics_obtained":["FaceOfCleric"]},{"damage_healed":0.0,"max_hp_gain":0.0,"max_hp_loss":0.0,"gold_gain":100.0,"event_name":"Golden Shrine","player_choice":"Pray","floor":21.0,"gold_loss":0.0,"damage_taken":0.0},{"damage_healed":0.0,"max_hp_gain":0.0,"max_hp_loss":0.0,"gold_gain":0.0,"event_name":"SensoryStone","player_choice":"Memory 3","floor":39.0,"gold_loss":0.0,"damage_taken":10.0},{"damage_healed":0,"gold_gain":0,"player_choice":"Ignored","damage_taken":0,"max_hp_gain":0,"max_hp_loss":0,"event_name":"The Moai Head","floor":42,"gold_loss":0},{"damage_healed":0,"gold_gain":0,"player_choice":"Paid","damage_taken":0,"relics_obtained":["Red Mask"],"max_hp_gain":0,"max_hp_loss":0,"event_name":"Tomb of Lord Red Mask","floor":48,"gold_loss":125}],"is_beta":false,"boss_relics":[{"not_picked":["Black Star","Busted Crown"],"picked":"Runic Pyramid"},{"not_picked":["Runic Dome","Coffee Dripper"],"picked":"Ring of the Serpent"}],"items_purged_floors":[19,30,37],"is_endless":false,"potions_floor_spawned":[1,7,10,14,20,23,35,38,47],"ascension_level":0}