{"gold_per_floor":[14,30,30,30,47,73,73,89,112,123,123,53,81,101,101,197,247,257,277,277,288,301,334,334,434,457,469,481,513,538,560,572,584],"floor_reached":33,"playtime":2414,"items_purged":[],"score":404,"play_id":"ef64a7bd-362a-497a-b984-93e45de739db","local_time":"20190304225803","is_ascension_mode":true,"campfire_choices":[{"data":"Double Tap","floor":7,"key":"SMITH"},{"data":"Inflame","floor":11,"key":"SMITH"},{"data":"Metallicize","floor":15,"key":"SMITH"},{"floor":24,"key":"REST"},{"data":"Metallicize","floor":27,"key":"SMITH"},{"floor":32,"key":"REST"}],"neow_cost":"NO_GOLD","seed_source_timestamp":90146040985484,"circlet_count":0,"master_deck":["Strike_R","Strike_R","Strike_R+1","Defend_R+1","Defend_R","Defend_R","Bash","Intimidate","Intimidate","Clash","Inflame+1","Sentinel","Twin Strike+1","Double Tap+1","Clash","Iron Wave","Metallicize+1","Iron Wave+1","Twin Strike","Feed","Pummel","Uppercut+1","Armaments+1","Metallicize+1","Spot Weakness","Inflame","Headbutt","Heavy Blade","Armaments+1"],"relics":["Burning Blood","Red Skull","Whetstone","Tiny House","Strawberry","Magic Flower","Matryoshka","Toxic Egg 2","MawBank","Nloth\u0027s Gift"],"potions_floor_usage":[16,19,22,25,31,31,33],"damage_taken":[{"damage":3,"enemies":"Cultist","floor":1,"turns":4},{"damage":5,"enemies":"2 Louse","floor":2,"turns":2},{"damage":0,"enemies":"Jaw Worm","floor":5,"turns":4},{"damage":39,"enemies":"Gremlin Nob","floor":6,"turns":5},{"damage":7,"enemies":"2 Fungi Beasts","floor":8,"turns":2},{"damage":0,"enemies":"Red Slaver","floor":10,"turns":2},{"damage":19,"enemies":"3 Sentries","floor":13,"turns":5},{"damage":1,"enemies":"3 Louse","floor":14,"turns":3},{"damage":9,"enemies":"Slime Boss","floor":16,"turns":7},{"damage":15,"enemies":"Shell Parasite","floor":18,"turns":4},{"damage":11,"enemies":"2 Thieves","floor":19,"turns":3},{"damage":7,"enemies":"Snecko","floor":21,"turns":3},{"damage":15,"enemies":"Snake Plant","floor":22,"turns":2},{"damage":27,"enemies":"Slavers","floor":23,"turns":6},{"damage":20,"enemies":"Colosseum Slavers","floor":25,"turns":5},{"damage":0,"enemies":"Colosseum Nobs","floor":25,"turns":4},{"damage":52,"enemies":"3 Cultists","floor":29,"turns":7},{"damage":15,"enemies":"Snecko","floor":30,"turns":4},{"damage":14,"enemies":"Shelled Parasite and Fungi","floor":31,"turns":5},{"damage":58,"enemies":"Automaton","floor":33,"turns":6}],"seed_played":"2190467095758817306","potions_obtained":[{"floor":8,"key":"Dexterity Potion"},{"floor":10,"key":"Fire Potion"},{"floor":13,"key":"Dexterity Potion"},{"floor":17,"key":"Poison Potion"},{"floor":18,"key":"Weak Potion"},{"floor":25,"key":"Ancient Potion"},{"floor":30,"key":"Dexterity Potion"},{"floor":31,"key":"EssenceOfSteel"}],"is_trial":false,"path_per_floor":["M","M","?","?","M","E","R","M","T","M","R","$","E","M","R","B",null,"M","M","?","M","M","E","R","?","T","R","?","M","M","M","R","B"],"character_chosen":"IRONCLAD","items_purchased":["Metallicize"],"campfire_rested":2,"item_purchase_floors":[12],"current_hp_per_floor":[75,76,76,76,80,47,47,46,46,52,52,52,39,44,44,41,75,66,61,61,60,51,37,64,63,63,63,63,25,19,19,50,0],"gold":584,"neow_bonus":"TRANSFORM_TWO_CARDS","is_prod":false,"is_daily":false,"chose_seed":false,"campfire_upgraded":4,"win_rate":0,"timestamp":1551769083,"path_taken":["M","?","?","?","M","E","R","M","T","M","R","$","E","M","R","BOSS","M","M","?","?","M","E","R","?","T","R","?","M","?","M","R","BOSS"],"build_version":"2019-01-23","purchased_purges":0,"victory":false,"max_hp_per_floor":[80,80,80,80,80,80,80,80,80,80,80,80,80,80,80,80,85,85,85,85,85,85,92,92,99,99,99,99,102,102,105,105,105],"card_choices":[{"not_picked":["Anger","Iron Wave"],"picked":"Clash","floor":1},{"not_picked":["Armaments","Heavy Blade"],"picked":"Inflame","floor":2},{"not_picked":["Burning Pact","Flame Barrier"],"picked":"Twin Strike","floor":5},{"not_picked":["Rampage","Clothesline"],"picked":"Double Tap","floor":6},{"not_picked":["Sword Boomerang","Iron Wave"],"picked":"Clash","floor":8},{"not_picked":["Rage","Second Wind"],"picked":"Iron Wave","floor":10},{"not_picked":["Reckless Charge","Anger"],"picked":"Iron Wave","floor":13},{"not_picked":["Cleave","Shockwave"],"picked":"Twin Strike","floor":14},{"not_picked":["Immolate","Juggernaut"],"picked":"Feed","floor":16},{"not_picked":["Sword Boomerang","Anger"],"picked":"Pummel","floor":17},{"not_picked":["Iron Wave","Reckless Charge+1"],"picked":"Uppercut+1","floor":18},{"not_picked":["Clothesline+1","Pommel Strike"],"picked":"Armaments+1","floor":19},{"not_picked":["Fire Breathing","Anger"],"picked":"Metallicize","floor":21},{"not_picked":["Warcry","Rampage"],"picked":"Spot Weakness","floor":22},{"not_picked":["Warcry+1","Iron Wave"],"picked":"Inflame","floor":23},{"not_picked":["Rampage+1","Uppercut+1"],"picked":"Headbutt","floor":25},{"not_picked":["Dark Embrace","Iron Wave"],"picked":"Heavy Blade","floor":29},{"not_picked":["Fire Breathing","Clothesline+1"],"picked":"Armaments+1","floor":30},{"not_picked":["Clothesline","Second Wind+1","Carnage"],"picked":"SKIP","floor":31}],"player_experience":396372,"relics_obtained":[{"floor":6,"key":"Red Skull"},{"floor":9,"key":"Whetstone"},{"floor":13,"key":"Centennial Puzzle"},{"floor":23,"key":"Strawberry"},{"floor":25,"key":"Magic Flower"},{"floor":25,"key":"Matryoshka"},{"floor":26,"key":"Toxic Egg 2"},{"floor":26,"key":"MawBank"}],"event_choices":[{"damage_healed":0,"gold_gain":0,"player_choice":"Leave","damage_taken":0,"max_hp_gain":0,"max_hp_loss":0,"event_name":"The Cleric","floor":3,"gold_loss":0},{"damage_healed":0,"gold_gain":0,"cards_transformed":["Strike_R"],"player_choice":"Change","damage_taken":0,"max_hp_gain":0,"max_hp_loss":0,"event_name":"Living Wall","floor":4,"gold_loss":0,"cards_obtained":["Sentinel"]},{"damage_healed":0,"gold_gain":0,"player_choice":"Upgraded","damage_taken":0,"max_hp_gain":0,"max_hp_loss":0,"event_name":"Upgrade Shrine","floor":20,"gold_loss":0,"cards_upgraded":["Iron Wave"]},{"damage_healed":0,"gold_gain":0,"player_choice":"Fight","damage_taken":0,"max_hp_gain":0,"max_hp_loss":0,"event_name":"Colosseum","floor":25,"gold_loss":0},{"damage_healed":0,"gold_gain":0,"player_choice":"Fought Nobs","damage_taken":0,"max_hp_gain":0,"max_hp_loss":0,"event_name":"Colosseum","floor":25,"gold_loss":0},{"damage_healed":0,"gold_gain":0,"player_choice":"Traded Relic","damage_taken":0,"relics_obtained":["Nloth\u0027s Gift"],"max_hp_gain":0,"max_hp_loss":0,"event_name":"N\u0027loth","floor":28,"relics_lost":["Centennial Puzzle"],"gold_loss":0}],"is_beta":false,"boss_relics":[{"not_picked":["Pandora\u0027s Box","Runic Pyramid"],"picked":"Tiny House"}],"items_purged_floors":[],"is_endless":false,"potions_floor_spawned":[8,10,13,18,25,25,30,31],"killed_by":"Automaton","ascension_level":7}