{"gold_per_floor":[110,15,28,45,45,45,60,60,87,98,98,98,117,117,117,117],"floor_reached":16,"playtime":572,"items_purged":[],"score":184,"play_id":"47ee830e-e906-4493-83d0-756fa0f6104b","local_time":"20190313101906","is_ascension_mode":true,"campfire_choices":[{"data":"Footwork","floor":6,"key":"SMITH"},{"data":"Purity","floor":8,"key":"SMITH"},{"data":"Neutralize","floor":11,"key":"SMITH"},{"floor":15,"key":"REST"}],"neow_cost":"NONE","seed_source_timestamp":578818506676534,"circlet_count":0,"master_deck":["AscendersBane","Defend_G","Defend_G","Defend_G","Defend_G","Defend_G+1","Strike_G","Strike_G","Strike_G","Strike_G","Survivor","Neutralize+1","Purity+1","Blade Dance+1","Flash of Steel","Footwork+1","Parasite"],"relics":["Ring of the Snake","Boot"],"potions_floor_usage":[7,10],"damage_taken":[{"damage":3,"enemies":"Cultist","floor":1,"turns":4},{"damage":1,"enemies":"Jaw Worm","floor":3,"turns":3},{"damage":0,"enemies":"2 Louse","floor":4,"turns":5},{"damage":15,"enemies":"Exordium Wildlife","floor":7,"turns":9},{"damage":13,"enemies":"3 Louse","floor":10,"turns":5},{"damage":2,"enemies":"Blue Slaver","floor":13,"turns":5},{"damage":42,"enemies":"The Guardian","floor":16,"turns":7}],"seed_played":"-1042001099385751718","potions_obtained":[{"floor":4,"key":"Weak Potion"},{"floor":7,"key":"Swift Potion"}],"is_trial":false,"path_per_floor":["M","$","M","M","?","R","M","R","T","M","R","?","M","?","R","B"],"character_chosen":"THE_SILENT","items_purchased":["Flash of Steel"],"campfire_rested":1,"item_purchase_floors":[2],"current_hp_per_floor":[56,56,55,55,55,55,40,40,40,27,27,43,41,21,40,0],"gold":117,"neow_bonus":"RANDOM_COLORLESS","is_prod":false,"is_daily":false,"chose_seed":false,"campfire_upgraded":3,"win_rate":0,"timestamp":1552468746,"path_taken":["M","$","M","M","?","R","?","R","T","M","R","?","M","?","R","BOSS"],"build_version":"2019-01-23","purchased_purges":0,"victory":false,"max_hp_per_floor":[66,66,66,66,66,66,66,66,66,66,66,66,66,66,66,66],"card_choices":[{"not_picked":["Deflect","Bouncing Flask"],"picked":"Blade Dance","floor":1},{"not_picked":["Reflex","Slice"],"picked":"Footwork","floor":3},{"not_picked":["Quick Slash","Cloak And Dagger","Slice"],"picked":"SKIP","floor":4},{"not_picked":["Riddle With Holes","Acrobatics","Reflex"],"picked":"SKIP","floor":7},{"not_picked":["Blade Dance","Cloak And Dagger","Dodge and Roll"],"picked":"SKIP","floor":10},{"not_picked":["Blade Dance","Underhanded Strike","Night Terror"],"picked":"SKIP","floor":13}],"player_experience":992456,"relics_obtained":[{"floor":9,"key":"Boot"}],"event_choices":[{"cards_removed":["Strike_G"],"damage_healed":0,"gold_gain":0,"player_choice":"Offered Basic","damage_taken":0,"max_hp_gain":0,"max_hp_loss":0,"event_name":"Bonfire Elementals","floor":5,"gold_loss":0},{"damage_healed":16,"gold_gain":0,"player_choice":"Healed and dodged fight","damage_taken":0,"max_hp_gain":0,"max_hp_loss":0,"event_name":"Mushrooms","floor":12,"gold_loss":0,"cards_obtained":["Parasite"]},{"damage_healed":0,"gold_gain":0,"player_choice":"Entered Light","damage_taken":20,"max_hp_gain":0,"max_hp_loss":0,"event_name":"Shining Light","floor":14,"gold_loss":0,"cards_upgraded":["Defend_G","Blade Dance"]}],"is_beta":false,"boss_relics":[],"items_purged_floors":[],"is_endless":false,"potions_floor_spawned":[4,7],"killed_by":"The Guardian","ascension_level":20}