{"gold_per_floor":[113,25,125,137,148,177,177,212,212,50,50,50,50,64,64,166,166,183,183],"floor_reached":19,"playtime":467,"items_purged":["Strike_R"],"score":201,"play_id":"2f1dc676-1b0a-4e93-bc6e-403505175d18","local_time":"20190222123257","is_ascension_mode":true,"campfire_choices":[{"data":"Discovery","floor":7,"key":"SMITH"},{"data":"Flash of Steel","floor":11,"key":"SMITH"},{"data":"Spot Weakness","floor":13,"key":"SMITH"},{"floor":15,"key":"REST"}],"neow_cost":"NONE","seed_source_timestamp":238814900366131,"circlet_count":0,"master_deck":["Strike_R","Strike_R","Strike_R","Strike_R+1","Defend_R","Defend_R","Defend_R","Defend_R","Bash","True Grit+1","Discovery+1","Battle Trance","Clothesline","Spot Weakness+1","Flash of Steel+1","Armaments","Offering","Flame Barrier"],"relics":["Burning Blood","NeowsBlessing","Mummified Hand","Sundial","Mercury Hourglass","Velvet Choker"],"potions_floor_usage":[18],"damage_taken":[{"damage":0,"enemies":"Jaw Worm","floor":1,"turns":1},{"damage":0,"enemies":"Cultist","floor":4,"turns":1},{"damage":0,"enemies":"Small Slimes","floor":5,"turns":1},{"damage":33,"enemies":"Gremlin Nob","floor":6,"turns":5},{"damage":30,"enemies":"Lagavulin","floor":8,"turns":5},{"damage":2,"enemies":"2 Fungi Beasts","floor":14,"turns":3},{"damage":21,"enemies":"Hexaghost","floor":16,"turns":6},{"damage":34,"enemies":"Spheric Guardian","floor":18,"turns":4},{"damage":0,"enemies":"Shell Parasite","floor":19,"turns":1}],"seed_played":"8485085030855103235","potions_obtained":[{"floor":6,"key":"Energy Potion"},{"floor":8,"key":"AttackPotion"},{"floor":14,"key":"Weak Potion"}],"is_trial":false,"path_per_floor":["M","$","?","M","M","E","R","E","T","$","R","?","R","M","R","B",null,"M","M"],"character_chosen":"IRONCLAD","items_purchased":["Discovery","Flash of Steel"],"campfire_rested":1,"item_purchase_floors":[2,10],"current_hp_per_floor":[80,80,80,80,80,53,53,29,29,29,29,13,13,17,41,26,80,52,52],"gold":183,"neow_bonus":"THREE_ENEMY_KILL","is_prod":false,"is_daily":false,"chose_seed":false,"campfire_upgraded":3,"win_rate":0,"timestamp":1550860377,"path_taken":["M","$","?","?","M","E","R","E","T","$","R","?","R","M","R","BOSS","M","M"],"build_version":"2019-01-23","purchased_purges":1,"victory":false,"max_hp_per_floor":[80,80,80,80,80,80,80,80,80,80,80,80,80,80,80,80,80,80,80],"card_choices":[{"not_picked":["Body Slam","Blood for Blood"],"picked":"True Grit","floor":1},{"not_picked":["Pommel Strike","Perfected Strike"],"picked":"Battle Trance","floor":4},{"not_picked":["Flex","Headbutt"],"picked":"Clothesline","floor":5},{"not_picked":["Uppercut","Rupture"],"picked":"Spot Weakness","floor":6},{"not_picked":["Second Wind","Body Slam","Uppercut"],"picked":"SKIP","floor":8},{"not_picked":["Cleave","Rupture"],"picked":"Armaments","floor":14},{"not_picked":["Brutality","Berserk"],"picked":"Offering","floor":16},{"not_picked":["Perfected Strike","Flex"],"picked":"Flame Barrier","floor":18}],"player_experience":208185,"relics_obtained":[{"floor":6,"key":"Mummified Hand"},{"floor":8,"key":"Sundial"},{"floor":9,"key":"Mercury Hourglass"}],"event_choices":[{"damage_healed":0,"gold_gain":100,"player_choice":"Pray","damage_taken":0,"max_hp_gain":0,"max_hp_loss":0,"event_name":"Golden Shrine","floor":3,"gold_loss":0},{"damage_healed":0,"gold_gain":0,"player_choice":"Entered Light","damage_taken":16,"max_hp_gain":0,"max_hp_loss":0,"event_name":"Shining Light","floor":12,"gold_loss":0,"cards_upgraded":["Strike_R","True Grit"]}],"is_beta":false,"boss_relics":[{"not_picked":["Fusion Hammer","White Beast Statue"],"picked":"Velvet Choker"}],"items_purged_floors":[10],"is_endless":false,"potions_floor_spawned":[6,8,14],"killed_by":"Shell Parasite","ascension_level":3}