{"gold_per_floor":[109,109,127,127,127,157,176,203,203,223,64,96,113,113,113,216,216,226,246,276,291,306,332,332,358,408,408,421,421,2,2,2,2],"floor_reached":33,"playtime":1754,"items_purged":["Writhe"],"score":355,"play_id":"35a02111-8deb-4705-aa49-045ea322459d","local_time":"20190117160904","is_ascension_mode":false,"campfire_choices":[{"data":"Hologram","floor":15,"key":"SMITH"},{"data":"Fission","floor":24,"key":"SMITH"},{"floor":29,"key":"REST"},{"data":"Hologram","floor":32,"key":"SMITH"}],"neow_cost":"NONE","seed_source_timestamp":1042358314706547,"circlet_count":0,"master_deck":["Defend_B","Defend_B","Defend_B","Zap+1","Dualcast","Rip and Tear","FTL","Gash","Redo","Loop","Hologram+1","Echo Form","Self Repair","Cold Snap","Electrodynamics","Reprogram","Consume","Amplify","Fission+1","Conserve Battery+1","Bite","Bite","Bite","Bite","Bite","Melter","Hologram+1","Bandage Up","Ghostly","Ghostly","Ghostly","Ghostly","Ghostly"],"relics":["Cracked Core","Bottled Flame","Meat on the Bone","Centennial Puzzle","Pear","Orichalcum","Torii","Lizard Tail","Tiny Chest","Pocketwatch","Anchor","Dream Catcher","PreservedInsect"],"potions_floor_usage":[12,22,22,23,23],"damage_taken":[{"damage":1,"enemies":"Jaw Worm","floor":1,"turns":3},{"damage":2,"enemies":"2 Louse","floor":3,"turns":2},{"damage":31,"enemies":"Lagavulin","floor":6,"turns":4},{"damage":0,"enemies":"Small Slimes","floor":7,"turns":2},{"damage":31,"enemies":"3 Sentries","floor":8,"turns":6},{"damage":18,"enemies":"Gremlin Gang","floor":10,"turns":3},{"damage":26,"enemies":"Lagavulin","floor":12,"turns":5},{"damage":13,"enemies":"Exordium Wildlife","floor":13,"turns":4},{"damage":5,"enemies":"Hexaghost","floor":16,"turns":8},{"damage":1,"enemies":"Chosen","floor":18,"turns":4},{"damage":9,"enemies":"Shell Parasite","floor":19,"turns":5},{"damage":48,"enemies":"Snecko","floor":21,"turns":7},{"damage":29,"enemies":"Snake Plant","floor":22,"turns":4},{"damage":39,"enemies":"Slavers","floor":23,"turns":6},{"damage":81,"enemies":"Book of Stabbing","floor":25,"turns":8},{"damage":8,"enemies":"3 Cultists","floor":28,"turns":4},{"damage":55,"enemies":"Collector","floor":33,"turns":6}],"seed_played":"-168434380399986841","potions_obtained":[{"floor":7,"key":"Fire Potion"},{"floor":10,"key":"Regen Potion"},{"floor":13,"key":"SteroidPotion"},{"floor":16,"key":"Ancient Potion"},{"floor":18,"key":"Ancient Potion"},{"floor":22,"key":"Block Potion"}],"is_trial":false,"path_per_floor":["M","?","M","?","T","E","M","E","T","M","$","E","M","?","R","B",null,"M","M","?","M","M","E","R","E","T","?","M","R","$","?","R","B"],"character_chosen":"DEFECT","items_purchased":["Echo Form","Swift Potion","Hologram","Bandage Up","PreservedInsect"],"campfire_rested":1,"item_purchase_floors":[11,30,30,30,30],"current_hp_per_floor":[81,81,79,63,63,32,44,25,35,29,29,29,42,42,42,49,92,91,92,92,70,60,33,33,13,13,13,19,38,38,32,32,0],"gold":2,"neow_bonus":"TEN_PERCENT_HP_BONUS","is_prod":false,"is_daily":false,"chose_seed":false,"campfire_upgraded":3,"win_rate":0.0,"timestamp":1547759344,"path_taken":["M","?","M","?","?","E","?","E","T","M","$","E","M","?","R","BOSS","M","?","?","M","M","E","R","E","T","?","M","R","?","?","R","BOSS"],"build_version":"2019-01-10","purchased_purges":1,"victory":false,"max_hp_per_floor":[82,82,82,82,82,82,82,82,92,92,92,92,92,92,92,92,92,92,92,92,92,92,92,92,92,92,64,64,64,64,32,32,32],"card_choices":[{"not_picked":["Rebound","Steam","Tempest"],"picked":"SKIP","floor":1},{"not_picked":["Hello World","Cold Snap"],"picked":"FTL","floor":3},{"not_picked":["Steam","Turbo"],"picked":"Gash","floor":6},{"not_picked":["Static Discharge","Streamline"],"picked":"Redo","floor":7},{"not_picked":["Steam","Melter"],"picked":"Loop","floor":8},{"not_picked":["Conserve Battery","Heatsinks"],"picked":"Hologram","floor":10},{"not_picked":["Tempest","Loop"],"picked":"Self Repair","floor":12},{"not_picked":["Leap","Storm"],"picked":"Cold Snap","floor":13},{"not_picked":["Core Surge","Rainbow"],"picked":"Electrodynamics","floor":16},{"not_picked":["Go for the Eyes","Rebound"],"picked":"Reprogram","floor":18},{"not_picked":["Turbo","Hello World+1","Doom and Gloom"],"picked":"SKIP","floor":19},{"not_picked":["Leap","Coolheaded"],"picked":"Consume","floor":21},{"not_picked":["Stack","Coolheaded+1"],"picked":"Amplify","floor":22},{"not_picked":["Steam","Turbo+1"],"picked":"Fission","floor":23},{"not_picked":["Genetic Algorithm+1","Steam+1"],"picked":"Conserve Battery+1","floor":25},{"not_picked":["Reinforced Body+1","Stack","Redo"],"picked":"SKIP","floor":28},{"not_picked":["Steam+1","Static Discharge"],"picked":"Melter","floor":29}],"player_experience":61287,"relics_obtained":[{"floor":5,"key":"Bottled Flame"},{"floor":6,"key":"Meat on the Bone"},{"floor":8,"key":"Centennial Puzzle"},{"floor":9,"key":"Pear"},{"floor":12,"key":"Orichalcum"},{"floor":23,"key":"Pocketwatch"},{"floor":25,"key":"Anchor"},{"floor":26,"key":"Dream Catcher"}],"event_choices":[{"damage_healed":0,"gold_gain":0,"cards_transformed":["Defend_B"],"player_choice":"Change","damage_taken":0,"max_hp_gain":0,"max_hp_loss":0,"event_name":"Living Wall","floor":2,"gold_loss":0,"cards_obtained":["Rip and Tear"]},{"damage_healed":0,"gold_gain":0,"player_choice":"Entered Light","damage_taken":16,"max_hp_gain":0,"max_hp_loss":0,"event_name":"Shining Light","floor":4,"gold_loss":0,"cards_upgraded":["Zap","Strike_B"]},{"damage_healed":0,"gold_gain":0,"player_choice":"Gave Potion","damage_taken":0,"relics_obtained":["Torii"],"max_hp_gain":0,"max_hp_loss":0,"event_name":"WeMeetAgain","floor":14,"gold_loss":0},{"damage_healed":0,"gold_gain":0,"player_choice":"Opened","damage_taken":0,"relics_obtained":["Tiny Chest"],"max_hp_gain":0,"max_hp_loss":0,"event_name":"The Mausoleum","floor":20,"gold_loss":0,"cards_obtained":["Writhe"]},{"damage_healed":0,"gold_gain":0,"player_choice":"Became a vampire","damage_taken":0,"max_hp_gain":0,"max_hp_loss":28,"event_name":"Vampires","floor":27,"gold_loss":0,"cards_obtained":["Bite","Bite","Bite","Bite","Bite"]},{"damage_healed":0,"gold_gain":0,"player_choice":"Became a Ghost","damage_taken":0,"max_hp_gain":0,"max_hp_loss":32,"event_name":"Ghosts","floor":31,"gold_loss":0,"cards_obtained":["Ghostly","Ghostly","Ghostly","Ghostly","Ghostly"]}],"is_beta":false,"boss_relics":[{"not_picked":["Orrery","Fusion Hammer"],"picked":"Lizard Tail"}],"items_purged_floors":[30],"is_endless":false,"potions_floor_spawned":[7,10,13,16,18,22],"killed_by":"Collector","ascension_level":0}