{"gold_per_floor":[112,129,144,144,44,76,76,46,124,24,37,37,50,68,68,68],"floor_reached":16,"playtime":1189,"items_purged":["Defend_R","Strike_R"],"score":102,"play_id":"805907d9-162d-4788-be53-47359ae7cb71","local_time":"20180712224021","is_ascension_mode":false,"campfire_choices":[{"floor":7,"key":"REST"},{"data":"Armaments","floor":12,"key":"SMITH"},{"data":"Anger","floor":15,"key":"SMITH"}],"neow_cost":"FIFTY_PERCENT_DAMAGE","seed_source_timestamp":7468805022734,"circlet_count":0,"master_deck":["Strike_R","Strike_R","Strike_R","Defend_R","Defend_R","Bash","Warcry","Ghostly Armor","Blood for Blood","Armaments+1","Warcry","Cleave","Limit Break","Iron Wave","Anger+1"],"relics":["Burning Blood","Bag of Preparation","Bottled Flame"],"potions_floor_usage":[16],"damage_taken":[{"damage":5,"enemies":"Cultist","floor":1,"turns":4},{"damage":2,"enemies":"Small Slimes","floor":2,"turns":4},{"damage":6,"enemies":"Jaw Worm","floor":3,"turns":5},{"damage":31,"enemies":"3 Sentries","floor":6,"turns":10},{"damage":5,"enemies":"Looter","floor":8,"turns":4},{"damage":23,"enemies":"Exordium Thugs","floor":11,"turns":5},{"damage":5,"enemies":"Large Slime","floor":13,"turns":6},{"damage":0,"enemies":"Looter","floor":14,"turns":4},{"damage":77,"enemies":"The Guardian","floor":16,"turns":11}],"seed_played":"-8977183286111511171","potions_obtained":[{"floor":2,"key":"Strength Potion"},{"floor":3,"key":"FairyPotion"},{"floor":6,"key":"Ancient Potion"}],"is_trial":false,"path_per_floor":["M","M","M","?","$","E","R","M","T","$","M","R","M","M","R"],"character_chosen":"IRONCLAD","items_purchased":["Armaments"],"campfire_rested":1,"item_purchase_floors":[5],"current_hp_per_floor":[41,45,45,71,71,46,70,71,71,71,54,54,55,61,61,0],"gold":68,"neow_bonus":"REMOVE_TWO","is_prod":false,"is_daily":false,"chose_seed":false,"campfire_upgraded":2,"win_rate":0,"timestamp":1531460421,"path_taken":["M","?","M","?","$","E","R","M","T","$","M","R","M","M","R","BOSS"],"build_version":"2018-07-12","purchased_purges":2,"victory":false,"max_hp_per_floor":[80,80,80,80,80,80,80,80,80,80,80,80,80,80,80,80],"card_choices":[{"not_picked":["Thunderclap","Intimidate"],"picked":"Warcry","floor":1},{"not_picked":["Hemokinesis","Twin Strike"],"picked":"Ghostly Armor","floor":2},{"not_picked":["Cleave","True Grit"],"picked":"Blood for Blood","floor":3},{"not_picked":["Thunderclap","True Grit"],"picked":"Warcry","floor":6},{"not_picked":["Wild Strike","Body Slam"],"picked":"Cleave","floor":8},{"not_picked":["Shrug It Off","Battle Trance"],"picked":"Limit Break","floor":11},{"not_picked":["Body Slam","Twin Strike"],"picked":"Iron Wave","floor":13},{"not_picked":["Iron Wave","Feel No Pain"],"picked":"Anger","floor":14}],"player_experience":22827,"relics_obtained":[{"floor":6,"key":"Bag of Preparation"},{"floor":9,"key":"Bottled Flame"}],"event_choices":[{"event_name":"Big Fish","player_choice":"Banana","floor":4,"damage_taken":0}],"boss_relics":[],"items_purged_floors":[5,10],"is_endless":false,"potions_floor_spawned":[2,3,6],"killed_by":"The Guardian","ascension_level":0}