{"gold_per_floor":[209,226,239,65,65,65,85,119,167,5,35,35,35,64,64,142,142,162,175,175,225,40,69,69,81,133,145,163,163,194,194,194,267,267,285,385,385,397,415,415,415,415,415,415,430,440,72,92,92,92],"floor_reached":51,"playtime":2486,"items_purged":["Strike_B","Strike_B","Strike_B"],"score":1493,"play_id":"6837f5fe-9ff6-4a5f-b5c5-66b528f2aa34","local_time":"20190305141315","is_ascension_mode":true,"campfire_choices":[{"data":"Genetic Algorithm","floor":6.0,"key":"SMITH"},{"data":"Defragment","floor":12.0,"key":"SMITH"},{"floor":15.0,"key":"REST"},{"floor":24.0,"key":"REST"},{"floor":29.0,"key":"REST"},{"floor":32.0,"key":"REST"},{"floor":40.0,"key":"REST"},{"floor":42.0,"key":"RECALL"},{"floor":49,"key":"REST"}],"neow_cost":"NONE","seed_source_timestamp":300287559007773,"circlet_count":0,"master_deck":["AscendersBane","Strike_B","Defend_B","Defend_B","Defend_B","Defend_B","Zap","BootSequence","Cold Snap","Genetic Algorithm+1","Defragment+1","Glacier","Sweeping Beam","Defragment+1","Buffer","Recycle","Rainbow","Leap+1","Loop","Self Repair","Core Surge","Capacitor","Biased Cognition","Reboot","Reinforced Body","Loop","Barrage+1","Blind","Seek"],"special_seed":0,"relics":["Cracked Core","Question Card","Pen Nib","Happy Flower","Ancient Tea Set","Fusion Hammer","Enchiridion","PreservedInsect","Orichalcum","Pear","Orrery","Du-Vu Doll","Oddly Smooth Stone"],"potions_floor_usage":[48],"damage_taken":[{"damage":1.0,"enemies":"Cultist","floor":1.0,"turns":3.0},{"damage":0.0,"enemies":"2 Louse","floor":2.0,"turns":1.0},{"damage":0.0,"enemies":"Small Slimes","floor":3.0,"turns":3.0},{"damage":0.0,"enemies":"2 Fungi Beasts","floor":7.0,"turns":4.0},{"damage":13.0,"enemies":"Gremlin Nob","floor":8.0,"turns":8.0},{"damage":13.0,"enemies":"3 Sentries","floor":11.0,"turns":6.0},{"damage":23.0,"enemies":"Gremlin Nob","floor":14.0,"turns":5.0},{"damage":0.0,"enemies":"Slime Boss","floor":16.0,"turns":11.0},{"damage":0.0,"enemies":"3 Byrds","floor":18.0,"turns":7.0},{"damage":4.0,"enemies":"Spheric Guardian","floor":19.0,"turns":7.0},{"damage":8.0,"enemies":"Slavers","floor":23.0,"turns":6.0},{"damage":2.0,"enemies":"Centurion and Healer","floor":25.0,"turns":5.0},{"damage":0.0,"enemies":"3 Cultists","floor":27.0,"turns":3.0},{"damage":36.0,"enemies":"Chosen and Byrds","floor":28.0,"turns":7.0},{"damage":10.0,"enemies":"Gremlin Leader","floor":30.0,"turns":7.0},{"damage":0.0,"enemies":"Champ","floor":33.0,"turns":10.0},{"damage":0.0,"enemies":"3 Shapes","floor":35.0,"turns":6.0},{"damage":0.0,"enemies":"Mind Bloom Boss Battle","floor":36.0,"turns":9.0},{"damage":1.0,"enemies":"Orb Walker","floor":38.0,"turns":3.0},{"damage":12.0,"enemies":"3 Darklings","floor":39.0,"turns":5.0},{"damage":21.0,"enemies":"Maw","floor":45.0,"turns":7.0},{"damage":28.0,"enemies":"4 Shapes","floor":46.0,"turns":5.0},{"damage":23,"enemies":"Sphere and 2 Shapes","floor":48,"turns":8},{"damage":16,"enemies":"Time Eater","floor":50,"turns":15}],"seed_played":"-4803816829531835961","potions_obtained":[{"floor":3.0,"key":"Explosive Potion"},{"floor":14.0,"key":"Fire Potion"},{"floor":16.0,"key":"PowerPotion"},{"floor":19.0,"key":"GamblersBrew"},{"floor":23.0,"key":"Poison Potion"},{"floor":27.0,"key":"SkillPotion"},{"floor":35.0,"key":"Weak Potion"},{"floor":36.0,"key":"PowerPotion"}],"is_trial":false,"path_per_floor":["M","M","M","$","?","R","M","E","T","$","E","R","?","E","R","B",null,"M","M","?","?","$","E","R","M","T","M","M","R","E","?","R","B",null,"M","?","?","M","M","R","?","R","T","?","M","M","$","M","R","B",null],"character_chosen":"DEFECT","items_purchased":["Defragment","Glacier","Defragment","Regen Potion","Oddly Smooth Stone","Regen Potion"],"campfire_rested":6,"item_purchase_floors":[4,4,10,22,47,47],"current_hp_per_floor":[63,63,63,63,63,63,63,50,50,50,37,37,37,14,35,35,62,62,58,37,37,37,44,65,70,70,70,41,62,69,69,81,81,81,81,81,77,76,71,77,77,77,77,77,63,42,42,41,64,48],"gold":92,"neow_bonus":"HUNDRED_GOLD","is_prod":false,"is_daily":false,"chose_seed":false,"campfire_upgraded":2,"win_rate":0,"timestamp":1551791595,"path_taken":["M","M","?","$","?","R","M","E","T","$","E","R","?","E","R","BOSS","M","M","?","?","$","E","R","M","T","M","M","R","E","?","R","BOSS","M","?","?","M","M","R","?","R","T","?","M","M","$","M","R","BOSS"],"build_version":"2019-01-23","purchased_purges":3,"victory":true,"max_hp_per_floor":[71,71,71,71,71,71,71,71,71,71,71,71,71,71,71,71,71,71,71,71,71,71,71,71,71,71,71,71,71,81,81,81,81,81,81,81,77,77,77,77,77,77,77,77,77,77,77,77,77,77],"card_choices":[{"not_picked":["Turbo","Consume"],"picked":"BootSequence","floor":1.0},{"not_picked":["Beam Cell","Coolheaded"],"picked":"Cold Snap","floor":2.0},{"not_picked":["Gash","Steam Power"],"picked":"Genetic Algorithm","floor":3.0},{"not_picked":["Redo","Beam Cell","Double Energy"],"picked":"SKIP","floor":7.0},{"not_picked":["Gash","Conserve Battery"],"picked":"Sweeping Beam","floor":8.0},{"not_picked":["Sunder","Sweeping Beam","Steam Power"],"picked":"Buffer","floor":11.0},{"not_picked":["Storm","Stack","Compile Driver"],"picked":"Recycle","floor":14.0},{"not_picked":["All For One","Amplify","Thunder Strike"],"picked":"Rainbow","floor":16.0},{"not_picked":["Cold Snap","Sweeping Beam","Tempest"],"picked":"Leap+1","floor":18.0},{"not_picked":["Sweeping Beam","Barrage","Turbo"],"picked":"Loop","floor":19.0},{"not_picked":["Double Energy","Glacier+1","Steam"],"picked":"Self Repair","floor":23.0},{"not_picked":["Rip and Tear","Coolheaded","BootSequence"],"picked":"Core Surge","floor":25.0},{"not_picked":["BootSequence","Undo","Conserve Battery","Double Energy"],"picked":"SKIP","floor":27.0},{"not_picked":["Sweeping Beam+1","Streamline","Gash","Turbo"],"picked":"SKIP","floor":28.0},{"not_picked":["Leap+1","Steam Power","Steam"],"picked":"Capacitor","floor":30.0},{"not_picked":["All For One","Rainbow","Hyperbeam"],"picked":"Reboot","floor":33.0},{"not_picked":["Cold Snap","Skim","Compile Driver"],"picked":"Reinforced Body","floor":34.0},{"not_picked":["Storm","Steam+1","Double Energy","Streamline"],"picked":"SKIP","floor":35.0},{"not_picked":["Gash","Leap","Sweeping Beam+1"],"picked":"Loop","floor":36.0},{"not_picked":["Beam Cell+1","Chill","Steam"],"picked":"Barrage+1","floor":38.0},{"not_picked":["Aggregate","Chaos","Go for the Eyes","Turbo+1"],"picked":"SKIP","floor":39.0},{"not_picked":["PanicButton","Bandage Up","Trip"],"picked":"Blind","floor":44.0},{"not_picked":["Go for the Eyes","Ball Lightning","Double Energy","Streamline"],"picked":"SKIP","floor":45.0},{"not_picked":["Reinforced Body","Static Discharge","Cold Snap"],"picked":"Seek","floor":46.0},{"not_picked":["Beam Cell+1","Cold Snap","Leap","Sweeping Beam"],"picked":"SKIP","floor":48}],"player_experience":886233,"relics_obtained":[{"floor":8.0,"key":"Question Card"},{"floor":9.0,"key":"Pen Nib"},{"floor":11.0,"key":"Happy Flower"},{"floor":14.0,"key":"Ancient Tea Set"},{"floor":20.0,"key":"Enchiridion"},{"floor":23.0,"key":"PreservedInsect"},{"floor":26.0,"key":"Orichalcum"},{"floor":30.0,"key":"Pear"},{"floor":36.0,"key":"Du-Vu Doll"}],"event_choices":[{"damage_healed":0.0,"max_hp_gain":0.0,"max_hp_loss":0.0,"gold_gain":0.0,"event_name":"Living Wall","player_choice":"Grow","floor":5.0,"gold_loss":0.0,"damage_taken":0.0,"cards_upgraded":["Defragment"]},{"damage_healed":0.0,"max_hp_gain":0.0,"max_hp_loss":0.0,"gold_gain":0.0,"event_name":"Liars Game","player_choice":"Ignored","floor":13.0,"gold_loss":0.0,"damage_taken":0.0},{"damage_healed":0.0,"max_hp_gain":0.0,"max_hp_loss":0.0,"gold_gain":0.0,"event_name":"Cursed Tome","player_choice":"Obtained Book","floor":20.0,"gold_loss":0.0,"damage_taken":21.0},{"damage_healed":0.0,"max_hp_gain":0.0,"max_hp_loss":0.0,"gold_gain":50.0,"event_name":"Nest","player_choice":"Stole From Cult","floor":21.0,"gold_loss":0.0,"damage_taken":0.0},{"damage_healed":0.0,"max_hp_gain":0.0,"max_hp_loss":0.0,"gold_gain":0.0,"event_name":"The Library","player_choice":"Read","floor":31.0,"gold_loss":0.0,"damage_taken":0.0,"cards_obtained":["Biased Cognition"]},{"damage_healed":0.0,"max_hp_gain":0.0,"max_hp_loss":0.0,"gold_gain":0.0,"event_name":"MindBloom","player_choice":"Fight","floor":36.0,"gold_loss":0.0,"damage_taken":0.0},{"damage_healed":0.0,"max_hp_gain":0.0,"max_hp_loss":4.0,"gold_gain":0.0,"event_name":"Winding Halls","player_choice":"Max HP","floor":37.0,"gold_loss":0.0,"damage_taken":0.0},{"cards_removed":["Dualcast"],"damage_healed":0.0,"max_hp_gain":0.0,"max_hp_loss":0.0,"gold_gain":0.0,"event_name":"Falling","player_choice":"Removed Skill","floor":41.0,"gold_loss":0.0,"damage_taken":0.0},{"damage_healed":0.0,"max_hp_gain":0.0,"max_hp_loss":0.0,"gold_gain":0.0,"event_name":"SensoryStone","player_choice":"Memory 1","floor":44.0,"gold_loss":0.0,"damage_taken":0.0}],"is_beta":false,"boss_relics":[{"not_picked":["Lizard Tail","Eternal Feather"],"picked":"Fusion Hammer"},{"not_picked":["Tiny House","Pandora\u0027s Box"],"picked":"Orrery"}],"items_purged_floors":[10,22,47],"is_endless":false,"potions_floor_spawned":[3,14,16,19,23,27,28,35,36,38,39],"ascension_level":17}