{"gold_per_floor":[110,185,198,45,55,55,55,55,55,55,69,86,98,117,117,217,217,236,253,13,13,32,61,61,89,89,102,102,117,133,133,133,235,235,251,351,398,416,435,435,360,360,360,378,378,393,393,393,393,393,393,393,10,41,41],"floor_reached":55,"playtime":3135,"items_purged":["Strike_B","Strike_B"],"score":651,"play_id":"d5812607-b11e-4a29-9e25-562b24bbd343","local_time":"20190315143105","is_ascension_mode":false,"campfire_choices":[{"data":"Consume","floor":6,"key":"SMITH"},{"data":"Sunder","floor":8,"key":"SMITH"},{"data":"Loop","floor":10,"key":"SMITH"},{"floor":15,"key":"RECALL"},{"floor":24,"key":"REST"},{"floor":32,"key":"REST"},{"data":"Buffer","floor":40,"key":"SMITH"},{"floor":42,"key":"DIG"},{"floor":45,"key":"DIG"},{"data":"Go for the Eyes","floor":47,"key":"SMITH"},{"floor":49,"key":"DIG"},{"floor":52,"key":"DIG"}],"neow_cost":"NONE","seed_source_timestamp":180700265774574,"circlet_count":0,"master_deck":["Defend_B","Defend_B","Defend_B","Defend_B","Zap+1","Dualcast","Coolheaded","Sunder+1","Loop+1","Consume+1","Electrodynamics","Ball Lightning","Leap","Go for the Eyes+1","Buffer+1","Skim+1","Chill","Chill","Conserve Battery+1","Cold Snap","Creative AI","Compile Driver","Lockon+1","Glacier","Glacier+1","Blizzard+1","Purity"],"relics":["FrozenCore","Nuclear Battery","Cables","Question Card","Dream Catcher","Sundial","Pocketwatch","Shovel","Bottled Tornado","Smiling Mask","PreservedInsect","Mummified Hand","Symbiotic Virus","Bottled Lightning","Vajra"],"potions_floor_usage":[13,16,16,16,25,25,25,25,25,25,25,25,33,37,46,46,50],"damage_taken":[{"damage":0,"enemies":"2 Louse","floor":1,"turns":3},{"damage":0,"enemies":"Cultist","floor":3,"turns":3},{"damage":1,"enemies":"Jaw Worm","floor":5,"turns":2},{"damage":1,"enemies":"3 Louse","floor":11,"turns":2},{"damage":1,"enemies":"2 Fungi Beasts","floor":12,"turns":2},{"damage":0,"enemies":"Looter","floor":13,"turns":1},{"damage":0,"enemies":"Large Slime","floor":14,"turns":4},{"damage":14,"enemies":"Hexaghost","floor":16,"turns":8},{"damage":10,"enemies":"Spheric Guardian","floor":18,"turns":3},{"damage":7,"enemies":"Shell Parasite","floor":19,"turns":4},{"damage":14,"enemies":"Snake Plant","floor":22,"turns":4},{"damage":8,"enemies":"Gremlin Leader","floor":23,"turns":5},{"damage":24,"enemies":"Book of Stabbing","floor":25,"turns":4},{"damage":0,"enemies":"Centurion and Healer","floor":27,"turns":4},{"damage":4,"enemies":"Shelled Parasite and Fungi","floor":29,"turns":5},{"damage":0,"enemies":"Snake Plant","floor":30,"turns":4},{"damage":10,"enemies":"Automaton","floor":33,"turns":12},{"damage":3,"enemies":"Orb Walker","floor":35,"turns":6},{"damage":0,"enemies":"Mind Bloom Boss Battle","floor":36,"turns":9},{"damage":3,"enemies":"2 Orb Walkers","floor":37,"turns":4},{"damage":0,"enemies":"3 Shapes","floor":38,"turns":5},{"damage":6,"enemies":"Jaw Worm Horde","floor":39,"turns":6},{"damage":4,"enemies":"Spire Growth","floor":44,"turns":8},{"damage":0,"enemies":"Maw","floor":46,"turns":8},{"damage":54,"enemies":"Awakened One","floor":50,"turns":13},{"damage":30,"enemies":"Shield and Spear","floor":54,"turns":9},{"damage":80,"enemies":"The Heart","floor":55,"turns":8}],"seed_played":"4524320369970788973","potions_obtained":[{"floor":5,"key":"Poison Potion"},{"floor":12,"key":"Poison Potion"},{"floor":13,"key":"PowerPotion"},{"floor":14,"key":"Poison Potion"},{"floor":16,"key":"Strength Potion"},{"floor":19,"key":"Strength Potion"},{"floor":23,"key":"EntropicBrew"},{"floor":25,"key":"LiquidBronze"},{"floor":30,"key":"Energy Potion"},{"floor":33,"key":"Block Potion"},{"floor":38,"key":"SpeedPotion"},{"floor":44,"key":"FocusPotion"},{"floor":46,"key":"Strength Potion"}],"is_trial":false,"path_per_floor":["M","?","M","$","M","R","?","R","T","R","M","M","M","M","R","B",null,"M","M","$","?","M","E","R","E","T","M","?","M","M","?","R","B",null,"M","?","?","M","M","R","$","R","T","M","R","M","R","?","R","B",null,"R","$","E","B"],"character_chosen":"DEFECT","items_purchased":["Sunder","Loop","Cables","Bottled Lightning","Purity"],"campfire_rested":2,"item_purchase_floors":[4,4,20,53,53],"current_hp_per_floor":[75,64,64,64,63,63,63,63,63,63,62,61,61,61,61,47,75,65,58,58,58,44,36,58,34,34,34,34,30,30,16,40,30,80,77,77,74,74,68,68,68,68,68,64,64,64,64,64,64,10,80,80,80,50,0],"gold":41,"neow_bonus":"UPGRADE_CARD","is_prod":false,"is_daily":false,"chose_seed":false,"campfire_upgraded":5,"win_rate":0,"timestamp":1552685465,"path_taken":["M","?","M","$","M","R","?","R","T","R","M","?","M","?","R","BOSS","M","M","$","?","?","E","R","E","T","M","?","M","M","?","R","BOSS","M","?","?","M","M","R","$","R","T","M","R","M","R","?","R","BOSS","R","$","E","BOSS"],"build_version":"2019-01-23","purchased_purges":2,"victory":false,"max_hp_per_floor":[75,75,75,75,75,75,75,75,75,75,75,75,75,75,75,75,75,75,75,75,75,75,75,75,75,75,75,75,75,75,80,80,80,80,80,80,80,80,80,80,80,80,80,80,80,80,80,80,80,80,80,80,80,80,80],"card_choices":[{"not_picked":["Reprogram","Redo"],"picked":"Coolheaded","floor":1},{"not_picked":["Rebound","Chaos","Stack"],"picked":"SKIP","floor":3},{"not_picked":["Go for the Eyes","Skim"],"picked":"Consume","floor":5},{"not_picked":["Loop","Hologram"],"picked":"Electrodynamics","floor":11},{"not_picked":["Beam Cell","Steam"],"picked":"Ball Lightning","floor":12},{"not_picked":["Fusion","Barrage"],"picked":"Leap","floor":13},{"not_picked":["Streamline","Lockon"],"picked":"Go for the Eyes","floor":14},{"not_picked":["Seek","Machine Learning"],"picked":"Buffer","floor":16},{"not_picked":["Aggregate","BootSequence"],"picked":"Skim+1","floor":18},{"not_picked":["Double Energy","Gash"],"picked":"Chill","floor":19},{"not_picked":["Go for the Eyes","Beam Cell","Sweeping Beam"],"picked":"SKIP","floor":22},{"not_picked":["Redo","Chaos","Hologram"],"picked":"SKIP","floor":23},{"not_picked":["Beam Cell","Streamline+1","Meteor Strike","Gash"],"picked":"SKIP","floor":25},{"not_picked":["Double Energy","Rebound","Hologram"],"picked":"Conserve Battery+1","floor":27},{"not_picked":["Turbo","Doom and Gloom+1","Melter","Sweeping Beam"],"picked":"SKIP","floor":29},{"not_picked":["Rebound","Streamline","Conserve Battery"],"picked":"Cold Snap","floor":30},{"not_picked":["Buffer","Biased Cognition","Reboot"],"picked":"Creative AI","floor":33},{"not_picked":["Force Field","Rebound+1","Beam Cell+1"],"picked":"Compile Driver","floor":35},{"not_picked":["Heatsinks","Sunder+1","Streamline"],"picked":"Lockon+1","floor":36},{"not_picked":["Steam+1","Hello World+1","Static Discharge+1"],"picked":"Glacier","floor":37},{"not_picked":["Gash","Ball Lightning+1","Electrodynamics"],"picked":"Glacier+1","floor":38},{"not_picked":["Scrape+1","Rebound+1","Fusion","Darkness+1"],"picked":"SKIP","floor":39},{"not_picked":["Consume+1","Static Discharge","Hello World+1"],"picked":"Blizzard+1","floor":44},{"not_picked":["Go for the Eyes","Reinforced Body+1","Compile Driver+1","Coolheaded"],"picked":"SKIP","floor":46},{"not_picked":["Go for the Eyes+1","Compile Driver","Cold Snap","Beam Cell"],"picked":"SKIP","floor":54}],"player_experience":462749,"relics_obtained":[{"floor":23,"key":"Question Card"},{"floor":25,"key":"Dream Catcher"},{"floor":26,"key":"Sundial"},{"floor":36,"key":"Pocketwatch"},{"floor":37,"key":"Shovel"},{"floor":42,"key":"Bottled Tornado"},{"floor":43,"key":"Smiling Mask"},{"floor":45,"key":"PreservedInsect"},{"floor":49,"key":"Mummified Hand"},{"floor":52,"key":"Symbiotic Virus"},{"floor":54,"key":"Vajra"}],"event_choices":[{"damage_healed":0,"gold_gain":75,"player_choice":"Gather Gold","damage_taken":11,"max_hp_gain":0,"max_hp_loss":0,"event_name":"World of Goop","floor":2,"gold_loss":0},{"damage_healed":0,"gold_gain":0,"player_choice":"Bought 0 Potions","damage_taken":0,"max_hp_gain":0,"max_hp_loss":0,"event_name":"The Woman in Blue","floor":7,"gold_loss":0},{"damage_healed":0,"gold_gain":0,"cards_transformed":["Strike_B"],"player_choice":"Transformed","damage_taken":0,"max_hp_gain":0,"max_hp_loss":0,"event_name":"Transmorgrifier","floor":21,"gold_loss":0,"cards_obtained":["Chill"]},{"damage_healed":0,"gold_gain":0,"player_choice":"Ignored","damage_taken":0,"max_hp_gain":0,"max_hp_loss":0,"event_name":"Ghosts","floor":28,"gold_loss":0},{"damage_healed":0,"gold_gain":0,"player_choice":"Shed Blood","damage_taken":19,"max_hp_gain":5,"max_hp_loss":0,"event_name":"Forgotten Altar","floor":31,"gold_loss":0},{"damage_healed":0,"gold_gain":0,"player_choice":"Fight","damage_taken":0,"max_hp_gain":0,"max_hp_loss":0,"event_name":"MindBloom","floor":36,"gold_loss":0},{"damage_healed":0,"gold_gain":0,"player_choice":"Fight","damage_taken":0,"max_hp_gain":0,"max_hp_loss":0,"event_name":"Mysterious Sphere","floor":37,"gold_loss":0},{"cards_removed":["Strike_B"],"damage_healed":0,"gold_gain":0,"player_choice":"Purged","damage_taken":0,"max_hp_gain":0,"max_hp_loss":0,"event_name":"Purifier","floor":48,"gold_loss":0}],"is_beta":false,"boss_relics":[{"not_picked":["Orrery","Runic Pyramid"],"picked":"Nuclear Battery"},{"not_picked":["White Beast Statue","Snecko Eye"],"picked":"FrozenCore"}],"items_purged_floors":[41,53],"is_endless":false,"potions_floor_spawned":[5,12,13,14,16,19,23,25,30,33,36,38,44,46],"killed_by":"The Heart","ascension_level":0}