{"gold_per_floor":[119,133,144,68,85,85,110,110,110,127,162,127,196,214,214,316,316,328,328,345,361,14,14,49,67,67,94,193,82,82,162,162,267,267,281,281,298,346,25,25,25],"floor_reached":41,"playtime":1443,"items_purged":["Strike_G"],"score":549,"play_id":"5d760bf7-5a12-4b5d-a51e-adeed8cae990","local_time":"20190305133259","is_ascension_mode":true,"campfire_choices":[{"data":"Dash","floor":6.0,"key":"SMITH"},{"data":"Corpse Explosion","floor":8.0,"key":"SMITH"},{"floor":15.0,"key":"REST"},{"floor":23.0,"key":"REST"},{"data":"Noxious Fumes","floor":30,"key":"SMITH"},{"floor":32,"key":"REST"},{"floor":40,"key":"REST"}],"neow_cost":"PERCENT_DAMAGE","seed_source_timestamp":0,"circlet_count":0,"master_deck":["Defend_G","Defend_G","Defend_G","Defend_G","Strike_G","Strike_G","Strike_G","Strike_G","Survivor","Neutralize","Corpse Explosion+1","Dagger Spray","Deadly Poison","Poisoned Stab","Dash+1","Deadly Poison","Leg Sweep","Noxious Fumes+1","Crippling Poison","Deadly Poison","Malaise","Acrobatics","Footwork","Dodge and Roll","Corpse Explosion","Noxious Fumes","Sadistic Nature+1"],"special_seed":0,"relics":["Ring of the Serpent","Anchor","Prayer Wheel","Busted Crown","TwistedFunnel","Torii","Orichalcum","Kunai","Frozen Egg 2","Bird Faced Urn","Snake Skull"],"potions_floor_usage":[33,38,41],"damage_taken":[{"damage":1.0,"enemies":"2 Louse","floor":1.0,"turns":4.0},{"damage":0.0,"enemies":"Small Slimes","floor":2.0,"turns":2.0},{"damage":0.0,"enemies":"Cultist","floor":3.0,"turns":3.0},{"damage":1.0,"enemies":"3 Louse","floor":5.0,"turns":2.0},{"damage":12.0,"enemies":"3 Sentries","floor":7.0,"turns":4.0},{"damage":0.0,"enemies":"Exordium Wildlife","floor":10.0,"turns":5.0},{"damage":34.0,"enemies":"Gremlin Nob","floor":11.0,"turns":4.0},{"damage":1.0,"enemies":"Blue Slaver","floor":14.0,"turns":3.0},{"damage":31.0,"enemies":"Hexaghost","floor":16.0,"turns":9.0},{"damage":6.0,"enemies":"Shell Parasite","floor":18.0,"turns":5.0},{"damage":11.0,"enemies":"Spheric Guardian","floor":20.0,"turns":3.0},{"damage":10.0,"enemies":"Centurion and Healer","floor":21.0,"turns":4.0},{"damage":21.0,"enemies":"Book of Stabbing","floor":24.0,"turns":6.0},{"damage":0.0,"enemies":"Cultist and Chosen","floor":25.0,"turns":6.0},{"damage":1.0,"enemies":"Slavers","floor":27.0,"turns":3.0},{"damage":24,"enemies":"Collector","floor":33,"turns":11},{"damage":12,"enemies":"Orb Walker","floor":35,"turns":4},{"damage":2,"enemies":"3 Shapes","floor":37,"turns":3},{"damage":33,"enemies":"2 Orb Walkers","floor":38,"turns":7},{"damage":60,"enemies":"Giant Head","floor":41,"turns":8}],"seed_played":"1600964995148214019","potions_obtained":[{"floor":7.0,"key":"PowerPotion"},{"floor":10.0,"key":"GhostInAJar"},{"floor":14.0,"key":"PowerPotion"},{"floor":20.0,"key":"Poison Potion"},{"floor":24.0,"key":"Block Potion"},{"floor":25.0,"key":"SpeedPotion"},{"floor":33,"key":"Fire Potion"},{"floor":35,"key":"AttackPotion"}],"is_trial":false,"path_per_floor":["M","M","M","$","M","R","E","R","T","M","E","?","?","M","R","B",null,"M","?","M","M","$","R","E","M","T","E","?","$","R","T","R","B",null,"M","?","M","?","$","R","E"],"character_chosen":"THE_SILENT","items_purchased":["Dash","TwistedFunnel","Corpse Explosion","Noxious Fumes","Snake Skull","Sadistic Nature+1"],"campfire_rested":4,"item_purchase_floors":[4,22,22,29,39,39],"current_hp_per_floor":[48,48,48,48,47,47,35,35,35,35,1,18,18,17,38,7,54,48,48,37,27,27,48,27,27,27,26,26,26,26,26,47,23,58,46,46,44,11,11,32,0],"gold":25,"neow_bonus":"THREE_RARE_CARDS","is_prod":false,"is_daily":false,"chose_seed":false,"campfire_upgraded":3,"win_rate":0,"timestamp":1551814379,"path_taken":["M","M","M","$","M","R","E","R","T","M","E","?","?","M","R","BOSS","M","?","?","M","$","R","E","M","T","E","?","?","R","?","R","BOSS","M","?","M","?","$","R","E"],"build_version":"2019-01-23","purchased_purges":1,"victory":false,"max_hp_per_floor":[70,70,70,70,70,70,70,70,70,70,70,70,70,70,70,70,70,70,70,70,70,70,70,70,70,70,70,70,70,70,70,70,70,70,70,70,70,70,70,70,70],"card_choices":[{"not_picked":["Grand Finale","Venomology"],"picked":"Corpse Explosion","floor":0.0},{"not_picked":["Dodge and Roll","Outmaneuver"],"picked":"Dagger Spray","floor":1.0},{"not_picked":["Bouncing Flask","Distraction"],"picked":"Deadly Poison","floor":2.0},{"not_picked":["Blade Dance","Slice"],"picked":"Poisoned Stab","floor":3.0},{"not_picked":["Reflex","Choke"],"picked":"Deadly Poison","floor":5.0},{"not_picked":["Deadly Poison","PiercingWail"],"picked":"Leg Sweep","floor":7.0},{"not_picked":["Dodge and Roll","Flying Knee"],"picked":"Noxious Fumes","floor":10.0},{"not_picked":["Tools of the Trade","Quick Slash"],"picked":"Crippling Poison","floor":11.0},{"not_picked":["Slice","Poisoned Stab"],"picked":"Deadly Poison","floor":14.0},{"not_picked":["Dagger Spray","Slice","Reflex"],"picked":"SKIP","floor":14.0},{"not_picked":["A Thousand Cuts","Venomology"],"picked":"Malaise","floor":16.0},{"not_picked":[],"picked":"Acrobatics","floor":18.0},{"not_picked":["Accuracy"],"picked":"SKIP","floor":18.0},{"not_picked":["Sucker Punch"],"picked":"SKIP","floor":20.0},{"not_picked":["Flying Knee"],"picked":"SKIP","floor":20.0},{"not_picked":[],"picked":"Dodge and Roll","floor":21.0},{"not_picked":["Underhanded Strike"],"picked":"SKIP","floor":21.0},{"not_picked":["Dodge and Roll"],"picked":"SKIP","floor":24.0},{"not_picked":["Prepared"],"picked":"SKIP","floor":25.0},{"not_picked":["Quick Slash"],"picked":"SKIP","floor":25.0},{"not_picked":["Acrobatics"],"picked":"SKIP","floor":27.0},{"not_picked":["Prepared"],"picked":"SKIP","floor":35},{"not_picked":["Riddle With Holes+1"],"picked":"SKIP","floor":35},{"not_picked":["Acrobatics+1"],"picked":"SKIP","floor":37},{"not_picked":["Underhanded Strike"],"picked":"SKIP","floor":37}],"player_experience":313520,"relics_obtained":[{"floor":7.0,"key":"Anchor"},{"floor":11.0,"key":"Prayer Wheel"},{"floor":24.0,"key":"Torii"},{"floor":26.0,"key":"Orichalcum"},{"floor":27.0,"key":"Kunai"},{"floor":31,"key":"Frozen Egg 2"},{"floor":38,"key":"Bird Faced Urn"}],"event_choices":[{"damage_healed":17.0,"max_hp_gain":0.0,"max_hp_loss":0.0,"gold_gain":0.0,"event_name":"The Cleric","player_choice":"Healed","floor":12.0,"gold_loss":35.0,"damage_taken":0.0},{"damage_healed":0.0,"max_hp_gain":0.0,"max_hp_loss":0.0,"gold_gain":69.0,"event_name":"Golden Wing","player_choice":"Gained Gold","floor":13.0,"gold_loss":0.0,"damage_taken":0.0},{"damage_healed":0.0,"max_hp_gain":0.0,"max_hp_loss":0.0,"gold_gain":0.0,"event_name":"Match and Keep!","player_choice":"1 cards matched","floor":19.0,"gold_loss":0.0,"damage_taken":0.0,"cards_obtained":["Footwork"]},{"damage_healed":0.0,"max_hp_gain":0.0,"max_hp_loss":0.0,"gold_gain":99.0,"event_name":"Nest","player_choice":"Stole From Cult","floor":28.0,"gold_loss":0.0,"damage_taken":0.0},{"cards_removed":["Defend_G"],"damage_healed":0,"gold_gain":0,"player_choice":"Removed Skill","damage_taken":0,"max_hp_gain":0,"max_hp_loss":0,"event_name":"Falling","floor":36,"gold_loss":0},{"damage_healed":0,"gold_gain":0,"player_choice":"Fight","damage_taken":0,"max_hp_gain":0,"max_hp_loss":0,"event_name":"Mysterious Sphere","floor":38,"gold_loss":0}],"is_beta":false,"boss_relics":[{"not_picked":["Eternal Feather","Coffee Dripper"],"picked":"Busted Crown"},{"not_picked":["Calling Bell","Orrery"],"picked":"Ring of the Serpent"}],"items_purged_floors":[29],"is_endless":false,"potions_floor_spawned":[7,10,14,20,24,25,33,35],"killed_by":"Giant Head","ascension_level":5}