{"path_per_floor":["M","$","M","M","M","R","E","?","T","T","M","R","?","M","R","B",null,"M","?","?","$","M","R","?","M","T","M","?","?","R","M","R"],"character_chosen":"IRONCLAD","items_purchased":[],"gold_per_floor":[12,12,26,39,52,52,86,86,109,163,179,179,179,199,199,294,294,310,235,235,185,200,200,200,216,269,286,286,286,286,304,304],"floor_reached":33,"campfire_rested":4,"playtime":751,"current_hp_per_floor":[80,80,78,73,79,79,31,31,31,31,30,54,36,36,60,41,80,75,75,75,75,77,77,77,49,49,32,17,17,42,34,59],"items_purged":["Defend_R"],"gold":304,"score":247,"play_id":"edb49d3b-0141-4c6e-b683-0f9054bd4d1c","local_time":"20180318151911","is_prod":false,"is_daily":false,"is_ascension_mode":false,"campfire_upgraded":2,"timestamp":1521397151,"path_taken":["M","$","M","M","?","R","E","?","T","?","M","R","?","M","R","BOSS","M","?","?","$","?","R","?","M","T","M","?","?","R","?","R","BOSS"],"build_version":"2018-03-15v3","purchased_purges":1,"victory":false,"master_deck":["Strike_R+1","Strike_R+1","Strike_R","Strike_R","Bash+1","Flex","Spot Weakness","Double Tap+1","Offering","Rage","Dual Wield","Whirlwind+1","Rampage"],"max_hp_per_floor":[80,80,80,80,80,80,80,80,80,80,80,80,80,80,80,80,80,80,80,80,80,80,80,80,80,80,80,85,85,85,85,85],"relics":["Burning Blood","Whetstone","Dream Catcher","Bronze Scales","Smiling Mask","Orrery","Blood Vial"],"card_choices":[{"not_picked":["Rage","Shrug It Off"],"picked":"Flex"},{"not_picked":["Heavy Blade","Cleave"],"picked":"Spot Weakness"},{"not_picked":["Ghostly Armor","Armaments"],"picked":"Double Tap"},{"not_picked":["Barricade","Juggernaut"],"picked":"Offering"},{"not_picked":["Shrug It Off","Sever Soul"],"picked":"Rage"},{"not_picked":["Wild Strike","Sword Boomerang"],"picked":"Dual Wield"},{"not_picked":["Iron Wave","Flex"],"picked":"Whirlwind"},{"not_picked":["Anger","Blood for Blood"],"picked":"Rampage"}],"player_experience":601029,"potions_floor_usage":[5,5,18,33,33,33],"damage_taken":[{"damage":1,"enemies":"Cultist","floor":1,"turns":3},{"damage":8,"enemies":"Small Slimes","floor":3,"turns":3},{"damage":11,"enemies":"Jaw Worm","floor":4,"turns":2},{"damage":0,"enemies":"3 Louse","floor":5,"turns":1},{"damage":54,"enemies":"Lagavulin","floor":7,"turns":6},{"damage":7,"enemies":"Blue Slaver","floor":11,"turns":2},{"damage":6,"enemies":"Exordium Wildlife","floor":14,"turns":2},{"damage":25,"enemies":"Slime Boss","floor":16,"turns":8},{"damage":11,"enemies":"Shell Parasite","floor":18,"turns":2},{"damage":4,"enemies":"Chosen","floor":22,"turns":3},{"damage":34,"enemies":"Snecko","floor":25,"turns":4},{"damage":25,"enemies":"Snake Plant","floor":27,"turns":2},{"damage":16,"enemies":"Centurion and Healer","floor":31,"turns":3},{"damage":64,"enemies":"Collector","floor":33,"turns":5}],"event_choices":[{"event_name":"Match and Keep!","player_choice":"0 cards matched","floor":8,"damage_taken":0},{"event_name":"Scrap Ooze","player_choice":"success","floor":13,"damage_taken":18},{"event_name":"Beggar","player_choice":"Gave Gold","floor":19,"damage_taken":0},{"event_name":"Drug Dealer","player_choice":"Ignored","floor":20,"damage_taken":0},{"event_name":"Back to Basics","player_choice":"Elegance","floor":24,"damage_taken":0},{"event_name":"Forgotten Altar","player_choice":"Shed Blood","floor":28,"damage_taken":0},{"event_name":"Vampires","player_choice":"Ignored","floor":29,"damage_taken":0}],"boss_relics":[{"not_picked":["White Beast Statue","Black Star"],"picked":"Orrery"}],"potions_floor_spawned":[1,3,4,14,16,25,27],"seed_played":"3192273063070272641","killed_by":"Collector","ascension_level":0,"is_trial":false}