{"path_per_floor":["M","M","M","M","$","R","E","R","T","M","?","M","$","E","R","B",null,"M","$","?","$","$","E","M","E","T","$","M","?","?","M","R","B",null,"M","?","?","?","$","R","E","R","T","R","M","T","E","?","R"],"character_chosen":"THE_SILENT","items_purchased":["Dagger Throw","Sadistic Nature","Footwork"],"gold_per_floor":[214,224,238,252,177,177,203,203,230,242,242,253,126,152,152,257,257,257,50,50,10,10,10,0,0,0,0,0,0,0,0,0,0,0,0,0,0,0,0,0,0,0,0,0,0,0,0,0,0,0],"floor_reached":50,"campfire_rested":4,"playtime":2781,"current_hp_per_floor":[53,51,51,48,48,48,24,45,45,44,44,40,40,26,47,42,63,65,65,65,65,65,67,69,60,60,60,62,62,62,60,60,53,66,51,51,51,42,42,42,36,57,57,57,59,59,51,51,70,0],"items_purged":["Defend_G","Defend_G"],"gold":0,"score":910,"play_id":"f3a838d7-4ab2-4762-9d71-4707aa3b54ba","local_time":"20180330095605","is_prod":false,"is_daily":false,"is_ascension_mode":true,"campfire_upgraded":4,"timestamp":1522414565,"path_taken":["M","?","?","M","$","R","E","R","T","M","?","M","$","E","R","BOSS","M","$","?","?","$","E","M","E","T","$","M","?","?","M","R","BOSS","M","?","?","?","$","R","E","R","T","R","M","?","E","?","R","BOSS"],"build_version":"2018-03-29v2","purchased_purges":2,"victory":false,"master_deck":["Defend_G","Defend_G","Defend_G","Strike_G","Strike_G","Strike_G","Survivor","Neutralize+1","AscendersBane","PiercingWail","Noxious Fumes","Deadly Poison","Noxious Fumes","Cloak And Dagger","Leg Sweep","Dagger Throw","Deadly Poison","After Image","Cloak And Dagger","Sadistic Nature+1","Sucker Punch","Footwork+1","Backflip","Terror+1","After Image","Madness","Madness+1","Injury","Catalyst","Clumsy","Madness"],"max_hp_per_floor":[70,70,70,70,70,70,70,70,70,70,70,70,70,70,70,70,70,70,70,70,70,70,70,70,70,70,70,70,70,70,70,70,70,70,70,70,70,70,70,70,70,70,70,70,70,70,70,70,70,70],"relics":["Ring of the Snake","Juzu Bracelet","Blood Vial","Thread and Needle","Ectoplasm","Happy Flower","Bottled Lightning","Snake Skull","Cursed Key","Red Mask","Meat on the Bone","Tiny Chest","Paper Crane","Orichalcum"],"card_choices":[{"not_picked":["Outmaneuver","Riddle With Holes"],"picked":"PiercingWail","floor":2},{"not_picked":["Bane","Backflip"],"picked":"Noxious Fumes","floor":3},{"not_picked":["Leg Sweep","Finisher"],"picked":"Deadly Poison","floor":4},{"not_picked":["PiercingWail","Accuracy"],"picked":"Noxious Fumes","floor":7},{"not_picked":["Outmaneuver","Dodge and Roll"],"picked":"Cloak And Dagger","floor":10},{"not_picked":["Setup","Prepared"],"picked":"Leg Sweep","floor":12},{"not_picked":["Calculated Gamble","Quick Slash"],"picked":"Deadly Poison","floor":14},{"not_picked":["Venomology","Tools of the Trade"],"picked":"After Image","floor":16},{"not_picked":["Escape Plan","Masterful Stab"],"picked":"Cloak And Dagger","floor":18},{"not_picked":["Infinite Blades","Poisoned Stab"],"picked":"Backflip","floor":23},{"not_picked":["Well Laid Plans","Backstab"],"picked":"Terror","floor":28},{"not_picked":["Deflect","Accuracy"],"picked":"Catalyst","floor":45},{"not_picked":["Jack Of All Trades","Enlightenment"],"picked":"Madness","floor":48}],"player_experience":646835,"potions_floor_usage":[7,14,16,16,23,33,50],"damage_taken":[{"damage":10,"enemies":"Cultist","floor":1,"turns":4},{"damage":2,"enemies":"Small Slimes","floor":2,"turns":4},{"damage":0,"enemies":"2 Louse","floor":3,"turns":2},{"damage":3,"enemies":"Looter","floor":4,"turns":4},{"damage":24,"enemies":"Gremlin Nob","floor":7,"turns":5},{"damage":3,"enemies":"3 Louse","floor":10,"turns":4},{"damage":6,"enemies":"Exordium Thugs","floor":12,"turns":4},{"damage":28,"enemies":"Lagavulin","floor":14,"turns":6},{"damage":7,"enemies":"The Guardian","floor":16,"turns":10},{"damage":0,"enemies":"Shell Parasite","floor":18,"turns":6},{"damage":0,"enemies":"Slavers","floor":23,"turns":7},{"damage":0,"enemies":"2 Thieves","floor":24,"turns":4},{"damage":10,"enemies":"Gremlin Leader","floor":25,"turns":7},{"damage":0,"enemies":"Snake Plant","floor":28,"turns":5},{"damage":4,"enemies":"Centurion and Healer","floor":31,"turns":7},{"damage":9,"enemies":"Collector","floor":33,"turns":9},{"damage":17,"enemies":"3 Shapes","floor":35,"turns":5},{"damage":8,"enemies":"Giant Head","floor":41,"turns":10},{"damage":0,"enemies":"3 Darklings","floor":45,"turns":7},{"damage":10,"enemies":"Nemesis","floor":47,"turns":9},{"damage":83,"enemies":"Awakened One","floor":50,"turns":6}],"event_choices":[{"event_name":"Living Wall","player_choice":"Forget","floor":11,"damage_taken":0},{"event_name":"The Library","player_choice":"Read","floor":20,"damage_taken":0},{"event_name":"Duplicator","player_choice":"One dupe","floor":29,"damage_taken":0},{"event_name":"Cursed Tome","player_choice":"Ignored","floor":30,"damage_taken":0},{"event_name":"Tomb of Lord Red Mask","player_choice":"Paid","floor":36,"damage_taken":0},{"event_name":"Winding Halls","player_choice":"Embrace Madness","floor":38,"damage_taken":0},{"event_name":"SensoryStone","player_choice":"Memory 1","floor":48,"damage_taken":0}],"boss_relics":[{"not_picked":["Velvet Choker","Philosopher\u0027s Stone"],"picked":"Ectoplasm"},{"not_picked":["Tiny House","Astrolabe"],"picked":"Cursed Key"}],"potions_floor_spawned":[1,3,10,12,18,24,28,31,45,47],"seed_played":"-6482023386412029508","killed_by":"Awakened One","ascension_level":12,"is_trial":false}