{"gold_per_floor":[116,96,18,31,49,74,90,90,117,117],"floor_reached":10,"playtime":367,"items_purged":[],"score":136,"play_id":"1483962d-12fb-4963-9715-83637dd1b086","local_time":"20190313104359","is_ascension_mode":true,"campfire_choices":[{"data":"Neutralize","floor":8,"key":"SMITH"}],"neow_cost":"NONE","seed_source_timestamp":580517781044185,"circlet_count":0,"master_deck":["AscendersBane","Defend_G","Defend_G","Defend_G","Defend_G","Defend_G","Strike_G","Strike_G","Strike_G","Strike_G","Strike_G","Survivor","Neutralize+1","Cloak And Dagger","Accuracy","Backflip","Accuracy","PiercingWail","Blur"],"relics":["Ring of the Snake","NeowsBlessing","Ancient Tea Set","Snake Skull"],"potions_floor_usage":[6,6,10],"damage_taken":[{"damage":0,"enemies":"2 Louse","floor":1,"turns":1},{"damage":0,"enemies":"Cultist","floor":4,"turns":1},{"damage":0,"enemies":"Jaw Worm","floor":5,"turns":1},{"damage":41,"enemies":"3 Sentries","floor":6,"turns":20},{"damage":2,"enemies":"2 Fungi Beasts","floor":7,"turns":6},{"damage":17,"enemies":"Exordium Thugs","floor":10,"turns":5}],"seed_played":"-2694626142632386388","potions_obtained":[{"floor":2,"key":"SpeedPotion"},{"floor":5,"key":"Dexterity Potion"},{"floor":7,"key":"EssenceOfSteel"}],"is_trial":false,"path_per_floor":["M","?","$","M","M","E","M","R","T","M"],"character_chosen":"THE_SILENT","items_purchased":["Accuracy"],"campfire_rested":0,"item_purchase_floors":[3],"current_hp_per_floor":[59,59,59,59,59,18,16,16,16,0],"gold":117,"neow_bonus":"THREE_ENEMY_KILL","is_prod":false,"is_daily":false,"chose_seed":false,"campfire_upgraded":1,"win_rate":0,"timestamp":1552470239,"path_taken":["M","?","$","?","M","E","M","R","T","M"],"build_version":"2019-01-23","purchased_purges":0,"victory":false,"max_hp_per_floor":[66,66,66,66,66,66,66,66,66,66],"card_choices":[{"not_picked":["Prepared","Dagger Throw"],"picked":"Cloak And Dagger","floor":1},{"not_picked":["Bullet Time","Dodge and Roll"],"picked":"Backflip","floor":4},{"not_picked":["Tactician","Bane"],"picked":"Accuracy","floor":5},{"not_picked":["Blur","Setup"],"picked":"PiercingWail","floor":6},{"not_picked":["Acrobatics","Poisoned Stab"],"picked":"Blur","floor":7}],"player_experience":994119,"relics_obtained":[{"floor":6,"key":"Ancient Tea Set"},{"floor":9,"key":"Snake Skull"}],"event_choices":[{"damage_healed":0,"gold_gain":0,"player_choice":"Bought 1 Potion","damage_taken":0,"max_hp_gain":0,"max_hp_loss":0,"event_name":"The Woman in Blue","floor":2,"gold_loss":0}],"is_beta":false,"boss_relics":[],"items_purged_floors":[],"is_endless":false,"potions_floor_spawned":[5,7],"killed_by":"Exordium Thugs","ascension_level":20}