{"gold_per_floor":[116,133,58,75,92,92,92,127,175,75,93,93,113,145,145,145],"floor_reached":16,"playtime":527,"items_purged":["Strike_B","Strike_B"],"score":112,"play_id":"a37800d1-3d17-46f9-b569-a397498887ce","local_time":"20190315161309","is_ascension_mode":false,"campfire_choices":[{"data":"Zap","floor":6,"key":"SMITH"},{"data":"Gash","floor":12,"key":"SMITH"},{"floor":15,"key":"REST"}],"neow_cost":"NONE","seed_source_timestamp":189426628585946,"circlet_count":0,"master_deck":["Strike_B","Strike_B","Defend_B","Defend_B","Defend_B","Defend_B","Zap+1","Dualcast","All For One","Go for the Eyes","Gash+1","Gash+1","Sweeping Beam","FTL","Turbo","Capacitor"],"relics":["Cracked Core","Matryoshka","PreservedInsect","Strawberry","Oddly Smooth Stone"],"potions_floor_usage":[5,8,16],"damage_taken":[{"damage":5,"enemies":"Small Slimes","floor":1,"turns":4},{"damage":2,"enemies":"2 Louse","floor":2,"turns":3},{"damage":8,"enemies":"Jaw Worm","floor":4,"turns":2},{"damage":15,"enemies":"Exordium Thugs","floor":5,"turns":3},{"damage":16,"enemies":"Lagavulin","floor":8,"turns":5},{"damage":0,"enemies":"Red Slaver","floor":11,"turns":3},{"damage":7,"enemies":"Blue Slaver","floor":13,"turns":3},{"damage":8,"enemies":"3 Sentries","floor":14,"turns":3},{"damage":45,"enemies":"The Guardian","floor":16,"turns":7}],"seed_played":"-4159510621984936970","potions_obtained":[{"floor":4,"key":"AttackPotion"},{"floor":5,"key":"FearPotion"},{"floor":11,"key":"Fire Potion"}],"is_trial":false,"path_per_floor":["M","M","$","M","M","R","?","E","T","$","M","R","M","E","R","B"],"character_chosen":"DEFECT","items_purchased":[],"campfire_rested":1,"item_purchase_floors":[],"current_hp_per_floor":[70,68,68,60,45,45,45,29,36,36,36,36,29,21,45,0],"gold":145,"neow_bonus":"ONE_RANDOM_RARE_CARD","is_prod":false,"is_daily":false,"chose_seed":false,"campfire_upgraded":2,"win_rate":0,"timestamp":1552691589,"path_taken":["M","M","$","M","M","R","?","E","T","$","M","R","M","E","R","BOSS"],"build_version":"2019-01-23","purchased_purges":2,"victory":false,"max_hp_per_floor":[75,75,75,75,75,75,75,75,82,82,82,82,82,82,82,82],"card_choices":[{"not_picked":["Ball Lightning","Stack"],"picked":"Go for the Eyes","floor":1},{"not_picked":["Streamline","Lockon"],"picked":"Gash","floor":2},{"not_picked":["Genetic Algorithm","Steam"],"picked":"Gash","floor":4},{"not_picked":["Turbo","All For One"],"picked":"Sweeping Beam","floor":5},{"not_picked":["Hologram","Coolheaded"],"picked":"FTL","floor":8},{"not_picked":["Barrage","Sweeping Beam","Double Energy"],"picked":"SKIP","floor":11},{"not_picked":["Hologram","Doom and Gloom"],"picked":"Turbo","floor":13},{"not_picked":["Heatsinks","Steam"],"picked":"Capacitor","floor":14}],"player_experience":471445,"relics_obtained":[{"floor":8,"key":"Matryoshka"},{"floor":9,"key":"PreservedInsect"},{"floor":9,"key":"Strawberry"},{"floor":14,"key":"Oddly Smooth Stone"}],"event_choices":[{"damage_healed":0,"gold_gain":0,"player_choice":"Grow","damage_taken":0,"max_hp_gain":0,"max_hp_loss":0,"event_name":"Living Wall","floor":7,"gold_loss":0,"cards_upgraded":["Gash"]}],"is_beta":false,"boss_relics":[],"items_purged_floors":[3,10],"is_endless":false,"potions_floor_spawned":[4,5,11],"killed_by":"The Guardian","ascension_level":0}