{"gold_per_floor":[110,185,185,36,46,46,66,80,80,111,111,136,136,165,165,165],"floor_reached":16,"playtime":775,"items_purged":["Regret"],"score":130,"play_id":"cdf733b5-f7f5-41c7-b321-75d67d590ea2","local_time":"20190226130835","is_ascension_mode":true,"campfire_choices":[{"data":"Armaments","floor":6,"key":"SMITH"},{"data":"1","floor":11,"key":"LIFT"},{"data":"Pommel Strike","floor":15,"key":"SMITH"}],"neow_cost":"NONE","seed_source_timestamp":150444039083487,"circlet_count":0,"master_deck":["Strike_R","Strike_R","Strike_R","Strike_R","Strike_R","Defend_R","Defend_R","Defend_R","Defend_R","Bash","Uppercut","Inflame","Armaments+1","Pommel Strike+1","Flame Barrier"],"relics":["Burning Blood","Singing Bowl","Girya","Mummified Hand","Ornamental Fan","Meat on the Bone"],"potions_floor_usage":[14,16,16],"damage_taken":[{"damage":6,"enemies":"2 Louse","floor":1,"turns":4},{"damage":4,"enemies":"Jaw Worm","floor":5,"turns":3},{"damage":0,"enemies":"Small Slimes","floor":7,"turns":3},{"damage":16,"enemies":"2 Fungi Beasts","floor":8,"turns":4},{"damage":32,"enemies":"Gremlin Nob","floor":10,"turns":4},{"damage":27,"enemies":"Lagavulin","floor":12,"turns":6},{"damage":19,"enemies":"3 Sentries","floor":14,"turns":8},{"damage":27,"enemies":"Slime Boss","floor":16,"turns":12}],"seed_played":"1691659953360795049","potions_obtained":[{"floor":5,"key":"FearPotion"},{"floor":7,"key":"LiquidBronze"},{"floor":12,"key":"FearPotion"},{"floor":14,"key":"PowerPotion"}],"is_trial":false,"path_per_floor":["M","?","?","$","M","R","M","M","T","E","R","E","?","E","R","B"],"character_chosen":"IRONCLAD","items_purchased":["Inflame"],"campfire_rested":0,"item_purchase_floors":[4],"current_hp_per_floor":[88,77,77,77,79,79,85,77,77,53,53,32,32,21,21,0],"gold":165,"neow_bonus":"TEN_PERCENT_HP_BONUS","is_prod":false,"is_daily":false,"chose_seed":false,"campfire_upgraded":2,"win_rate":0,"timestamp":1551204515,"path_taken":["M","?","?","$","M","R","M","M","T","E","R","E","?","E","R","BOSS"],"build_version":"2019-01-23","purchased_purges":1,"victory":false,"max_hp_per_floor":[88,88,88,88,88,88,88,90,90,92,92,92,92,94,94,94],"card_choices":[{"not_picked":["Clothesline","Sentinel"],"picked":"Uppercut","floor":1},{"not_picked":["Heavy Blade","Carnage"],"picked":"Armaments","floor":5},{"not_picked":["Searing Blow","Uppercut"],"picked":"Pommel Strike","floor":7},{"not_picked":["Cleave","Entrench","Intimidate"],"picked":"Singing Bowl","floor":8},{"not_picked":["Clothesline","Perfected Strike","Flex"],"picked":"Singing Bowl","floor":10},{"not_picked":["Headbutt","Juggernaut"],"picked":"Flame Barrier","floor":12},{"not_picked":["Sword Boomerang","Uppercut","Entrench"],"picked":"Singing Bowl","floor":14}],"player_experience":131020,"relics_obtained":[{"floor":10,"key":"Girya"},{"floor":12,"key":"Mummified Hand"},{"floor":14,"key":"Meat on the Bone"}],"event_choices":[{"damage_healed":0,"gold_gain":75,"player_choice":"Gather Gold","damage_taken":11,"max_hp_gain":0,"max_hp_loss":0,"event_name":"World of Goop","floor":2,"gold_loss":0},{"damage_healed":0,"gold_gain":0,"player_choice":"Box","damage_taken":0,"relics_obtained":["Singing Bowl"],"max_hp_gain":0,"max_hp_loss":0,"event_name":"Big Fish","floor":3,"gold_loss":0,"cards_obtained":["Regret"]},{"damage_healed":0,"gold_gain":0,"player_choice":"Searched \u00271\u0027 times","damage_taken":0,"relics_obtained":["Ornamental Fan"],"max_hp_gain":0,"max_hp_loss":0,"event_name":"Dead Adventurer","floor":13,"gold_loss":0}],"is_beta":false,"boss_relics":[],"items_purged_floors":[4],"is_endless":false,"potions_floor_spawned":[5,7,12,14],"killed_by":"Slime Boss","ascension_level":2}