{"gold_per_floor":[118,135,155,171,346,346,5,5,29,29,56,8,35,55,55,160,160,174,24,24,43,53,79,79],"floor_reached":24,"playtime":778,"items_purged":["Doubt"],"score":283,"play_id":"d59ab41b-20a4-4ea3-905c-5a8e838a13e3","local_time":"20190307115142","is_ascension_mode":true,"campfire_choices":[{"data":"Electrodynamics","floor":6,"key":"SMITH"},{"data":"Self Repair","floor":8,"key":"SMITH"},{"data":"Conserve Battery","floor":10,"key":"SMITH"},{"data":"Streamline","floor":15,"key":"SMITH"}],"neow_cost":"TEN_PERCENT_HP_LOSS","seed_source_timestamp":249886245689329,"circlet_count":0,"master_deck":["Strike_B","Strike_B","Strike_B","Strike_B","Defend_B+1","Defend_B","Defend_B","Defend_B","Zap+1","Dualcast","Electrodynamics+1","Auto Shields","Conserve Battery+1","Streamline+1","Self Repair+1","Leap","Hologram","Buffer","Double Energy+1","Sweeping Beam"],"special_seed":0,"relics":["Cracked Core","OrangePellets","Omamori","War Paint","Symbiotic Virus","Cursed Key","PreservedInsect","WarpedTongs","Art of War"],"potions_floor_usage":[13,14,16,24],"damage_taken":[{"damage":0.0,"enemies":"2 Louse","floor":1.0,"turns":2.0},{"damage":0.0,"enemies":"Cultist","floor":2.0,"turns":3.0},{"damage":0,"enemies":"Small Slimes","floor":3,"turns":2},{"damage":1,"enemies":"Exordium Wildlife","floor":4,"turns":3},{"damage":20,"enemies":"3 Sentries","floor":11,"turns":5},{"damage":12,"enemies":"Gremlin Nob","floor":13,"turns":4},{"damage":3,"enemies":"Red Slaver","floor":14,"turns":3},{"damage":15,"enemies":"The Guardian","floor":16,"turns":9},{"damage":9,"enemies":"Chosen","floor":18,"turns":5},{"damage":12,"enemies":"Spheric Guardian","floor":21,"turns":4},{"damage":0,"enemies":"Snecko","floor":22,"turns":4},{"damage":67,"enemies":"Gremlin Leader","floor":23,"turns":6},{"damage":15,"enemies":"Snake Plant","floor":24,"turns":1}],"seed_played":"8493765138069826743","potions_obtained":[{"floor":2.0,"key":"Explosive Potion"},{"floor":3,"key":"Swift Potion"},{"floor":13,"key":"Ancient Potion"},{"floor":14,"key":"Strength Potion"},{"floor":16,"key":"SteroidPotion"},{"floor":23,"key":"EssenceOfSteel"}],"is_trial":false,"path_per_floor":["M","M","M","M","?","R","$","R","T","R","E","$","E","M","R","B",null,"M","$","?","M","M","E","M"],"character_chosen":"DEFECT","items_purchased":["Self Repair","OrangePellets","Block Potion","PreservedInsect"],"campfire_rested":0,"item_purchase_floors":[7,7,12,19],"current_hp_per_floor":[68,68,68,67,67,67,67,67,67,67,57,57,55,62,62,57,65,66,66,66,64,68,11,0],"gold":79,"neow_bonus":"THREE_RARE_CARDS","is_prod":false,"is_daily":false,"chose_seed":false,"campfire_upgraded":4,"win_rate":0,"timestamp":1551981102,"path_taken":["M","M","M","M","?","R","$","R","T","R","E","$","E","M","R","BOSS","M","$","?","?","M","E","M"],"build_version":"2019-01-23","purchased_purges":1,"victory":false,"max_hp_per_floor":[68,68,68,68,68,68,68,68,68,68,68,68,68,68,68,68,68,68,68,68,68,68,68,68],"card_choices":[{"not_picked":["Creative AI","Seek"],"picked":"Electrodynamics","floor":0.0},{"not_picked":["Steam","Sunder"],"picked":"Auto Shields","floor":1.0},{"not_picked":["Reprogram","Barrage"],"picked":"Conserve Battery","floor":2.0},{"not_picked":["Static Discharge","Scrape"],"picked":"Streamline","floor":3},{"not_picked":["Cold Snap","Beam Cell","Steam"],"picked":"SKIP","floor":4},{"not_picked":["Coolheaded","Turbo","Stack"],"picked":"SKIP","floor":11},{"not_picked":["Barrage","Coolheaded"],"picked":"Leap","floor":13},{"not_picked":["Barrage","Recycle"],"picked":"Hologram","floor":14},{"not_picked":["Amplify","Rainbow"],"picked":"Buffer","floor":16},{"not_picked":["Scrape","Go for the Eyes+1","Auto Shields"],"picked":"SKIP","floor":18},{"not_picked":["Lockon","Tempest"],"picked":"Double Energy+1","floor":21},{"not_picked":["Hello World","Leap+1"],"picked":"Sweeping Beam","floor":22},{"not_picked":["Aggregate","Conserve Battery+1","Turbo"],"picked":"SKIP","floor":23}],"player_experience":331180,"relics_obtained":[{"floor":9,"key":"Omamori"},{"floor":11,"key":"War Paint"},{"floor":13,"key":"Symbiotic Virus"},{"floor":23,"key":"Art of War"}],"event_choices":[{"damage_healed":0,"gold_gain":175,"player_choice":"AGREE","damage_taken":0,"max_hp_gain":0,"max_hp_loss":0,"event_name":"Liars Game","floor":5,"gold_loss":0,"cards_obtained":["Doubt"]},{"damage_healed":0,"gold_gain":0,"player_choice":"Rummage","damage_taken":0,"relics_obtained":["WarpedTongs"],"max_hp_gain":0,"max_hp_loss":0,"event_name":"Accursed Blacksmith","floor":20,"gold_loss":0,"cards_obtained":["Pain"]}],"is_beta":false,"boss_relics":[{"not_picked":["Philosopher\u0027s Stone","Astrolabe"],"picked":"Cursed Key"}],"items_purged_floors":[7],"is_endless":false,"potions_floor_spawned":[2,3,13,14,16,23],"killed_by":"Snake Plant","ascension_level":5}