{"gold_per_floor":[17,27,27,27,40,40,34,34,34,34,72,72,72,116,116,236,236,249,267,267,192,192,232,132,157,157,32,56,89,89,103,103,224,224,239,49,49,70,84,117,117,117],"floor_reached":42,"playtime":2943,"items_purged":["Strike_R","Strike_R","Strike_R","Strike_R"],"score":894,"play_id":"10bad157-d231-4978-b2ad-ce80ca7f274d","local_time":"20180802005400","is_ascension_mode":true,"campfire_choices":[{"data":"Barricade","floor":6,"key":"SMITH"},{"data":"Flame Barrier","floor":8,"key":"SMITH"},{"data":"Feed","floor":10,"key":"SMITH"},{"data":"True Grit","floor":13,"key":"SMITH"},{"data":"Entrench","floor":15,"key":"SMITH"},{"floor":30,"key":"REST"},{"data":"Feel No Pain","floor":32,"key":"SMITH"},{"data":"Armaments","floor":41,"key":"SMITH"}],"neow_cost":"NO_GOLD","seed_source_timestamp":48017850583452,"circlet_count":0,"master_deck":["Strike_R","Defend_R","Defend_R","Defend_R","Feed+1","Shrug It Off","Flame Barrier+1","Barricade+1","Entrench+1","True Grit+1","Feel No Pain+1","Juggernaut","Headbutt+1","Burning Pact","Armaments+1","Iron Wave+1","Offering","Searing Blow"],"relics":["Burning Blood","Golden Idol","Self Forming Clay","Thread and Needle","Shuriken","Du-Vu Doll","Sozu","Magic Flower","Bottled Lightning","Turnip","Empty Cage","Ice Cream"],"potions_floor_usage":[14,14,16,19,23],"damage_taken":[{"damage":0,"enemies":"Small Slimes","floor":1,"turns":3},{"damage":14,"enemies":"2 Louse","floor":2,"turns":3},{"damage":0,"enemies":"Cultist","floor":5,"turns":4},{"damage":29,"enemies":"Exordium Thugs","floor":7,"turns":4},{"damage":3,"enemies":"3 Sentries","floor":11,"turns":17},{"damage":1,"enemies":"Gremlin Nob","floor":14,"turns":8},{"damage":18,"enemies":"The Guardian","floor":16,"turns":18},{"damage":0,"enemies":"Chosen","floor":18,"turns":5},{"damage":0,"enemies":"3 Byrds","floor":19,"turns":1},{"damage":56,"enemies":"Slavers","floor":23,"turns":8},{"damage":0,"enemies":"Snecko","floor":25,"turns":7},{"damage":6,"enemies":"Centurion and Healer","floor":28,"turns":11},{"damage":31,"enemies":"Gremlin Leader","floor":29,"turns":11},{"damage":0,"enemies":"3 Cultists","floor":31,"turns":7},{"damage":0,"enemies":"Collector","floor":33,"turns":23},{"damage":6,"enemies":"3 Shapes","floor":35,"turns":5},{"damage":5,"enemies":"Orb Walker","floor":38,"turns":6},{"damage":5,"enemies":"Maw","floor":39,"turns":11},{"damage":5,"enemies":"Giant Head","floor":40,"turns":16},{"damage":118,"enemies":"2 Orb Walkers","floor":42,"turns":7}],"seed_played":"6829756798230762727","potions_obtained":[{"floor":2,"key":"GamblersBrew"},{"floor":7,"key":"Weak Potion"},{"floor":11,"key":"Explosive Potion"},{"floor":14,"key":"SkillPotion"},{"floor":16,"key":"Strength Potion"}],"is_trial":false,"path_per_floor":["M","M","?","T","M","R","M","R","T","R","E","$","R","E","R","B",null,"M","M","?","$","?","E","$","M","T","$","M","E","R","M","R","B",null,"M","$","?","M","M","E","R"],"character_chosen":"IRONCLAD","items_purchased":["Searing Blow"],"campfire_rested":1,"item_purchase_floors":[36],"current_hp_per_floor":[81,76,55,55,64,64,44,44,44,44,51,51,51,56,56,48,87,93,99,99,99,99,49,49,58,58,58,61,39,69,84,84,93,101,108,108,108,108,108,108,108,0],"gold":117,"neow_bonus":"THREE_RARE_CARDS","is_prod":false,"is_daily":false,"chose_seed":false,"campfire_upgraded":7,"win_rate":0,"timestamp":1533182040,"path_taken":["M","M","?","?","M","R","M","R","T","R","E","$","R","E","R","BOSS","M","M","?","$","?","E","$","M","T","$","?","E","R","M","R","BOSS","M","$","?","M","?","E","R","E"],"build_version":"2018-07-31","purchased_purges":4,"victory":false,"max_hp_per_floor":[83,86,86,86,89,89,92,92,92,92,96,96,96,96,96,100,100,100,100,100,100,100,100,100,100,100,100,100,100,100,104,104,104,104,108,108,108,108,108,108,108,108],"card_choices":[{"not_picked":["Juggernaut","Brutality"],"picked":"Feed","floor":0},{"not_picked":["Pommel Strike","Iron Wave"],"picked":"Shrug It Off","floor":1},{"not_picked":["Wild Strike","Anger"],"picked":"Flame Barrier","floor":2},{"not_picked":["Dual Wield","Dropkick"],"picked":"Barricade","floor":5},{"not_picked":["Twin Strike","Clothesline"],"picked":"Entrench","floor":7},{"not_picked":["Sever Soul","Spot Weakness"],"picked":"True Grit","floor":11},{"not_picked":["Twin Strike","Reckless Charge"],"picked":"Feel No Pain","floor":14},{"not_picked":["Dark Embrace","Double Tap"],"picked":"Juggernaut","floor":16},{"not_picked":["Havoc","Carnage","Disarm"],"picked":"SKIP","floor":18},{"not_picked":["Wild Strike+1","Twin Strike"],"picked":"Headbutt+1","floor":19},{"not_picked":["Clothesline","Hemokinesis+1"],"picked":"Burning Pact","floor":23},{"not_picked":["Iron Wave","True Grit+1"],"picked":"Armaments","floor":25},{"not_picked":["Perfected Strike+1","Anger+1"],"picked":"Iron Wave+1","floor":28},{"not_picked":["Feel No Pain","Rage+1","Entrench"],"picked":"SKIP","floor":29},{"not_picked":["Dark Embrace","Sever Soul","Perfected Strike+1"],"picked":"SKIP","floor":31},{"not_picked":["Limit Break","Brutality"],"picked":"Offering","floor":33},{"not_picked":["Thunderclap","Flex+1","Clash+1"],"picked":"SKIP","floor":35},{"not_picked":["Clothesline","Anger+1","Pommel Strike+1"],"picked":"SKIP","floor":38},{"not_picked":["Headbutt","Combust+1","Shockwave"],"picked":"SKIP","floor":39},{"not_picked":["Seeing Red+1","Berserk","Armaments"],"picked":"SKIP","floor":40}],"player_experience":857133,"relics_obtained":[{"floor":4,"key":"Self Forming Clay"},{"floor":9,"key":"Thread and Needle"},{"floor":11,"key":"Shuriken"},{"floor":14,"key":"Du-Vu Doll"},{"floor":23,"key":"Magic Flower"},{"floor":26,"key":"Bottled Lightning"},{"floor":29,"key":"Turnip"},{"floor":40,"key":"Ice Cream"}],"event_choices":[{"event_name":"Golden Idol","player_choice":"Take Damage","floor":3,"damage_taken":0},{"event_name":"Drug Dealer","player_choice":"Ignored","floor":20,"damage_taken":0},{"event_name":"Vampires","player_choice":"Ignored","floor":22,"damage_taken":0},{"event_name":"Mysterious Sphere","player_choice":"Ignore","floor":37,"damage_taken":0}],"is_beta":true,"boss_relics":[{"not_picked":["Ectoplasm","Snecko Eye"],"picked":"Sozu"},{"not_picked":["Calling Bell","Black Star"],"picked":"Empty Cage"}],"items_purged_floors":[21,24,27,36],"is_endless":false,"potions_floor_spawned":[2,7,11,14,16,23,28,35],"killed_by":"2 Orb Walkers","ascension_level":9}