{"gold_per_floor":[119,43,43,54,54,87,87,105,105,105,119,139,151,178,178,275,275,291,291,308,308,233,233,233],"floor_reached":24,"playtime":779,"items_purged":[],"score":306,"play_id":"f18e5005-a293-4690-be97-96c1077b5b34","local_time":"20190211131544","is_ascension_mode":false,"campfire_choices":[{"data":"Spot Weakness","floor":7,"key":"SMITH"},{"data":"Limit Break","floor":15,"key":"SMITH"},{"data":"Pommel Strike","floor":23,"key":"SMITH"}],"neow_cost":"","seed_source_timestamp":112160186293547,"circlet_count":0,"master_deck":["Strike_R","Strike_R","Strike_R","Strike_R","Defend_R","Defend_R","Defend_R","Defend_R","Bash","Spot Weakness+1","Inflame","Heavy Blade","Flame Barrier","Limit Break+1","Heavy Blade","True Grit","Rampage","Pommel Strike+1","J.A.X."],"relics":["Burning Blood","Blue Candle","Juzu Bracelet","Boot","Sozu","Pear"],"potions_floor_usage":[13,14,24,24],"damage_taken":[{"damage":6,"enemies":"Cultist","floor":1,"turns":3},{"damage":6,"enemies":"2 Louse","floor":4,"turns":4},{"damage":41,"enemies":"Gremlin Nob","floor":6,"turns":5},{"damage":7,"enemies":"Small Slimes","floor":8,"turns":2},{"damage":6,"enemies":"3 Louse","floor":11,"turns":3},{"damage":14,"enemies":"Large Slime","floor":12,"turns":7},{"damage":22,"enemies":"Lots of Slimes","floor":13,"turns":4},{"damage":14,"enemies":"Lagavulin","floor":14,"turns":5},{"damage":34,"enemies":"Slime Boss","floor":16,"turns":10},{"damage":27,"enemies":"Spheric Guardian","floor":18,"turns":6},{"damage":31,"enemies":"Shell Parasite","floor":20,"turns":5},{"damage":54,"enemies":"Gremlin Leader","floor":24,"turns":4}],"seed_played":"4020560661514719442","potions_obtained":[{"floor":6,"key":"Energy Potion"},{"floor":12,"key":"BloodPotion"},{"floor":13,"key":"LiquidBronze"},{"floor":16,"key":"LiquidBronze"}],"is_trial":true,"path_per_floor":["M","$","?","M","?","E","R","M","T","?","M","M","M","E","R","B",null,"M","?","M","?","?","R","E"],"character_chosen":"IRONCLAD","items_purchased":["Inflame"],"campfire_rested":0,"item_purchase_floors":[2],"current_hp_per_floor":[80,80,80,80,80,45,45,44,44,70,70,62,54,46,46,18,80,59,69,44,44,44,44,0],"gold":233,"neow_bonus":"","is_prod":false,"is_daily":false,"chose_seed":false,"campfire_upgraded":3,"win_rate":0,"timestamp":1549912544,"path_taken":["M","$","?","?","?","E","R","M","T","?","M","M","M","E","R","BOSS","M","?","M","?","?","R","E"],"build_version":"2019-01-23","purchased_purges":0,"victory":false,"max_hp_per_floor":[80,80,80,80,80,80,80,80,80,80,80,80,80,80,80,80,80,80,90,90,90,90,90,90],"card_choices":[{"not_picked":["Perfected Strike","Pommel Strike"],"picked":"Spot Weakness","floor":1},{"not_picked":["Havoc","Infernal Blade","Warcry"],"picked":"SKIP","floor":4},{"not_picked":["Carnage","Wild Strike"],"picked":"Heavy Blade","floor":6},{"not_picked":["True Grit","Havoc"],"picked":"Flame Barrier","floor":8},{"not_picked":["Cleave","Thunderclap"],"picked":"Limit Break","floor":11},{"not_picked":["Combust","Clothesline","Entrench"],"picked":"SKIP","floor":12},{"not_picked":["Perfected Strike","Hemokinesis"],"picked":"Heavy Blade","floor":13},{"not_picked":["Intimidate","Barricade"],"picked":"True Grit","floor":14},{"not_picked":["Body Slam+1","Spot Weakness"],"picked":"Rampage","floor":18},{"not_picked":["Wild Strike","Rampage"],"picked":"Pommel Strike","floor":20}],"player_experience":148947,"relics_obtained":[{"floor":6,"key":"Blue Candle"},{"floor":9,"key":"Juzu Bracelet"},{"floor":14,"key":"Boot"}],"event_choices":[{"cards_removed":["Strike_R"],"damage_healed":0,"gold_gain":0,"player_choice":"Purged","damage_taken":0,"max_hp_gain":0,"max_hp_loss":0,"event_name":"Purifier","floor":3,"gold_loss":0},{"damage_healed":0,"gold_gain":0,"player_choice":"Leave","damage_taken":0,"max_hp_gain":0,"max_hp_loss":0,"event_name":"The Cleric","floor":5,"gold_loss":0},{"damage_healed":26,"gold_gain":0,"player_choice":"Banana","damage_taken":0,"max_hp_gain":0,"max_hp_loss":0,"event_name":"Big Fish","floor":10,"gold_loss":0},{"damage_healed":0,"gold_gain":0,"player_choice":"Opened","damage_taken":0,"relics_obtained":["Pear"],"max_hp_gain":0,"max_hp_loss":0,"event_name":"The Mausoleum","floor":19,"gold_loss":0,"cards_obtained":["Writhe"]},{"damage_healed":0,"gold_gain":0,"player_choice":"Obtain J.A.X.","damage_taken":0,"max_hp_gain":0,"max_hp_loss":0,"event_name":"Drug Dealer","floor":21,"gold_loss":0,"cards_obtained":["J.A.X."]},{"cards_removed":["Writhe"],"damage_healed":0,"gold_gain":0,"player_choice":"Gave Gold","damage_taken":0,"max_hp_gain":0,"max_hp_loss":0,"event_name":"Beggar","floor":22,"gold_loss":75}],"is_beta":false,"boss_relics":[{"not_picked":["Fusion Hammer","Eternal Feather"],"picked":"Sozu"}],"items_purged_floors":[],"is_endless":true,"potions_floor_spawned":[6,12,13,16],"killed_by":"Gremlin Leader","ascension_level":0}