{"path_per_floor":["M","?","M","$","?","R","M","E","T","?","E","R","?","M","R","B",null,"M","T","M","?","M","R","E","R","T","$","M","$","E","M","R","B",null,"M","?","$","?","$","E","?","E","T","E","$","M","R","M","R"],"character_chosen":"THE_SILENT","items_purchased":["Ninja Scroll","Caltrops","Dash"],"gold_per_floor":[109,109,122,47,77,77,95,128,128,128,157,157,332,343,343,439,439,439,439,379,379,379,379,379,379,379,29,29,29,29,29,29,29,29,29,29,29,29,0,0,0,0,0,0,0,0,0,0,0],"floor_reached":50,"campfire_rested":5,"playtime":4989,"current_hp_per_floor":[63,56,56,56,49,49,45,18,32,32,7,32,32,32,57,19,68,59,59,48,48,31,71,41,81,81,81,68,68,59,62,62,28,70,64,64,64,64,64,49,38,16,16,3,3,11,51,51,51],"items_purged":["Strike_G","Doubt"],"gold":0,"score":707,"play_id":"5a285e1d-aab4-4d8e-89db-e499a97d3fc7","is_prod":false,"is_daily":false,"is_ascension_mode":true,"campfire_upgraded":3,"path_taken":["M","?","M","?","?","R","?","E","T","?","E","R","?","M","R","BOSS","M","?","M","?","?","R","E","R","T","$","M","?","E","M","R","BOSS","M","?","$","?","$","E","?","E","T","E","$","?","R","M","R","BOSS"],"build_version":"2018-02-22-PROD2","purchased_purges":3,"victory":false,"master_deck":["Defend_G","Defend_G","Defend_G","Defend_G","Defend_G","Strike_G+1","Strike_G","Strike_G","Survivor","Neutralize+1","Dagger Spray+1","PiercingWail","Infinite Blades","Leg Sweep","Malaise","Noxious Fumes+1","Sucker Punch","After Image+1","Blade Dance+1","Tools of the Trade+1","Cloak And Dagger","Acrobatics+1","Caltrops+1","Accuracy+1","Wraith Form","Dash","Caltrops","Madness","Madness","Backstab"],"max_hp_per_floor":[70,70,70,70,70,70,70,70,84,84,84,84,84,84,84,84,84,84,84,84,84,84,84,84,84,84,84,84,84,84,84,84,84,84,84,84,84,84,84,84,84,84,84,84,84,84,84,84,84],"relics":["Black Star","Tiny Chest","Prayer Wheel","Bag of Preparation","Mango","Ice Cream","Bird Faced Urn","Ectoplasm","Regal Pillow","The Courier","Toolbox","Whetstone","Ninja Scroll","Bottled Tornado","Mercury Hourglass","The Specimen","Ancient Tea Set","Happy Flower","Bronze Scales","Vajra","Girya","Blue Candle","Pantograph"],"card_choices":[{"not_picked":["Backflip","Heel Hook"],"picked":"Dagger Spray"},{"not_picked":["Prepared","Crippling Poison"],"picked":"PiercingWail"},{"not_picked":["Cloak And Dagger","Crippling Poison"],"picked":"Infinite Blades"},{"not_picked":["Dagger Spray","Heel Hook"],"picked":"Leg Sweep"},{"not_picked":["Poisoned Stab","Catalyst"],"picked":"Malaise"},{"not_picked":["Deadly Poison","Expertise"],"picked":"Sucker Punch"},{"not_picked":["Wraith Form","Corpse Explosion"],"picked":"After Image"},{"not_picked":["Slice","Endless Agony"],"picked":"Blade Dance"},{"not_picked":["Reflex","Choke"],"picked":"Tools of the Trade"},{"not_picked":["Dagger Spray","Outmaneuver"],"picked":"Cloak And Dagger"},{"not_picked":["Cloak And Dagger","Sucker Punch"],"picked":"Acrobatics"},{"not_picked":["Outmaneuver","Deadly Poison"],"picked":"Accuracy"},{"not_picked":["Night Terror","Adrenaline"],"picked":"Wraith Form"},{"not_picked":["Sucker Punch","Accuracy"],"picked":"Caltrops"},{"not_picked":["Eviscerate","Unload"],"picked":"Backstab"}],"player_experience":274713,"potions_floor_usage":[11,20,30,33,40,44,48],"damage_taken":[{"damage":0,"enemies":"Cultist","floor":1,"turns":5},{"damage":0,"enemies":"2 Louse","floor":3,"turns":2},{"damage":4,"enemies":"Jaw Worm","floor":7,"turns":6},{"damage":27,"enemies":"3 Sentries","floor":8,"turns":10},{"damage":25,"enemies":"Gremlin Nob","floor":11,"turns":6},{"damage":4,"enemies":"3 Louse","floor":14,"turns":4},{"damage":42,"enemies":"Hexaghost","floor":16,"turns":14},{"damage":15,"enemies":"Shell Parasite","floor":18,"turns":10},{"damage":17,"enemies":"2 Thieves","floor":20,"turns":4},{"damage":25,"enemies":"Slaver and Parasite","floor":22,"turns":8},{"damage":38,"enemies":"Gremlin Leader","floor":24,"turns":8},{"damage":18,"enemies":"Sentry and Sphere","floor":28,"turns":6},{"damage":21,"enemies":"Book of Stabbing","floor":30,"turns":6},{"damage":7,"enemies":"Snake Plant","floor":31,"turns":4},{"damage":46,"enemies":"Automaton","floor":33,"turns":9},{"damage":12,"enemies":"Orb Walker","floor":35,"turns":3},{"damage":37,"enemies":"2 Orb Walkers","floor":40,"turns":5},{"damage":34,"enemies":"Nemesis","floor":42,"turns":7},{"damage":33,"enemies":"Giant Head","floor":44,"turns":8},{"damage":6,"enemies":"3 Shapes","floor":46,"turns":4},{"damage":12,"enemies":"3 Darklings","floor":48,"turns":3},{"damage":110,"enemies":"Donu and Deca","floor":50,"turns":8}],"event_choices":[{"event_name":"Wheel of Change","player_choice":"Damage","floor":2,"damage_taken":0},{"event_name":"Scrap Ooze","player_choice":"success","floor":5,"damage_taken":7},{"event_name":"Transmorgrifier","player_choice":"Transform","floor":10,"damage_taken":0},{"event_name":"Liars Game","player_choice":"agreed","floor":13,"damage_taken":0},{"event_name":"Upgrade Shrine","player_choice":"Upgraded","floor":21,"damage_taken":0},{"event_name":"Mysterious Sphere","player_choice":"Ignore","floor":36,"damage_taken":0},{"event_name":"Upgrade Shrine","player_choice":"Upgraded","floor":38,"damage_taken":0},{"event_name":"Winding Halls","player_choice":"Embrace Madness","floor":41,"damage_taken":0}],"boss_relics":[{"not_picked":["Snecko Eye","Runic Dome"],"picked":"Ectoplasm"},{"not_picked":["Astrolabe","Calling Bell"],"picked":"The Specimen"}],"potions_floor_spawned":[7,16,24,28,30,42,44],"seed_played":"-982142032954697387","killed_by":"Donu and Deca","ascension_level":7,"is_trial":false}