{"gold_per_floor":[109,184,184,15,31,64,84,101,101,101,114,114,126,142,142,142],"floor_reached":16,"playtime":451,"items_purged":["Strike_B"],"score":142,"play_id":"84c98ecc-6e8a-4633-858a-8171b1352a0b","local_time":"20190216151105","is_ascension_mode":true,"campfire_choices":[{"data":"Genetic Algorithm","floor":10,"key":"SMITH"},{"data":"Leap","floor":12,"key":"SMITH"},{"floor":15,"key":"REST"}],"neow_cost":"NONE","seed_source_timestamp":112589693173043,"circlet_count":0,"master_deck":["Strike_B","Strike_B","Strike_B","Defend_B","Defend_B","Defend_B","Defend_B","Zap","Dualcast","Capacitor","Genetic Algorithm+1","Beam Cell","Consume","Leap+1","BootSequence","Tempest","Ball Lightning","Sweeping Beam"],"relics":["Cracked Core","NeowsBlessing","Potion Belt","Happy Flower"],"potions_floor_usage":[14],"damage_taken":[{"damage":0,"enemies":"Jaw Worm","floor":1,"turns":1},{"damage":0,"enemies":"2 Louse","floor":5,"turns":1},{"damage":0,"enemies":"Lagavulin","floor":6,"turns":1},{"damage":5,"enemies":"Cultist","floor":7,"turns":4},{"damage":35,"enemies":"Exordium Thugs","floor":8,"turns":6},{"damage":9,"enemies":"Red Slaver","floor":11,"turns":4},{"damage":1,"enemies":"Large Slime","floor":13,"turns":7},{"damage":9,"enemies":"Exordium Thugs","floor":14,"turns":5},{"damage":30,"enemies":"Slime Boss","floor":16,"turns":3}],"seed_played":"8743193956269116848","potions_obtained":[{"floor":1,"key":"Strength Potion"},{"floor":3,"key":"SpeedPotion"},{"floor":3,"key":"Ancient Potion"},{"floor":3,"key":"Weak Potion"},{"floor":6,"key":"GamblersBrew"},{"floor":8,"key":"EssenceOfSteel"},{"floor":13,"key":"FearPotion"}],"is_trial":false,"path_per_floor":["M","?","?","$","M","E","M","M","T","R","M","R","M","M","R","B"],"character_chosen":"DEFECT","items_purchased":["Genetic Algorithm","Beam Cell"],"campfire_rested":1,"item_purchase_floors":[4,4],"current_hp_per_floor":[75,64,64,64,64,64,59,24,24,24,15,15,14,5,27,0],"gold":142,"neow_bonus":"THREE_ENEMY_KILL","is_prod":false,"is_daily":false,"chose_seed":false,"campfire_upgraded":2,"win_rate":0,"timestamp":1550351465,"path_taken":["M","?","?","$","M","E","M","?","T","R","M","R","M","M","R","BOSS"],"build_version":"2019-01-23","purchased_purges":1,"victory":false,"max_hp_per_floor":[75,75,75,75,75,75,75,75,75,75,75,75,75,75,75,75],"card_choices":[{"not_picked":["Reprogram","Sweeping Beam"],"picked":"Capacitor","floor":1},{"not_picked":["Lockon","Recycle","Barrage"],"picked":"SKIP","floor":5},{"not_picked":["Sweeping Beam","Barrage"],"picked":"Consume","floor":6},{"not_picked":["Reboot","Static Discharge"],"picked":"Leap","floor":7},{"not_picked":["Barrage","FTL"],"picked":"BootSequence","floor":8},{"not_picked":["Hologram","Force Field"],"picked":"Tempest","floor":11},{"not_picked":["Fusion","BootSequence"],"picked":"Ball Lightning","floor":13},{"not_picked":["Reprogram","Ball Lightning"],"picked":"Sweeping Beam","floor":14}],"player_experience":200631,"relics_obtained":[{"floor":6,"key":"Potion Belt"},{"floor":9,"key":"Happy Flower"}],"event_choices":[{"damage_healed":0,"gold_gain":75,"player_choice":"Gather Gold","damage_taken":11,"max_hp_gain":0,"max_hp_loss":0,"event_name":"World of Goop","floor":2,"gold_loss":0},{"damage_healed":0,"gold_gain":0,"player_choice":"Got Potions","damage_taken":0,"max_hp_gain":0,"max_hp_loss":0,"event_name":"Lab","floor":3,"gold_loss":0}],"is_beta":false,"boss_relics":[],"items_purged_floors":[4],"is_endless":false,"potions_floor_spawned":[1,6,8,13],"killed_by":"Slime Boss","ascension_level":2}