{"gold_per_floor":[110,110,63,82,95,152,40,40,66,83,109,109,136,147,147,251,251,269,287,18,33,33,64,64,82,108,8,8,8,22,22,22,22],"floor_reached":33,"playtime":1491,"items_purged":["Strike_B","Strike_B"],"score":285,"play_id":"5925cba8-8c3d-4052-aa47-7580fdb488db","local_time":"20190209124953","is_ascension_mode":false,"campfire_choices":[{"data":"White Noise","floor":8,"key":"SMITH"},{"floor":12,"key":"REST"},{"data":"Beam Cell","floor":15,"key":"SMITH"},{"floor":24,"key":"REST"},{"floor":29,"key":"REST"},{"data":"Doom and Gloom","floor":32,"key":"SMITH"}],"neow_cost":"NONE","seed_source_timestamp":37534185996310,"circlet_count":0,"master_deck":["Defend_B","Defend_B","Defend_B","Defend_B","Zap","Dualcast","Beam Cell+1","Cold Snap","Sweeping Beam","Conserve Battery","Tempest","Defragment","White Noise+1","Go for the Eyes+1","Chill","Doom and Gloom","Biased Cognition","Doom and Gloom+1","Cold Snap+1","Ball Lightning+1","Reprogram","Leap","Hologram+1"],"relics":["Cracked Core","Tiny Chest","Orichalcum","Centennial Puzzle","Bag of Preparation","Inserter","Toolbox","Anchor","Happy Flower","Enchiridion"],"potions_floor_usage":[14,30,33],"damage_taken":[{"damage":3,"enemies":"Jaw Worm","floor":1,"turns":3},{"damage":0,"enemies":"Cultist","floor":4,"turns":3},{"damage":5,"enemies":"Small Slimes","floor":5,"turns":3},{"damage":22,"enemies":"Lagavulin","floor":6,"turns":6},{"damage":13,"enemies":"Exordium Thugs","floor":10,"turns":4},{"damage":20,"enemies":"Gremlin Nob","floor":11,"turns":4},{"damage":10,"enemies":"Lagavulin","floor":13,"turns":5},{"damage":0,"enemies":"Large Slime","floor":14,"turns":5},{"damage":16,"enemies":"Hexaghost","floor":16,"turns":7},{"damage":12,"enemies":"3 Byrds","floor":18,"turns":4},{"damage":12,"enemies":"2 Thieves","floor":19,"turns":3},{"damage":5,"enemies":"Snecko","floor":21,"turns":6},{"damage":26,"enemies":"Slavers","floor":23,"turns":4},{"damage":12,"enemies":"Snake Plant","floor":25,"turns":3},{"damage":3,"enemies":"Shelled Parasite and Fungi","floor":30,"turns":3},{"damage":50,"enemies":"Collector","floor":33,"turns":10}],"seed_played":"7107376808240569274","potions_obtained":[{"floor":5,"key":"Dexterity Potion"},{"floor":13,"key":"EssenceOfSteel"},{"floor":16,"key":"LiquidBronze"},{"floor":21,"key":"Fire Potion"}],"is_trial":false,"path_per_floor":["M","?","$","M","M","E","$","R","T","M","E","R","E","M","R","B",null,"M","M","$","M","?","E","R","M","T","$","?","R","M","?","R","B"],"character_chosen":"DEFECT","items_purchased":["Cold Snap","Defragment","White Noise","Toolbox"],"campfire_rested":3,"item_purchase_floors":[3,7,7,20],"current_hp_per_floor":[79,79,79,79,74,52,52,52,52,39,19,43,33,33,33,17,82,70,58,58,53,53,27,51,39,39,39,23,47,44,44,44,0],"gold":22,"neow_bonus":"TEN_PERCENT_HP_BONUS","is_prod":false,"is_daily":false,"chose_seed":false,"campfire_upgraded":3,"win_rate":0,"timestamp":1549738193,"path_taken":["M","?","$","M","M","E","?","R","T","M","E","R","E","M","R","BOSS","M","M","$","?","?","E","R","M","T","?","?","R","M","?","R","BOSS"],"build_version":"2019-01-23","purchased_purges":2,"victory":false,"max_hp_per_floor":[82,82,82,82,82,82,82,82,82,82,82,82,82,82,82,82,82,82,82,82,82,82,82,82,82,82,82,82,82,82,82,82,82],"card_choices":[{"not_picked":["Redo","Blizzard"],"picked":"Beam Cell","floor":1},{"not_picked":["Rebound","Steam"],"picked":"Sweeping Beam","floor":4},{"not_picked":["Stack","Barrage"],"picked":"Conserve Battery","floor":5},{"not_picked":["Conserve Battery","Steam"],"picked":"Tempest","floor":6},{"not_picked":["Hyperbeam","Steam","Double Energy"],"picked":"SKIP","floor":10},{"not_picked":["Conserve Battery","Fusion"],"picked":"Go for the Eyes","floor":11},{"not_picked":["Reinforced Body","Redo"],"picked":"Chill","floor":13},{"not_picked":["Gash","Melter"],"picked":"Doom and Gloom","floor":14},{"not_picked":["Reboot","Multi-Cast"],"picked":"Biased Cognition","floor":16},{"not_picked":["Rebound+1","Static Discharge+1"],"picked":"Doom and Gloom","floor":18},{"not_picked":["Gash+1","Storm+1"],"picked":"Cold Snap+1","floor":19},{"not_picked":["Sweeping Beam+1","Fusion"],"picked":"Ball Lightning+1","floor":21},{"not_picked":["Gash+1","Sweeping Beam+1"],"picked":"Reprogram","floor":23},{"not_picked":["Go for the Eyes","Reinforced Body"],"picked":"Leap","floor":25},{"not_picked":["Hyperbeam","Recycle"],"picked":"Hologram+1","floor":30}],"player_experience":136479,"relics_obtained":[{"floor":6,"key":"Tiny Chest"},{"floor":9,"key":"Orichalcum"},{"floor":11,"key":"Centennial Puzzle"},{"floor":13,"key":"Bag of Preparation"},{"floor":23,"key":"Anchor"},{"floor":26,"key":"Happy Flower"},{"floor":28,"key":"Enchiridion"}],"event_choices":[{"cards_removed":["Strike_B"],"damage_healed":0,"gold_gain":0,"player_choice":"Purged","damage_taken":0,"max_hp_gain":0,"max_hp_loss":0,"event_name":"Purifier","floor":2,"gold_loss":0},{"damage_healed":0,"gold_gain":0,"player_choice":"Forge","damage_taken":0,"max_hp_gain":0,"max_hp_loss":0,"event_name":"Accursed Blacksmith","floor":22,"gold_loss":0,"cards_upgraded":["Go for the Eyes"]},{"damage_healed":0,"gold_gain":0,"player_choice":"Obtained Book","damage_taken":16,"max_hp_gain":0,"max_hp_loss":0,"event_name":"Cursed Tome","floor":28,"gold_loss":0},{"cards_removed":["Strike_B"],"damage_healed":0,"gold_gain":0,"player_choice":"Purged","damage_taken":0,"max_hp_gain":0,"max_hp_loss":0,"event_name":"Purifier","floor":31,"gold_loss":0}],"is_beta":false,"boss_relics":[{"not_picked":["Pandora\u0027s Box","Nuclear Battery"],"picked":"Inserter"}],"items_purged_floors":[20,27],"is_endless":false,"potions_floor_spawned":[5,13,16,21,25],"killed_by":"Collector","ascension_level":0}