{"gold_per_floor":[112,127,52,52,52,52,52,52,125,125,138,173,173,184,184,287,287,298,397,415,433,87,120,120,139,139,139,14,26,42,42,42,42],"floor_reached":33,"playtime":1424,"items_purged":["Strike_B","Strike_B","Strike_B"],"score":292,"play_id":"92bed983-884b-4ad5-9167-3526b8e984bc","local_time":"20180704190913","is_ascension_mode":true,"campfire_choices":[{"data":"Zap","floor":7,"key":"SMITH"},{"data":"Dualcast","floor":10,"key":"SMITH"},{"data":"Hologram","floor":13,"key":"SMITH"},{"floor":15,"key":"REST"},{"floor":24,"key":"REST"},{"data":"Gash","floor":27,"key":"SMITH"},{"floor":32,"key":"REST"}],"neow_cost":"NONE","seed_source_timestamp":28612187506216,"circlet_count":0,"master_deck":["Strike_B","Defend_B","Defend_B","Defend_B","Defend_B","Zap+1","Dualcast+1","Machine Learning","FTL+1","Loop","Ball Lightning","Hologram+1","All For One","Conserve Battery","Streamline","Beam Cell+1","Chaos+1","Gash+1","Electrodynamics+1"],"relics":["Cracked Core","Question Card","Bag of Marbles","Sozu","Mummified Hand","Frozen Egg 2","Bottled Flame"],"potions_floor_usage":[16,33],"damage_taken":[{"damage":1,"enemies":"Cultist","floor":1,"turns":3},{"damage":0,"enemies":"2 Louse","floor":2,"turns":3},{"damage":2,"enemies":"Jaw Worm","floor":11,"turns":2},{"damage":36,"enemies":"Lagavulin","floor":12,"turns":5},{"damage":1,"enemies":"Looter","floor":14,"turns":2},{"damage":31,"enemies":"Slime Boss","floor":16,"turns":7},{"damage":7,"enemies":"Chosen","floor":18,"turns":2},{"damage":4,"enemies":"Spheric Guardian","floor":20,"turns":3},{"damage":16,"enemies":"Snake Plant","floor":21,"turns":4},{"damage":19,"enemies":"Book of Stabbing","floor":23,"turns":4},{"damage":7,"enemies":"Cultist and Chosen","floor":25,"turns":3},{"damage":0,"enemies":"Centurion and Healer","floor":29,"turns":5},{"damage":12,"enemies":"Sentry and Sphere","floor":30,"turns":4},{"damage":56,"enemies":"Champ","floor":33,"turns":5}],"seed_played":"-3296974969109585723","potions_obtained":[{"floor":1,"key":"SpeedPotion"},{"floor":6,"key":"Weak Potion"},{"floor":6,"key":"SteroidPotion"},{"floor":12,"key":"Explosive Potion"},{"floor":14,"key":"Dexterity Potion"},{"floor":16,"key":"FocusPotion"}],"is_trial":false,"path_per_floor":["M","M","$","?","$","?","R","?","T","R","M","E","R","M","R","B",null,"M","?","M","M","$","E","R","M","T","R","$","M","M","$","R"],"character_chosen":"DEFECT","items_purchased":["Mummified Hand"],"campfire_rested":3,"item_purchase_floors":[22],"current_hp_per_floor":[74,74,74,74,74,74,74,74,74,74,72,36,36,35,57,26,75,68,68,64,48,48,29,51,44,44,44,44,44,32,32,54,0],"gold":42,"neow_bonus":"ONE_RANDOM_RARE_CARD","is_prod":false,"is_daily":false,"chose_seed":false,"campfire_upgraded":4,"win_rate":0,"timestamp":1530742153,"path_taken":["M","?","?","?","$","?","R","?","T","R","?","E","R","M","R","BOSS","M","?","?","?","$","E","R","M","T","R","$","M","M","$","R","BOSS"],"build_version":"2018-07-03","purchased_purges":3,"victory":false,"max_hp_per_floor":[75,75,75,75,75,75,75,75,75,75,75,75,75,75,75,75,75,75,75,75,75,75,75,75,75,75,75,75,75,75,75,75,75],"card_choices":[{"not_picked":["Fusion","Streamline"],"picked":"FTL","floor":1},{"not_picked":["Rebound","Aggregate"],"picked":"Loop","floor":2},{"not_picked":["FTL","Hello World","Go for the Eyes"],"picked":"Ball Lightning","floor":11},{"not_picked":["Double Energy","Turbo","Sweeping Beam"],"picked":"Hologram","floor":12},{"not_picked":["Turbo","Rebound","Barrage","Auto Shields"],"picked":"SKIP","floor":14},{"not_picked":["Echo Form","Hyperbeam","Amplify"],"picked":"All For One","floor":16},{"not_picked":["Reinforced Body","Loop","Turbo"],"picked":"Conserve Battery","floor":18},{"not_picked":["Stack","Reprogram","Redo"],"picked":"Streamline","floor":20},{"not_picked":["Steam","Barrage","Sunder"],"picked":"Beam Cell+1","floor":21},{"not_picked":["Sweeping Beam","Aggregate","Undo"],"picked":"Chaos+1","floor":23},{"not_picked":["Coolheaded+1","BootSequence+1","Conserve Battery"],"picked":"Gash","floor":25},{"not_picked":["Steam Power","Consume","Ball Lightning"],"picked":"Electrodynamics+1","floor":29},{"not_picked":["Ball Lightning","Redo","Sweeping Beam","Lockon"],"picked":"SKIP","floor":30}],"player_experience":811977,"relics_obtained":[{"floor":9,"key":"Question Card"},{"floor":12,"key":"Bag of Marbles"},{"floor":23,"key":"Frozen Egg 2"},{"floor":26,"key":"Bottled Flame"}],"event_choices":[{"event_name":"Accursed Blacksmith","player_choice":"Forge","floor":4,"damage_taken":0},{"event_name":"The Lab","player_choice":"Got Potions","floor":6,"damage_taken":0},{"event_name":"The Woman in Blue","player_choice":"Bought 0 Potions","floor":8,"damage_taken":0},{"event_name":"Nest","player_choice":"Stole From Cult","floor":19,"damage_taken":0}],"boss_relics":[{"not_picked":["Lizard Tail","Empty Cage"],"picked":"Sozu"}],"items_purged_floors":[3,22,28],"is_endless":false,"potions_floor_spawned":[1,12,14,16,18,20,25],"killed_by":"Champ","ascension_level":2}