{"gold_per_floor":[119,138,138,148,34,64,64,76,126,26,26,26,26,37,37,37],"floor_reached":16,"playtime":935,"items_purged":["Strike_G","Strike_G"],"score":100,"play_id":"45726e81-45a9-4614-8747-6f045592846e","local_time":"20180722001814","is_ascension_mode":false,"campfire_choices":[{"data":"Accuracy","floor":7,"key":"SMITH"},{"data":"Neutralize","floor":13,"key":"SMITH"},{"data":"Caltrops","floor":15,"key":"SMITH"}],"neow_cost":"NONE","seed_source_timestamp":123329826779711,"circlet_count":0,"master_deck":["Defend_G","Defend_G","Defend_G","Defend_G","Strike_G","Strike_G","Strike_G","Survivor","Neutralize+1","Deflect","Caltrops+1","Quick Slash","Backstab","Accuracy+1","Dagger Throw","Heel Hook"],"relics":["Ring of the Snake","Letter Opener","Oddly Smooth Stone"],"potions_floor_usage":[16,16],"damage_taken":[{"damage":3,"enemies":"Small Slimes","floor":1,"turns":4},{"damage":5,"enemies":"Jaw Worm","floor":2,"turns":7},{"damage":1,"enemies":"Cultist","floor":4,"turns":4},{"damage":22,"enemies":"3 Sentries","floor":6,"turns":10},{"damage":10,"enemies":"Lots of Slimes","floor":8,"turns":3},{"damage":4,"enemies":"Looter","floor":14,"turns":3},{"damage":67,"enemies":"Slime Boss","floor":16,"turns":13}],"seed_played":"2425948373031751542","potions_obtained":[{"floor":6,"key":"GamblersBrew"},{"floor":8,"key":"Dexterity Potion"},{"floor":14,"key":"SteroidPotion"}],"is_trial":false,"path_per_floor":["M","M","?","M","$","E","R","M","T","$","?","?","R","M","R"],"character_chosen":"THE_SILENT","items_purchased":["Backstab"],"campfire_rested":0,"item_purchase_floors":[5],"current_hp_per_floor":[67,62,55,54,54,32,32,22,22,22,45,70,70,66,66,0],"gold":37,"neow_bonus":"THREE_CARDS","is_prod":false,"is_daily":false,"chose_seed":false,"campfire_upgraded":3,"win_rate":0,"timestamp":1532243894,"path_taken":["M","M","?","?","?","E","R","M","T","$","?","?","R","M","R","BOSS"],"build_version":"2018-07-19v2","purchased_purges":2,"victory":false,"max_hp_per_floor":[70,70,70,70,70,70,70,70,70,70,70,70,70,70,70,70],"card_choices":[{"not_picked":["Dagger Throw","Flying Knee"],"picked":"Crippling Poison","floor":0},{"not_picked":["Acrobatics","Underhanded Strike"],"picked":"Deflect","floor":1},{"not_picked":["Masterful Stab","Dodge and Roll"],"picked":"Caltrops","floor":2},{"not_picked":["Bouncing Flask","Backflip"],"picked":"Quick Slash","floor":4},{"not_picked":["Bane","Dash"],"picked":"Accuracy","floor":6},{"not_picked":["Eviscerate","Expertise"],"picked":"Dagger Throw","floor":8},{"not_picked":["Blur","Underhanded Strike"],"picked":"Heel Hook","floor":14}],"player_experience":66508,"relics_obtained":[{"floor":6,"key":"Letter Opener"},{"floor":9,"key":"Oddly Smooth Stone"}],"event_choices":[{"event_name":"Golden Wing","player_choice":"Card Removal","floor":3,"damage_taken":0},{"event_name":"Big Fish","player_choice":"Banana","floor":11,"damage_taken":0},{"event_name":"Bonfire Elementals","player_choice":"UNCOMMON","floor":12,"damage_taken":0}],"is_beta":false,"boss_relics":[],"items_purged_floors":[5,10],"is_endless":false,"potions_floor_spawned":[6,8,14],"killed_by":"Slime Boss","ascension_level":0}