{"path_per_floor":["M","M","?","M","?","R","M","M","T","?","R","M","?","M","R"],"character_chosen":"THE_SILENT","items_purchased":[],"gold_per_floor":[112,125,225,237,237,237,256,266,343,343,343,358,358,372,372,372],"floor_reached":16,"campfire_rested":2,"playtime":446,"item_purchase_floors":[],"current_hp_per_floor":[60,52,52,42,42,42,20,17,17,10,31,31,31,31,52,0],"items_purged":[],"gold":372,"score":94,"play_id":"f1618610-d03c-4b3f-a112-906b8082c457","local_time":"20180523001958","is_prod":false,"is_daily":false,"chose_seed":false,"is_ascension_mode":false,"campfire_upgraded":1,"timestamp":1527045598,"campfire_choices":[{"data":"Phantasmal Killer","floor":6,"key":"SMITH"},{"floor":11,"key":"REST"},{"floor":15,"key":"REST"}],"path_taken":["M","M","?","?","?","R","M","M","T","?","R","M","?","?","R","BOSS"],"build_version":"2018-05-21v2","seed_source_timestamp":50949353262344,"purchased_purges":0,"victory":false,"master_deck":["Defend_G","Defend_G","Defend_G","Defend_G","Strike_G","Strike_G","Strike_G","Strike_G","Strike_G","Survivor","Neutralize","Phantasmal Killer+1","Acrobatics","Flying Knee","Dagger Spray","Escape Plan"],"max_hp_per_floor":[70,70,70,70,70,70,70,70,70,70,70,70,70,70,70,70],"relics":["Ring of the Snake"],"card_choices":[{"not_picked":["Prepared","Deflect"],"picked":"Acrobatics","floor":1},{"not_picked":["Skewer","Deflect"],"picked":"Flying Knee","floor":2},{"not_picked":["Footwork","Leg Sweep"],"picked":"Dagger Spray","floor":4},{"not_picked":["Deflect","Bouncing Flask","Expertise"],"picked":"SKIP","floor":7},{"not_picked":["Quick Slash","Heel Hook","Dagger Throw"],"picked":"SKIP","floor":8},{"not_picked":["Leg Sweep","Skewer"],"picked":"Escape Plan","floor":12},{"not_picked":["Poisoned Stab","Quick Slash","Prepared"],"picked":"SKIP","floor":14}],"player_experience":800204,"potions_floor_usage":[14,14,14],"damage_taken":[{"damage":10,"enemies":"Jaw Worm","floor":1,"turns":4},{"damage":8,"enemies":"Cultist","floor":2,"turns":5},{"damage":10,"enemies":"Small Slimes","floor":4,"turns":4},{"damage":22,"enemies":"Exordium Wildlife","floor":7,"turns":4},{"damage":3,"enemies":"Red Slaver","floor":8,"turns":3},{"damage":0,"enemies":"Looter","floor":12,"turns":2},{"damage":0,"enemies":"Large Slime","floor":14,"turns":4},{"damage":55,"enemies":"The Guardian","floor":16,"turns":8}],"relics_obtained":[],"event_choices":[{"event_name":"Golden Shrine","player_choice":"Pray","floor":3,"damage_taken":0},{"event_name":"The Woman in Blue","player_choice":"Bought 0 Potions","floor":5,"damage_taken":0},{"event_name":"Golden Wing","player_choice":"Card Removal","floor":10,"damage_taken":0},{"event_name":"Liars Game","player_choice":"disagreed","floor":13,"damage_taken":0}],"boss_relics":[],"items_purged_floors":[],"potions_floor_spawned":[2,7,8,12],"seed_played":"-4206931466882379284","killed_by":"The Guardian","ascension_level":0,"potions_obtained":[{"floor":2,"key":"Poison Potion"},{"floor":7,"key":"Fire Potion"},{"floor":8,"key":"SmokeBomb"},{"floor":12,"key":"Swift Potion"}],"is_trial":false}