{"gold_per_floor":[113,125,50,66,80,80,113,13,13,43,43,43,55,75,75,176,176,195,195,18,18,34,64,264,264,312,328,62,62,73,73,73,178,178,198,213,63,163,181,181,212,212,212,230,155,155,0,0,0,0],"floor_reached":50,"playtime":2263,"items_purged":["Defend_B","Strike_B","Shame","Strike_B"],"score":685,"play_id":"9a717aaa-8c70-4802-8f08-e6e158aefbc1","local_time":"20190113195324","is_ascension_mode":true,"campfire_choices":[{"data":"Apotheosis","floor":6.0,"key":"SMITH"},{"floor":11.0,"key":"REST"},{"floor":15.0,"key":"REST"},{"floor":25.0,"key":"REST"},{"floor":29.0,"key":"REST"},{"floor":32.0,"key":"REST"},{"floor":40.0,"key":"REST"},{"floor":42.0,"key":"REST"},{"floor":49.0,"key":"RECALL"}],"neow_cost":"TEN_PERCENT_HP_LOSS","seed_source_timestamp":0,"circlet_count":0,"master_deck":["Strike_B","Strike_B","Defend_B","Defend_B","Defend_B","Zap","Dualcast","Secret Weapon","Apotheosis+1","Go for the Eyes","Static Discharge","Scrape+1","Double Energy+1","Ball Lightning","Electrodynamics","Cold Snap","Auto Shields+1","Metamorphosis+1","Hologram+1","Chill+1","Thunder Strike","Echo Form","Force Field+1","Beam Cell+1","White Noise+1","Deep Breath+1","Writhe"],"special_seed":0,"relics":["Cracked Core","Darkstone Periapt","Toxic Egg 2","Boot","Inserter","Vajra","Du-Vu Doll","Ancient Tea Set","Sozu","Pocketwatch","Meat on the Bone","Red Mask"],"potions_floor_usage":[50],"damage_taken":[{"damage":6.0,"enemies":"Cultist","floor":1.0,"turns":3.0},{"damage":0.0,"enemies":"2 Louse","floor":2.0,"turns":1.0},{"damage":4.0,"enemies":"Small Slimes","floor":4.0,"turns":3.0},{"damage":11.0,"enemies":"3 Louse","floor":5.0,"turns":3.0},{"damage":27.0,"enemies":"Lagavulin","floor":7.0,"turns":6.0},{"damage":14.0,"enemies":"Gremlin Nob","floor":10.0,"turns":4.0},{"damage":17.0,"enemies":"Lots of Slimes","floor":13.0,"turns":3.0},{"damage":0.0,"enemies":"2 Fungi Beasts","floor":14.0,"turns":2.0},{"damage":0.0,"enemies":"Slime Boss","floor":16.0,"turns":6.0},{"damage":11.0,"enemies":"Spheric Guardian","floor":18.0,"turns":3.0},{"damage":7.0,"enemies":"Chosen","floor":22.0,"turns":4.0},{"damage":44.0,"enemies":"Slavers","floor":23.0,"turns":4.0},{"damage":11.0,"enemies":"3 Cultists","floor":27.0,"turns":3.0},{"damage":0.0,"enemies":"Centurion and Healer","floor":30.0,"turns":7.0},{"damage":49.0,"enemies":"Collector","floor":33.0,"turns":7.0},{"damage":0.0,"enemies":"3 Shapes","floor":35.0,"turns":3.0},{"damage":23.0,"enemies":"Orb Walker","floor":36.0,"turns":3.0},{"damage":7.0,"enemies":"Mind Bloom Boss Battle","floor":38.0,"turns":5.0},{"damage":15.0,"enemies":"4 Shapes","floor":39.0,"turns":4.0},{"damage":11.0,"enemies":"Giant Head","floor":41.0,"turns":5.0},{"damage":34.0,"enemies":"Jaw Worm Horde","floor":44.0,"turns":4.0},{"damage":52,"enemies":"Donu and Deca","floor":50,"turns":6}],"seed_played":"1855740392674439010","potions_obtained":[{"floor":1.0,"key":"SteroidPotion"},{"floor":7.0,"key":"LiquidBronze"},{"floor":13.0,"key":"FocusPotion"},{"floor":14.0,"key":"PowerPotion"},{"floor":18.0,"key":"Poison Potion"},{"floor":22.0,"key":"Ancient Potion"},{"floor":30.0,"key":"Poison Potion"},{"floor":33.0,"key":"PowerPotion"}],"is_trial":false,"path_per_floor":["M","M","$","M","M","R","E","$","T","E","R","?","M","M","R","B",null,"M","?","$","?","M","E","?","R","T","M","$","R","M","?","R","B",null,"M","M","$","?","M","R","E","R","T","M","$","?","?","?","R","B"],"character_chosen":"DEFECT","items_purchased":["Metamorphosis+1","Thunder Strike","White Noise+1"],"campfire_rested":7,"item_purchase_floors":[20,28,45],"current_hp_per_floor":[62,62,62,58,47,47,20,20,20,6,26,26,9,9,29,29,58,47,47,47,53,46,2,2,24,24,13,13,35,35,35,57,8,58,58,35,35,28,13,35,24,46,46,24,24,24,24,49,49,0],"gold":0,"neow_bonus":"RANDOM_COLORLESS_2","is_prod":false,"is_daily":false,"chose_seed":false,"campfire_upgraded":1,"win_rate":0,"timestamp":1547416404,"path_taken":["M","?","$","M","M","R","E","$","T","E","R","?","?","M","R","BOSS","M","?","$","?","M","E","?","R","T","M","$","R","?","?","R","BOSS","M","M","$","?","M","R","E","R","T","M","?","?","?","?","R","BOSS"],"build_version":"2019-01-10","purchased_purges":4,"victory":false,"max_hp_per_floor":[68,68,68,68,68,68,68,68,68,68,68,68,68,68,68,68,68,68,68,68,74,74,74,74,74,74,74,74,74,74,74,74,74,74,74,74,74,74,74,74,74,74,74,74,74,74,74,80,80,80],"card_choices":[{"not_picked":["Sweeping Beam","Stack"],"picked":"Go for the Eyes","floor":1.0},{"not_picked":["Coolheaded","Barrage","Melter"],"picked":"SKIP","floor":2.0},{"not_picked":["Double Energy","Melter"],"picked":"Static Discharge","floor":4.0},{"not_picked":["Glacier","Beam Cell"],"picked":"Scrape","floor":5.0},{"not_picked":["Fusion","Recycle","Chill"],"picked":"SKIP","floor":7.0},{"not_picked":["BootSequence+1","Fission+1"],"picked":"Double Energy+1","floor":10.0},{"not_picked":["Loop","Stack+1"],"picked":"Ball Lightning","floor":13.0},{"not_picked":["Compile Driver","Defragment","Scrape"],"picked":"SKIP","floor":14.0},{"not_picked":["Machine Learning","Seek+1"],"picked":"Electrodynamics","floor":16.0},{"not_picked":["Coolheaded+1","Compile Driver"],"picked":"Cold Snap","floor":18.0},{"not_picked":["Ball Lightning","Leap+1"],"picked":"Hologram+1","floor":22.0},{"not_picked":["Coolheaded+1","Undo+1","Barrage"],"picked":"SKIP","floor":23.0},{"not_picked":["Reinforced Body+1","Coolheaded+1"],"picked":"Chill+1","floor":27.0},{"not_picked":["Cold Snap+1","Glacier+1","Chaos+1"],"picked":"SKIP","floor":30.0},{"not_picked":["Amplify+1","Biased Cognition"],"picked":"Echo Form","floor":33.0},{"not_picked":["Turbo+1","Redo+1","Auto Shields+1"],"picked":"SKIP","floor":35.0},{"not_picked":["Static Discharge+1","Streamline"],"picked":"Force Field+1","floor":36.0},{"not_picked":["Turbo+1","Chill+1"],"picked":"Beam Cell+1","floor":38.0},{"not_picked":["Rip and Tear+1","Leap+1","Compile Driver+1"],"picked":"SKIP","floor":39.0},{"not_picked":["Beam Cell+1","Ball Lightning","Compile Driver+1"],"picked":"SKIP","floor":41.0},{"not_picked":["Ball Lightning+1","Glacier+1","Go for the Eyes+1"],"picked":"SKIP","floor":44.0},{"not_picked":["Mind Blast","Enlightenment+1"],"picked":"Deep Breath+1","floor":46.0}],"player_experience":897213,"relics_obtained":[{"floor":7.0,"key":"Darkstone Periapt"},{"floor":9.0,"key":"Toxic Egg 2"},{"floor":10.0,"key":"Boot"},{"floor":23.0,"key":"Du-Vu Doll"},{"floor":26.0,"key":"Ancient Tea Set"},{"floor":38.0,"key":"Pocketwatch"},{"floor":41.0,"key":"Meat on the Bone"}],"event_choices":[{"damage_healed":0.0,"max_hp_gain":0.0,"max_hp_loss":0.0,"gold_gain":0.0,"event_name":"Upgrade Shrine","player_choice":"Upgraded","floor":12.0,"gold_loss":0.0,"damage_taken":0.0,"cards_upgraded":["Scrape"]},{"damage_healed":0.0,"max_hp_gain":0.0,"max_hp_loss":0.0,"gold_gain":0.0,"event_name":"The Library","player_choice":"Read","floor":19.0,"gold_loss":0.0,"damage_taken":0.0,"cards_obtained":["Auto Shields"]},{"damage_healed":0.0,"max_hp_gain":0.0,"max_hp_loss":0.0,"gold_gain":0.0,"event_name":"Addict","player_choice":"Stole Relic","floor":21.0,"gold_loss":0.0,"damage_taken":0.0,"relics_obtained":["Vajra"],"cards_obtained":["Shame"]},{"damage_healed":0.0,"max_hp_gain":0.0,"max_hp_loss":0.0,"gold_gain":200.0,"event_name":"Wheel of Change","player_choice":"Gold","floor":24.0,"gold_loss":0.0,"damage_taken":0.0},{"damage_healed":0.0,"max_hp_gain":0.0,"max_hp_loss":0.0,"gold_gain":0.0,"event_name":"Vampires","player_choice":"Ignored","floor":31.0,"gold_loss":0.0,"damage_taken":0.0},{"damage_healed":0.0,"max_hp_gain":0.0,"max_hp_loss":0.0,"gold_gain":0.0,"event_name":"MindBloom","player_choice":"Fight","floor":38.0,"gold_loss":0.0,"damage_taken":0.0},{"damage_healed":0.0,"max_hp_gain":0.0,"max_hp_loss":0.0,"gold_gain":0.0,"event_name":"SensoryStone","player_choice":"Memory 1","floor":46.0,"gold_loss":0.0,"damage_taken":0.0},{"damage_healed":0.0,"max_hp_gain":0.0,"max_hp_loss":0.0,"gold_gain":0.0,"event_name":"Tomb of Lord Red Mask","player_choice":"Paid","floor":47.0,"gold_loss":155.0,"damage_taken":0.0,"relics_obtained":["Red Mask"]},{"damage_healed":19.0,"max_hp_gain":0.0,"max_hp_loss":0.0,"gold_gain":0.0,"event_name":"Winding Halls","player_choice":"Writhe","floor":48.0,"gold_loss":0.0,"damage_taken":0.0,"cards_obtained":["Writhe"]}],"is_beta":true,"boss_relics":[{"not_picked":["Calling Bell","Orrery"],"picked":"Inserter"},{"not_picked":["Pandora\u0027s Box","Fusion Hammer"],"picked":"Sozu"}],"items_purged_floors":[3,8,28,37],"is_endless":false,"potions_floor_spawned":[1,7,13,14,18,22,30,33,36,41,44],"killed_by":"Donu and Deca","ascension_level":5}