{"gold_per_floor":[118,88,106,119,138,164,164,199,253,272,304,304,333,333,333,429,429,449,449,449,465,478,478],"floor_reached":23,"playtime":838,"items_purged":[],"score":308,"play_id":"e3d759c9-6435-424c-8562-7263438895e1","local_time":"20190304190604","is_ascension_mode":true,"campfire_choices":[{"data":"Auto Shields","floor":7.0,"key":"SMITH"},{"data":"Ball Lightning","floor":12.0,"key":"SMITH"},{"data":"Genetic Algorithm","floor":15.0,"key":"SMITH"}],"neow_cost":"NONE","seed_source_timestamp":0,"circlet_count":0,"master_deck":["Strike_B","Strike_B","Strike_B","Strike_B","Defend_B+1","Defend_B","Defend_B","Defend_B","Zap+1","Dualcast","Auto Shields+1","Leap","Rebound","Ball Lightning+1","Ball Lightning","Go for the Eyes","Genetic Algorithm+1","Reinforced Body","Echo Form","Conserve Battery","Deep Breath","Biased Cognition","Ball Lightning+1"],"special_seed":0,"relics":["FrozenCore","PreservedInsect","Blood Vial","Dodecahedron","War Paint","Juzu Bracelet","Ancient Tea Set","Toxic Egg 2"],"potions_floor_usage":[],"damage_taken":[{"damage":7.0,"enemies":"Small Slimes","floor":1.0,"turns":3.0},{"damage":0.0,"enemies":"Cultist","floor":3.0,"turns":4.0},{"damage":1.0,"enemies":"Jaw Worm","floor":4.0,"turns":3.0},{"damage":4.0,"enemies":"Looter","floor":5.0,"turns":3.0},{"damage":5.0,"enemies":"3 Sentries","floor":6.0,"turns":6.0},{"damage":0.0,"enemies":"Gremlin Nob","floor":8.0,"turns":3.0},{"damage":0.0,"enemies":"Large Slime","floor":10.0,"turns":4.0},{"damage":1.0,"enemies":"Lagavulin","floor":11.0,"turns":4.0},{"damage":1.0,"enemies":"3 Sentries","floor":13.0,"turns":4.0},{"damage":13.0,"enemies":"The Guardian","floor":16.0,"turns":11.0},{"damage":16,"enemies":"Chosen","floor":18,"turns":6},{"damage":2,"enemies":"Spheric Guardian","floor":21,"turns":6},{"damage":34,"enemies":"Snake Plant","floor":22,"turns":6},{"damage":15,"enemies":"3 Cultists","floor":23,"turns":3}],"seed_played":"6941849757613685031","potions_obtained":[{"floor":1.0,"key":"SpeedPotion"},{"floor":2.0,"key":"GamblersBrew"},{"floor":2.0,"key":"GamblersBrew"},{"floor":5.0,"key":"Swift Potion"},{"floor":14.0,"key":"Fruit Juice"},{"floor":14.0,"key":"EntropicBrew"}],"is_trial":false,"path_per_floor":["M","?","M","M","M","E","R","E","T","M","E","R","E","?","R","B",null,"M","?","T","M","M","M"],"character_chosen":"DEFECT","items_purchased":[],"campfire_rested":0,"item_purchase_floors":[],"current_hp_per_floor":[68,68,68,67,63,58,58,60,60,62,63,63,64,69,69,58,75,61,45,45,45,13,0],"gold":478,"neow_bonus":"RANDOM_COMMON_RELIC","is_prod":false,"is_daily":false,"chose_seed":false,"campfire_upgraded":3,"win_rate":0,"timestamp":1551747964,"path_taken":["M","?","M","M","M","E","R","E","T","M","E","R","E","?","R","BOSS","M","?","?","M","M","M"],"build_version":"2019-01-23","purchased_purges":0,"victory":false,"max_hp_per_floor":[75,75,75,75,75,75,75,75,75,75,75,75,75,80,80,80,80,80,80,80,80,80,80],"card_choices":[{"not_picked":["Steam","Leap"],"picked":"Auto Shields","floor":1.0},{"not_picked":["Chaos","Rebound"],"picked":"Leap","floor":3.0},{"not_picked":["Beam Cell","Barrage"],"picked":"Rebound","floor":4.0},{"not_picked":["Storm","Stack"],"picked":"Ball Lightning","floor":5.0},{"not_picked":["Skim","Redo"],"picked":"Ball Lightning","floor":6.0},{"not_picked":["Blizzard","Auto Shields"],"picked":"Go for the Eyes","floor":8.0},{"not_picked":["Streamline","Stack"],"picked":"Genetic Algorithm","floor":10.0},{"not_picked":["Double Energy","Turbo","Stack"],"picked":"SKIP","floor":11.0},{"not_picked":["Go for the Eyes","Hologram"],"picked":"Reinforced Body","floor":13.0},{"not_picked":["Reboot","Creative AI"],"picked":"Echo Form","floor":16.0},{"not_picked":["Barrage+1","Loop"],"picked":"Conserve Battery","floor":18},{"not_picked":["Compile Driver","Hologram+1"],"picked":"Biased Cognition","floor":21},{"not_picked":["Barrage","Sunder"],"picked":"Ball Lightning+1","floor":22}],"player_experience":302632,"relics_obtained":[{"floor":6.0,"key":"Blood Vial"},{"floor":8.0,"key":"Dodecahedron"},{"floor":9.0,"key":"War Paint"},{"floor":11.0,"key":"Juzu Bracelet"},{"floor":13.0,"key":"Ancient Tea Set"},{"floor":20,"key":"Toxic Egg 2"}],"event_choices":[{"damage_healed":0.0,"max_hp_gain":0.0,"max_hp_loss":0.0,"gold_gain":0.0,"event_name":"The Woman in Blue","player_choice":"Bought 2 Potions","floor":2.0,"gold_loss":0.0,"damage_taken":0.0},{"damage_healed":0.0,"max_hp_gain":0.0,"max_hp_loss":0.0,"gold_gain":0.0,"event_name":"Lab","player_choice":"Got Potions","floor":14.0,"gold_loss":0.0,"damage_taken":0.0},{"damage_healed":0,"gold_gain":0,"player_choice":"CARD ","damage_taken":16,"max_hp_gain":0,"max_hp_loss":0,"event_name":"Knowing Skull","floor":19,"potions_obtained":[],"gold_loss":0,"cards_obtained":["Deep Breath"]}],"is_beta":false,"boss_relics":[{"not_picked":["Tiny House","Busted Crown"],"picked":"FrozenCore"}],"items_purged_floors":[],"is_endless":false,"potions_floor_spawned":[1,3,5,16,21],"killed_by":"3 Cultists","ascension_level":5}