{"gold_per_floor":[118,43,118,129,129,129,155,155,179,208,222,235,235,252,252,350,350,364,6,22,22,42,42,42,55,55,70,70,85,85,95,95,197,197,207,207,10,27,40,40,75,75,75,91,91,109,144,154,154,154],"floor_reached":51,"playtime":2490,"items_purged":["Strike_R","Strike_R","Strike_R"],"score":771,"play_id":"62b510a7-964b-4246-98d1-dc7b6e8f4a2d","local_time":"20190312171517","is_ascension_mode":false,"campfire_choices":[{"floor":6,"key":"DIG"},{"floor":8,"key":"DIG"},{"floor":13,"key":"DIG"},{"floor":15,"key":"DIG"},{"floor":23,"key":"DIG"},{"floor":28,"key":"DIG"},{"floor":30,"key":"DIG"},{"floor":32,"key":"DIG"},{"floor":40,"key":"DIG"},{"floor":42,"key":"DIG"},{"floor":45,"key":"DIG"},{"floor":49,"key":"DIG"}],"neow_cost":"TEN_PERCENT_HP_LOSS","seed_source_timestamp":13564724084785,"circlet_count":0,"master_deck":["Strike_R","Strike_R","Defend_R","Defend_R","Defend_R","Defend_R","Bash","Carnage+1","Flame Barrier","Whirlwind","Rampage","Intimidate","Iron Wave","Limit Break+1","Metallicize","Metallicize","Necronomicurse","Ghostly Armor+1","Ghostly Armor+1","Offering","Inflame","Double Tap","True Grit+1","Dark Shackles","Armaments+1","Shrug It Off+1","True Grit+1","Headbutt+1","Entrench+1","Shockwave","Disarm"],"relics":["Burning Blood","Shovel","Gremlin Horn","Smiling Mask","Gambling Chip","Vajra","Blue Candle","Bottled Lightning","Pear","Cursed Key","Prayer Wheel","Necronomicon","Bird Faced Urn","Letter Opener","Question Card","Magic Flower","Runic Pyramid","Mango","Regal Pillow","Oddly Smooth Stone","Blood Vial","Pocketwatch","Pantograph"],"potions_floor_usage":[16,50,50,50],"damage_taken":[{"damage":1,"enemies":"Cultist","floor":1,"turns":4},{"damage":6,"enemies":"Jaw Worm","floor":4,"turns":2},{"damage":13,"enemies":"3 Sentries","floor":7,"turns":10},{"damage":14,"enemies":"Lagavulin","floor":10,"turns":5},{"damage":0,"enemies":"2 Louse","floor":11,"turns":2},{"damage":11,"enemies":"Exordium Wildlife","floor":12,"turns":5},{"damage":0,"enemies":"2 Fungi Beasts","floor":14,"turns":3},{"damage":73,"enemies":"Hexaghost","floor":16,"turns":10},{"damage":8,"enemies":"Spheric Guardian","floor":18,"turns":4},{"damage":0,"enemies":"3 Byrds","floor":20,"turns":3},{"damage":3,"enemies":"Snecko","floor":22,"turns":4},{"damage":12,"enemies":"Snake Plant","floor":25,"turns":6},{"damage":0,"enemies":"Chosen and Byrds","floor":27,"turns":4},{"damage":0,"enemies":"Snecko","floor":29,"turns":3},{"damage":0,"enemies":"3 Cultists","floor":31,"turns":2},{"damage":14,"enemies":"Champ","floor":33,"turns":8},{"damage":6,"enemies":"3 Shapes","floor":35,"turns":3},{"damage":0,"enemies":"3 Darklings","floor":38,"turns":5},{"damage":6,"enemies":"Transient","floor":39,"turns":5},{"damage":0,"enemies":"Nemesis","floor":41,"turns":7},{"damage":0,"enemies":"Spire Growth","floor":44,"turns":4},{"damage":0,"enemies":"4 Shapes","floor":46,"turns":8},{"damage":7,"enemies":"Reptomancer","floor":47,"turns":8},{"damage":0,"enemies":"Transient","floor":48,"turns":5},{"damage":16,"enemies":"Time Eater","floor":50,"turns":9}],"seed_played":"-8907792156351055787","potions_obtained":[{"floor":1,"key":"Strength Potion"},{"floor":10,"key":"Dexterity Potion"},{"floor":11,"key":"Regen Potion"},{"floor":16,"key":"SkillPotion"},{"floor":48,"key":"PowerPotion"}],"is_trial":false,"path_per_floor":["M","$","?","M","?","R","E","R","T","E","M","M","R","M","R","B",null,"M","$","M","?","M","R","T","M","T","M","R","M","R","M","R","B",null,"M","?","$","M","M","R","E","R","T","M","R","M","E","M","R","B",null],"character_chosen":"IRONCLAD","items_purchased":["Prayer Wheel","Dark Shackles","Dexterity Potion"],"campfire_rested":0,"item_purchase_floors":[19,37,37],"current_hp_per_floor":[72,72,61,61,61,61,54,54,54,46,52,47,47,53,63,11,82,80,80,82,66,69,69,69,67,67,77,77,82,82,82,82,82,82,82,82,82,82,82,96,96,96,96,96,96,96,96,96,96,92],"gold":154,"neow_bonus":"ONE_RARE_RELIC","is_prod":false,"is_daily":false,"chose_seed":false,"campfire_upgraded":0,"win_rate":0,"timestamp":1552425317,"path_taken":["M","?","?","M","?","R","E","R","T","E","M","?","R","M","R","BOSS","M","$","M","?","M","R","?","M","T","M","R","M","R","M","R","BOSS","M","?","?","M","M","R","E","R","T","M","R","M","E","?","R","BOSS"],"build_version":"2019-01-23","purchased_purges":3,"victory":true,"max_hp_per_floor":[72,72,72,72,72,72,72,72,72,72,72,72,72,72,82,82,82,82,82,82,82,82,82,82,82,82,82,82,82,82,82,82,82,82,82,82,82,82,82,96,96,96,96,96,96,96,96,96,96,96],"card_choices":[{"not_picked":["Bloodletting","Sword Boomerang"],"picked":"Carnage","floor":1},{"not_picked":["Sword Boomerang","Cleave"],"picked":"Flame Barrier","floor":4},{"not_picked":["True Grit","Sword Boomerang"],"picked":"Whirlwind","floor":7},{"not_picked":["Fiend Fire","Havoc","Body Slam"],"picked":"SKIP","floor":10},{"not_picked":["Thunderclap","Body Slam"],"picked":"Rampage","floor":11},{"not_picked":["Clash","Shrug It Off"],"picked":"Intimidate","floor":12},{"not_picked":["Clash","Perfected Strike"],"picked":"Iron Wave","floor":14},{"not_picked":["Reaper","Berserk"],"picked":"Limit Break","floor":16},{"not_picked":["Clothesline+1","Body Slam+1"],"picked":"Metallicize","floor":18},{"not_picked":["Sword Boomerang+1","Havoc+1"],"picked":"Metallicize","floor":20},{"not_picked":["Havoc","Anger","Reckless Charge"],"picked":"SKIP","floor":20},{"not_picked":["Warcry","Barricade"],"picked":"Ghostly Armor+1","floor":22},{"not_picked":["Perfected Strike","Warcry","Reckless Charge"],"picked":"SKIP","floor":22},{"not_picked":["Clash","Anger+1"],"picked":"Ghostly Armor+1","floor":25},{"not_picked":["Seeing Red","Combust","Intimidate"],"picked":"SKIP","floor":25},{"not_picked":["Wild Strike","Flex+1","Anger+1"],"picked":"SKIP","floor":27},{"not_picked":["Flex","True Grit","Rupture+1"],"picked":"SKIP","floor":27},{"not_picked":["Twin Strike","Corruption","Wild Strike"],"picked":"SKIP","floor":29},{"not_picked":["Bloodletting","Warcry","Havoc"],"picked":"SKIP","floor":29},{"not_picked":["Corruption","Twin Strike","Cleave"],"picked":"Offering","floor":31},{"not_picked":["Rage+1","Clothesline","Thunderclap"],"picked":"Inflame","floor":31},{"not_picked":["Fiend Fire","Brutality","Dark Embrace"],"picked":"Double Tap","floor":33},{"not_picked":["Sever Soul","Warcry","Armaments"],"picked":"True Grit+1","floor":35},{"not_picked":["Twin Strike+1","Heavy Blade","Havoc","Sentinel"],"picked":"SKIP","floor":35},{"not_picked":["Cleave","Shockwave","Flex"],"picked":"Armaments+1","floor":38},{"not_picked":["Sever Soul","Whirlwind+1","True Grit+1"],"picked":"Shrug It Off+1","floor":38},{"not_picked":["Second Wind+1","Headbutt+1","Pommel Strike+1"],"picked":"True Grit+1","floor":39},{"not_picked":["Armaments+1","Uppercut+1","Double Tap"],"picked":"Headbutt+1","floor":39},{"not_picked":["Shockwave","Intimidate","Sword Boomerang+1"],"picked":"Entrench+1","floor":41},{"not_picked":["Heavy Blade+1","Second Wind+1","Twin Strike","Warcry"],"picked":"SKIP","floor":44},{"not_picked":["True Grit","Hemokinesis+1","Cleave","Clash+1"],"picked":"SKIP","floor":44},{"not_picked":["Wild Strike","Rupture","Bludgeon","Shrug It Off"],"picked":"SKIP","floor":46},{"not_picked":["Shrug It Off","Corruption","Rupture+1","Power Through"],"picked":"SKIP","floor":46},{"not_picked":["Battle Trance+1","Cleave","Infernal Blade"],"picked":"Shockwave","floor":47},{"not_picked":["Warcry","Fire Breathing","Hemokinesis"],"picked":"Disarm","floor":48},{"not_picked":["Blood for Blood","Heavy Blade+1","Anger","Sword Boomerang"],"picked":"SKIP","floor":48}],"player_experience":582430,"relics_obtained":[{"floor":6,"key":"Gremlin Horn"},{"floor":7,"key":"Smiling Mask"},{"floor":8,"key":"Gambling Chip"},{"floor":9,"key":"Vajra"},{"floor":10,"key":"Blue Candle"},{"floor":13,"key":"Bottled Lightning"},{"floor":15,"key":"Pear"},{"floor":21,"key":"Necronomicon"},{"floor":23,"key":"Bird Faced Urn"},{"floor":28,"key":"Letter Opener"},{"floor":30,"key":"Question Card"},{"floor":32,"key":"Magic Flower"},{"floor":40,"key":"Mango"},{"floor":41,"key":"Regal Pillow"},{"floor":42,"key":"Oddly Smooth Stone"},{"floor":45,"key":"Blood Vial"},{"floor":47,"key":"Pocketwatch"},{"floor":49,"key":"Pantograph"}],"event_choices":[{"damage_healed":0,"gold_gain":75,"player_choice":"Gather Gold","damage_taken":11,"max_hp_gain":0,"max_hp_loss":0,"event_name":"World of Goop","floor":3,"gold_loss":0},{"damage_healed":0,"gold_gain":0,"player_choice":"Grow","damage_taken":0,"max_hp_gain":0,"max_hp_loss":0,"event_name":"Living Wall","floor":5,"gold_loss":0,"cards_upgraded":["Carnage"]},{"damage_healed":0,"gold_gain":0,"player_choice":"Obtained Book","damage_taken":16,"max_hp_gain":0,"max_hp_loss":0,"event_name":"Cursed Tome","floor":21,"gold_loss":0},{"damage_healed":0,"gold_gain":0,"player_choice":"Forge","damage_taken":0,"max_hp_gain":0,"max_hp_loss":0,"event_name":"Accursed Blacksmith","floor":36,"gold_loss":0,"cards_upgraded":["Limit Break"]}],"is_beta":false,"boss_relics":[{"not_picked":["White Beast Statue","Tiny House"],"picked":"Cursed Key"},{"not_picked":["Astrolabe","Mark of Pain"],"picked":"Runic Pyramid"}],"items_purged_floors":[2,19,37],"is_endless":false,"potions_floor_spawned":[1,10,11,14,16,22,29,31,39,41,47,48],"ascension_level":0}