{"path_per_floor":["M","M","?","M","?","R","M","M","T","$","R","M","M","?","R"],"character_chosen":"THE_SILENT","items_purchased":["Prepared"],"gold_per_floor":[117,131,131,148,148,148,166,178,178,78,78,88,107,107,107],"floor_reached":16,"campfire_rested":1,"playtime":735,"current_hp_per_floor":[60,58,55,53,53,53,44,38,38,38,38,34,29,29,49],"items_purged":["Strike_G"],"gold":107,"score":150,"play_id":"bdbb6233-b6be-4d95-9491-01190c47de77","local_time":"20180311122601","is_prod":false,"is_daily":false,"is_ascension_mode":true,"campfire_upgraded":2,"timestamp":1520781961,"path_taken":["M","M","?","M","?","R","?","M","T","?","R","M","M","?","R","BOSS"],"build_version":"2018-03-09","purchased_purges":1,"victory":false,"master_deck":["Defend_G","Defend_G","Defend_G","Defend_G","Defend_G","Strike_G","Strike_G","Strike_G","Survivor","Neutralize+1","Dagger Spray","Backstab","Grand Finale","Acrobatics+1","Prepared","Prepared","Deadly Poison","Burst"],"max_hp_per_floor":[70,70,70,70,67,67,67,67,67,67,67,67,67,67,67],"relics":["Question Card","Dream Catcher","Juzu Bracelet"],"card_choices":[{"not_picked":["Slice","Cloak And Dagger","Sucker Punch"],"picked":"Dagger Spray"},{"not_picked":["Dodge and Roll","Sucker Punch","Reflex"],"picked":"Backstab"},{"not_picked":["Deadly Poison","Backflip","Dodge and Roll"],"picked":"Grand Finale"},{"not_picked":["Prepared","Phantasmal Killer","All Out Attack"],"picked":"Acrobatics"},{"not_picked":["Leg Sweep","Caltrops","Slice"],"picked":"Prepared"},{"not_picked":["Underhanded Strike","Concentrate","Sucker Punch"],"picked":"Burst"}],"player_experience":566403,"potions_floor_usage":[16,16,16],"damage_taken":[{"damage":3,"enemies":"2 Louse","floor":1,"turns":4},{"damage":2,"enemies":"Small Slimes","floor":2,"turns":3},{"damage":2,"enemies":"Cultist","floor":4,"turns":4},{"damage":9,"enemies":"Exordium Thugs","floor":7,"turns":3},{"damage":6,"enemies":"Blue Slaver","floor":8,"turns":4},{"damage":4,"enemies":"Gremlin Gang","floor":12,"turns":3},{"damage":5,"enemies":"Exordium Wildlife","floor":13,"turns":4},{"damage":63,"enemies":"Slime Boss","floor":16,"turns":11}],"event_choices":[{"event_name":"Scrap Ooze","player_choice":"success","floor":3,"damage_taken":3},{"event_name":"Living Wall","player_choice":"Forget","floor":5,"damage_taken":0},{"event_name":"Transmorgrifier","player_choice":"Transform","floor":14,"damage_taken":0}],"boss_relics":[],"potions_floor_spawned":[8,12,13],"seed_played":"7182887153595282117","killed_by":"Slime Boss","ascension_level":12,"is_trial":false}