{"path_per_floor":["M","?","M","$","?","E","$","R","T","E","R","M","M","$","R","B",null,"M","M","?","$","?","R"],"character_chosen":"DEFECT","items_purchased":["Reprieve","Ball Lightning","Coolheaded","Blizzard"],"gold_per_floor":[109,109,123,4,4,40,15,15,15,56,56,74,97,63,63,188,188,179,199,199,124,124,124,124],"floor_reached":24,"campfire_rested":2,"playtime":926,"current_hp_per_floor":[73,73,73,73,55,18,18,42,42,42,42,34,34,34,58,14,82,66,52,28,28,28,28,0],"items_purged":["Force Field"],"gold":124,"score":250,"play_id":"b3d343aa-eed3-4a2c-b58c-3446cab93f97","local_time":"20180501220334","is_prod":false,"is_daily":false,"chose_seed":false,"is_ascension_mode":true,"campfire_upgraded":0,"timestamp":1525223014,"path_taken":["M","?","?","$","?","E","?","R","T","E","R","M","M","$","R","BOSS","M","M","?","$","?","R","M"],"build_version":"2018-05-01","seed_source_timestamp":41600078952552,"purchased_purges":1,"victory":false,"master_deck":["Defend_B","Defend_B","Defend_B","Zap","Dualcast","Sweeping Beam","Auto Shields","Reprieve","Ball Lightning","Reinforced Body","Coolheaded","Capacitor","Impulse","Blizzard","Self Repair+1","Hyperbeam+1","Barrage","Dramatic Entrance"],"max_hp_per_floor":[75,75,75,75,75,82,82,82,82,82,82,82,82,82,82,82,82,82,82,82,82,82,82,82],"relics":["Cracked Core","Golden Idol","Strawberry","Prayer Wheel","Peace Pipe","Astrolabe"],"card_choices":[{"not_picked":["Streamline","Heatsinks"],"picked":"Sweeping Beam","floor":1.0},{"not_picked":["Turbo","Capacitor"],"picked":"Auto Shields","floor":3.0},{"not_picked":["Aggregate","Flux Capacitor"],"picked":"Reinforced Body","floor":6.0},{"not_picked":["Force Field","Consume"],"picked":"Capacitor","floor":10.0},{"not_picked":["Go for the Eyes","Rebound"],"picked":"Impulse","floor":13.0},{"not_picked":["Hologram","Cold Snap"],"picked":"Barrage","floor":18.0}],"player_experience":789247,"potions_floor_usage":[24,24],"damage_taken":[{"damage":2.0,"enemies":"Jaw Worm","floor":1.0,"turns":3.0},{"damage":0.0,"enemies":"Cultist","floor":3.0,"turns":2.0},{"damage":44.0,"enemies":"Gremlin Nob","floor":6.0,"turns":5.0},{"damage":0.0,"enemies":"3 Sentries","floor":10.0,"turns":6.0},{"damage":8.0,"enemies":"2 Louse","floor":12.0,"turns":2.0},{"damage":0.0,"enemies":"Blue Slaver","floor":13.0,"turns":4.0},{"damage":44.0,"enemies":"Hexaghost","floor":16.0,"turns":13.0},{"damage":26.0,"enemies":"2 Thieves","floor":18.0,"turns":4.0},{"damage":24.0,"enemies":"Spheric Guardian","floor":19.0,"turns":5.0},{"damage":33,"enemies":"Slaver and Parasite","floor":24,"turns":3}],"event_choices":[{"event_name":"The Lab","player_choice":"Got Potions","floor":2.0,"damage_taken":0.0},{"event_name":"Golden Idol","player_choice":"Take Damage","floor":5.0,"damage_taken":0.0},{"event_name":"Knowing Skull","player_choice":"CARD CARD ","floor":20.0,"damage_taken":0.0},{"event_name":"Back to Basics","player_choice":"Elegance","floor":22,"damage_taken":0}],"boss_relics":[],"potions_floor_spawned":[12,13,16,18],"seed_played":"-233416796065465527","killed_by":"Slaver and Parasite","ascension_level":2,"is_trial":false}