{"path_per_floor":["M","?","M","?","$","R","E","R","T","M","R","?","$","M","R","B",null,"M","$","M","$","M","R","?","?","T","?","R","T","M","M","R"],"character_chosen":"IRONCLAD","items_purchased":[],"gold_per_floor":[113,113,130,80,5,5,40,40,40,52,52,227,127,142,142,237,237,256,131,149,149,164,164,164,164,191,191,191,244,255,270,270],"floor_reached":33,"campfire_rested":3,"playtime":633,"current_hp_per_floor":[46,46,45,45,45,69,19,43,57,57,57,57,57,54,54,51,94,74,74,56,56,46,46,46,46,46,46,46,46,50,42,70],"items_purged":["Strike_R","Doubt","Strike_R"],"gold":270,"score":243,"play_id":"a7470a01-df23-4af1-91e1-51cee23ae8cc","local_time":"20180319002721","is_prod":false,"is_daily":false,"is_ascension_mode":false,"campfire_upgraded":4,"timestamp":1521430041,"path_taken":["M","?","M","?","$","R","E","R","T","?","R","?","?","?","R","BOSS","M","$","M","$","?","R","?","?","T","?","R","?","M","M","R","BOSS"],"build_version":"2018-03-15v3","purchased_purges":3,"victory":false,"master_deck":["Strike_R","Strike_R+1","Strike_R","Bash+1","Cleave+1","Rage+1","Spot Weakness"],"max_hp_per_floor":[80,80,80,80,80,80,80,80,94,94,94,94,94,94,94,94,94,94,94,94,94,94,94,94,94,94,94,94,94,94,94,94],"relics":["Black Blood","Ancient Tea Set","Mango","Vajra","Anchor"],"card_choices":[{"not_picked":["Pommel Strike","Entrench"],"picked":"Cleave"},{"not_picked":["Cleave","Twin Strike"],"picked":"Spot Weakness"}],"player_experience":618558,"potions_floor_usage":[16,18,22,33],"damage_taken":[{"damage":0,"enemies":"Small Slimes","floor":1,"turns":3},{"damage":7,"enemies":"2 Louse","floor":3,"turns":3},{"damage":56,"enemies":"3 Sentries","floor":7,"turns":8},{"damage":6,"enemies":"Cultist","floor":10,"turns":3},{"damage":9,"enemies":"2 Fungi Beasts","floor":14,"turns":2},{"damage":9,"enemies":"Slime Boss","floor":16,"turns":6},{"damage":30,"enemies":"Spheric Guardian","floor":18,"turns":4},{"damage":28,"enemies":"Chosen","floor":20,"turns":4},{"damage":20,"enemies":"Centurion and Healer","floor":22,"turns":4},{"damage":6,"enemies":"Snake Plant","floor":30,"turns":3},{"damage":18,"enemies":"3 Cultists","floor":31,"turns":4},{"damage":91,"enemies":"Automaton","floor":33,"turns":6}],"event_choices":[{"event_name":"Living Wall","player_choice":"Forget","floor":2,"damage_taken":0},{"event_name":"The Cleric","player_choice":"Card Removal","floor":4,"damage_taken":0},{"event_name":"Liars Game","player_choice":"agreed","floor":12,"damage_taken":0},{"event_name":"Drug Dealer","player_choice":"Ignored","floor":24,"damage_taken":0},{"event_name":"The Library","player_choice":"Read","floor":25,"damage_taken":0},{"event_name":"The Mausoleum","player_choice":"No","floor":27,"damage_taken":0}],"boss_relics":[{"not_picked":["Philosopher\u0027s Stone","White Beast Statue"],"picked":"Black Blood"}],"potions_floor_spawned":[7,14,20,22,31],"seed_played":"-2198484268036648264","killed_by":"Automaton","ascension_level":0,"is_trial":false}