{"gold_per_floor":[16,16,36,56,81,108,108,136,136,150,150,180,180,180,180,281,281,236,236,151,151,151,151],"floor_reached":23,"playtime":1505,"items_purged":[],"score":318,"play_id":"ffad735a-564d-4458-9db1-6471390351c1","local_time":"20190213184946","is_ascension_mode":true,"campfire_choices":[{"floor":7.0,"key":"REST"},{"data":"Heavy Blade","floor":11.0,"key":"SMITH"},{"floor":15.0,"key":"REST"}],"neow_cost":"NO_GOLD","seed_source_timestamp":0,"circlet_count":0,"master_deck":["Defend_R","Defend_R","Defend_R","Defend_R","Bash","Inflame","Spot Weakness","Seeing Red","Bloodletting","Uppercut","Heavy Blade+1","Rampage","Demon Form","Seeing Red","Limit Break","Shrug It Off+1","Bite","Bite","Bite","Bite","Bite"],"special_seed":0,"relics":["Burning Blood","Torii","Dream Catcher","Oddly Smooth Stone","Lantern","Kunai","Magic Flower","Ectoplasm","WingedGreaves"],"potions_floor_usage":[18,22],"damage_taken":[{"damage":1.0,"enemies":"Jaw Worm","floor":1.0,"turns":3.0},{"damage":8.0,"enemies":"2 Louse","floor":3.0,"turns":2.0},{"damage":8.0,"enemies":"Small Slimes","floor":4.0,"turns":3.0},{"damage":33.0,"enemies":"3 Sentries","floor":6.0,"turns":8.0},{"damage":32.0,"enemies":"Gremlin Nob","floor":8.0,"turns":5.0},{"damage":1.0,"enemies":"Looter","floor":10.0,"turns":2.0},{"damage":25.0,"enemies":"3 Sentries","floor":12.0,"turns":6.0},{"damage":35.0,"enemies":"Hexaghost","floor":16.0,"turns":8.0},{"damage":23,"enemies":"2 Thieves","floor":18,"turns":4},{"damage":13,"enemies":"Shell Parasite","floor":19,"turns":3},{"damage":47,"enemies":"Centurion and Healer","floor":22,"turns":5},{"damage":42,"enemies":"Slavers","floor":23,"turns":2}],"seed_played":"2127958563069425461","potions_obtained":[{"floor":4.0,"key":"Poison Potion"},{"floor":12.0,"key":"Explosive Potion"},{"floor":22,"key":"EssenceOfSteel"}],"is_trial":false,"path_per_floor":["M","?","M","M","T","E","R","E","T","M","R","E","?","?","R","B",null,"M","M","?","?","M","E"],"character_chosen":"IRONCLAD","items_purchased":[],"campfire_rested":2,"item_purchase_floors":[],"current_hp_per_floor":[80,73,71,69,69,42,66,40,40,45,45,26,31,31,56,30,71,57,53,53,53,30,0],"gold":151,"neow_bonus":"ONE_RARE_RELIC","is_prod":false,"is_daily":false,"chose_seed":false,"campfire_upgraded":1,"win_rate":0,"timestamp":1550112586,"path_taken":["M","?","M","M","?","E","R","E","T","M","R","E","?","?","R","BOSS","M","?","?","?","M","E"],"build_version":"2019-01-23","purchased_purges":0,"victory":false,"max_hp_per_floor":[80,80,80,80,80,80,80,80,80,80,80,80,85,85,85,85,85,85,85,85,59,59,59],"card_choices":[{"not_picked":["Perfected Strike","Second Wind"],"picked":"Inflame","floor":1.0},{"not_picked":["Havoc","Wild Strike"],"picked":"Spot Weakness","floor":3.0},{"not_picked":["Rage","Sword Boomerang"],"picked":"Seeing Red","floor":4.0},{"not_picked":["Wild Strike","Immolate"],"picked":"Bloodletting","floor":6.0},{"not_picked":["Flex","Iron Wave"],"picked":"Uppercut","floor":7.0},{"not_picked":["Second Wind","Sever Soul"],"picked":"Heavy Blade","floor":8.0},{"not_picked":["Anger","Shrug It Off"],"picked":"Rampage","floor":10.0},{"not_picked":["Shockwave","Flex"],"picked":"Demon Form","floor":12.0},{"not_picked":["Carnage","Anger"],"picked":"Seeing Red","floor":15.0},{"not_picked":["Demon Form","Offering"],"picked":"Limit Break","floor":16.0},{"not_picked":["Thunderclap","Twin Strike","Second Wind+1"],"picked":"SKIP","floor":18},{"not_picked":["Carnage+1","Warcry"],"picked":"Shrug It Off+1","floor":19},{"not_picked":["Reckless Charge","Clothesline+1","Clash+1"],"picked":"SKIP","floor":22}],"player_experience":258145,"relics_obtained":[{"floor":5.0,"key":"Dream Catcher"},{"floor":6.0,"key":"Oddly Smooth Stone"},{"floor":8.0,"key":"Lantern"},{"floor":9.0,"key":"Kunai"},{"floor":12.0,"key":"Magic Flower"}],"event_choices":[{"cards_removed":["Strike_R"],"damage_healed":0.0,"max_hp_gain":0.0,"max_hp_loss":0.0,"gold_gain":0.0,"event_name":"Golden Wing","player_choice":"Card Removal","floor":2.0,"gold_loss":0.0,"damage_taken":7.0},{"damage_healed":0.0,"max_hp_gain":5.0,"max_hp_loss":0.0,"gold_gain":0.0,"event_name":"Big Fish","player_choice":"Donut","floor":13.0,"gold_loss":0.0,"damage_taken":0.0},{"cards_removed":["Strike_R"],"damage_healed":0.0,"max_hp_gain":0.0,"max_hp_loss":0.0,"gold_gain":0.0,"event_name":"Purifier","player_choice":"Purged","floor":14.0,"gold_loss":0.0,"damage_taken":0.0},{"damage_healed":0,"gold_gain":0,"player_choice":"Obtained Relic","damage_taken":0,"relics_obtained":["WingedGreaves"],"max_hp_gain":0,"max_hp_loss":0,"event_name":"Addict","floor":20,"gold_loss":85},{"damage_healed":0,"gold_gain":0,"player_choice":"Became a vampire","damage_taken":0,"max_hp_gain":0,"max_hp_loss":26,"event_name":"Vampires","floor":21,"gold_loss":0,"cards_obtained":["Bite","Bite","Bite","Bite","Bite"]}],"is_beta":false,"boss_relics":[{"not_picked":["Runic Pyramid","Snecko Eye"],"picked":"Ectoplasm"}],"items_purged_floors":[],"is_endless":false,"potions_floor_spawned":[4,12,22],"killed_by":"Slavers","ascension_level":5}