{"gold_per_floor":[115,115,48,68,91,91,132,132,132,210,225,225,238,257,257,377,377,398,398,523,523,512,512],"floor_reached":23,"playtime":1835,"items_purged":[],"score":191,"play_id":"d3d500c6-ac4d-4217-983c-17b3133232ee","local_time":"20190131204639","is_ascension_mode":false,"campfire_choices":[{"data":"Blind","floor":6,"key":"SMITH"},{"data":"Evolve","floor":12,"key":"SMITH"},{"data":"Metallicize","floor":15,"key":"SMITH"}],"neow_cost":"NONE","seed_source_timestamp":327216739319485,"circlet_count":0,"master_deck":["Strike_R","Strike_R","Strike_R","Strike_R","Strike_R","Defend_R","Defend_R","Defend_R","Defend_R","Bash","Blind+1","Pommel Strike","Ghostly Armor","Evolve+1","Body Slam","Clothesline","Metallicize+1","Offering","Reaper","Armaments"],"relics":["Burning Blood","Golden Idol","Bottled Tornado","Torii","Mummified Hand","Sundial","Runic Dome","Enchiridion","Ginger","Pear","MutagenicStrength"],"potions_floor_usage":[7,16,20,23],"damage_taken":[{"damage":10,"enemies":"Jaw Worm","floor":1,"turns":4},{"damage":0,"enemies":"Small Slimes","floor":4,"turns":4},{"damage":0,"enemies":"Cultist","floor":5,"turns":4},{"damage":27,"enemies":"3 Sentries","floor":7,"turns":9},{"damage":9,"enemies":"Blue Slaver","floor":11,"turns":4},{"damage":8,"enemies":"2 Fungi Beasts","floor":13,"turns":4},{"damage":7,"enemies":"Looter","floor":14,"turns":4},{"damage":23,"enemies":"Hexaghost","floor":16,"turns":10},{"damage":11,"enemies":"3 Byrds","floor":18,"turns":7},{"damage":16,"enemies":"Colosseum Slavers","floor":20,"turns":6},{"damage":37,"enemies":"Colosseum Nobs","floor":20,"turns":6},{"damage":8,"enemies":"2 Thieves","floor":22,"turns":4},{"damage":86,"enemies":"Gremlin Leader","floor":23,"turns":9}],"seed_played":"-1946558052248827081","potions_obtained":[{"floor":4,"key":"BloodPotion"},{"floor":11,"key":"LiquidBronze"},{"floor":18,"key":"Swift Potion"},{"floor":22,"key":"SkillPotion"}],"is_trial":false,"path_per_floor":["M","?","$","M","M","R","E","?","T","T","M","R","M","M","R","B",null,"M","?","?","?","M","E"],"character_chosen":"IRONCLAD","items_purchased":["Ghostly Armor"],"campfire_rested":0,"item_purchase_floors":[3],"current_hp_per_floor":[76,56,56,62,68,68,55,52,52,52,49,49,47,46,46,29,80,80,64,51,51,54,0],"gold":512,"neow_bonus":"RANDOM_COLORLESS","is_prod":false,"is_daily":false,"chose_seed":false,"campfire_upgraded":3,"win_rate":0.0,"timestamp":1548989199,"path_taken":["M","?","$","M","M","R","E","?","T","?","M","R","M","?","R","BOSS","M","?","?","?","M","E"],"build_version":"2019-01-23","purchased_purges":0,"victory":false,"max_hp_per_floor":[80,80,80,80,80,80,80,80,80,80,80,80,80,80,80,80,80,80,80,90,90,90,90],"card_choices":[{"not_picked":["Dual Wield","Havoc"],"picked":"Pommel Strike","floor":1},{"not_picked":["Wild Strike","Rage"],"picked":"Evolve","floor":4},{"not_picked":["Thunderclap","Twin Strike"],"picked":"Body Slam","floor":5},{"not_picked":["Thunderclap","Rupture"],"picked":"Clothesline","floor":7},{"not_picked":["Thunderclap","Heavy Blade"],"picked":"Metallicize","floor":11},{"not_picked":["True Grit","Inflame"],"picked":"Offering","floor":13},{"not_picked":["Iron Wave","Sentinel","Burning Pact"],"picked":"SKIP","floor":14},{"not_picked":["Offering","Fiend Fire"],"picked":"Reaper","floor":16},{"not_picked":["Anger+1","Thunderclap","Dual Wield"],"picked":"SKIP","floor":18},{"not_picked":["Clothesline","Anger"],"picked":"Armaments","floor":20},{"not_picked":["Armaments","Iron Wave+1","Body Slam"],"picked":"SKIP","floor":22}],"player_experience":87631,"relics_obtained":[{"floor":7,"key":"Bottled Tornado"},{"floor":9,"key":"Mummified Hand"},{"floor":10,"key":"Sundial"},{"floor":19,"key":"Enchiridion"},{"floor":20,"key":"Ginger"},{"floor":20,"key":"Pear"}],"event_choices":[{"damage_healed":0,"gold_gain":0,"player_choice":"Take Damage","damage_taken":20,"relics_obtained":["Golden Idol"],"max_hp_gain":0,"max_hp_loss":0,"event_name":"Golden Idol","floor":2,"gold_loss":0},{"damage_healed":0,"gold_gain":0,"player_choice":"Success","damage_taken":3,"relics_obtained":["Torii"],"max_hp_gain":0,"max_hp_loss":0,"event_name":"Scrap Ooze","floor":8,"gold_loss":0},{"damage_healed":0,"gold_gain":0,"player_choice":"Obtained Book","damage_taken":16,"max_hp_gain":0,"max_hp_loss":0,"event_name":"Cursed Tome","floor":19,"gold_loss":0},{"damage_healed":0,"gold_gain":0,"player_choice":"Fight","damage_taken":0,"max_hp_gain":0,"max_hp_loss":0,"event_name":"Colosseum","floor":20,"gold_loss":0},{"damage_healed":0,"gold_gain":0,"player_choice":"Fought Nobs","damage_taken":0,"max_hp_gain":0,"max_hp_loss":0,"event_name":"Colosseum","floor":20,"gold_loss":0},{"damage_healed":0,"gold_gain":0,"player_choice":"Inject Mutagens","damage_taken":0,"relics_obtained":["MutagenicStrength"],"max_hp_gain":0,"max_hp_loss":0,"event_name":"Drug Dealer","floor":21,"gold_loss":0}],"is_beta":false,"boss_relics":[{"not_picked":["Sozu","Philosopher\u0027s Stone"],"picked":"Runic Dome"}],"items_purged_floors":[],"is_endless":false,"potions_floor_spawned":[4,11,18,22],"killed_by":"Gremlin Leader","ascension_level":0}