{"gold_per_floor":[109,129,129,54,68,68,82,82,154,180,180,180,191,205,205,205],"floor_reached":16,"playtime":484,"items_purged":["Decay"],"score":133,"play_id":"92c8717d-137e-40ef-82a3-d888918c900d","local_time":"20190120185822","is_ascension_mode":true,"campfire_choices":[{"data":"Zap","floor":6,"key":"SMITH"},{"data":"Rainbow","floor":8,"key":"SMITH"},{"floor":11,"key":"REST"},{"data":"Conserve Battery","floor":15,"key":"SMITH"}],"neow_cost":"CURSE","seed_source_timestamp":25628311050178,"circlet_count":0,"master_deck":["Strike_B","Strike_B","Strike_B","Strike_B","Defend_B","Defend_B","Defend_B","Defend_B","Zap+1","Dualcast+1","Panache+1","Discovery","Beam Cell","Sweeping Beam","Rainbow+1","Conserve Battery+1","PanicButton","Amplify","Auto Shields","Capacitor"],"relics":["Cracked Core","The Courier","Regal Pillow"],"potions_floor_usage":[10,16],"damage_taken":[{"damage":3,"enemies":"Cultist","floor":1,"turns":4},{"damage":7,"enemies":"2 Louse","floor":2,"turns":3},{"damage":2,"enemies":"Small Slimes","floor":5,"turns":3},{"damage":19,"enemies":"Exordium Wildlife","floor":7,"turns":3},{"damage":18,"enemies":"Gremlin Nob","floor":10,"turns":3},{"damage":13,"enemies":"Exordium Thugs","floor":13,"turns":3},{"damage":4,"enemies":"Looter","floor":14,"turns":3},{"damage":24,"enemies":"The Guardian","floor":16,"turns":5}],"seed_played":"8119922198118751924","potions_obtained":[{"floor":7,"key":"Poison Potion"},{"floor":10,"key":"LiquidBronze"}],"is_trial":false,"path_per_floor":["M","M","?","$","M","R","M","R","T","E","R","?","M","M","R","B"],"character_chosen":"DEFECT","items_purchased":[],"campfire_rested":1,"item_purchase_floors":[],"current_hp_per_floor":[65,58,43,43,41,41,22,22,22,4,41,41,28,24,24,0],"gold":205,"neow_bonus":"RANDOM_COLORLESS_2","is_prod":false,"is_daily":false,"chose_seed":false,"campfire_upgraded":3,"win_rate":0,"timestamp":1548017902,"path_taken":["M","?","?","$","M","R","M","R","T","E","R","?","M","M","R","BOSS"],"build_version":"2019-01-19","purchased_purges":1,"victory":false,"max_hp_per_floor":[75,75,75,75,75,75,75,75,75,75,75,75,75,75,75,75],"card_choices":[{"not_picked":["Redo","Hologram"],"picked":"Beam Cell","floor":1},{"not_picked":["Turbo","Stack"],"picked":"Sweeping Beam","floor":2},{"not_picked":["Beam Cell","Lockon","Stack"],"picked":"SKIP","floor":5},{"not_picked":["Rebound","Glacier"],"picked":"Rainbow","floor":7},{"not_picked":["Genetic Algorithm","Rebound"],"picked":"Conserve Battery","floor":10},{"not_picked":["Turbo","Doom and Gloom"],"picked":"Auto Shields","floor":13},{"not_picked":["Stack","BootSequence"],"picked":"Capacitor","floor":14}],"player_experience":921579,"relics_obtained":[{"floor":9,"key":"The Courier"},{"floor":10,"key":"Regal Pillow"}],"event_choices":[{"damage_healed":0,"gold_gain":0,"player_choice":"Entered Light","damage_taken":15,"max_hp_gain":0,"max_hp_loss":0,"event_name":"Shining Light","floor":3,"gold_loss":0,"cards_upgraded":["Dualcast","Panache"]},{"damage_healed":0,"gold_gain":0,"player_choice":"2 cards matched","damage_taken":0,"max_hp_gain":0,"max_hp_loss":0,"event_name":"Match and Keep!","floor":12,"gold_loss":0,"cards_obtained":["PanicButton","Amplify"]}],"is_beta":true,"boss_relics":[],"items_purged_floors":[4],"is_endless":false,"potions_floor_spawned":[7,10],"killed_by":"The Guardian","ascension_level":6}