{"gold_per_floor":[111,129,141,154,229,229,248,266,266,37,52,78,92,103,103,180,180,180,180,1,0,0,0,0,0,0,0,0,0,0,0,0,0],"floor_reached":33,"playtime":1346,"items_purged":[],"score":553,"play_id":"48a7c95a-ebec-4781-a04b-8625be63cacb","local_time":"20190308201842","is_ascension_mode":true,"campfire_choices":[{"data":"Dagger Spray","floor":6,"key":"SMITH"},{"data":"Infinite Blades","floor":15,"key":"SMITH"},{"data":"Apotheosis","floor":23,"key":"SMITH"},{"data":"A Thousand Cuts","floor":25,"key":"SMITH"},{"data":"A Thousand Cuts","floor":28,"key":"SMITH"},{"floor":32,"key":"REST"}],"neow_cost":"NONE","seed_source_timestamp":182015048745888,"circlet_count":0,"master_deck":["AscendersBane","Defend_G","Defend_G","Defend_G","Defend_G","Defend_G","Strike_G","Strike_G","Strike_G","Strike_G","Strike_G","Survivor","Neutralize","Dagger Spray+1","Cloak And Dagger","Adrenaline","Escape Plan","Leg Sweep","Caltrops","Infinite Blades+1","Cloak And Dagger","A Thousand Cuts+1","Neutralize","Apotheosis+1","A Thousand Cuts+1","Adrenaline"],"relics":["Ring of the Snake","Singing Bowl","ClockworkSouvenir","Mango","Ectoplasm","Omamori","Ornamental Fan","Matryoshka"],"potions_floor_usage":[4,12,12,16,18,31,33],"damage_taken":[{"damage":0,"enemies":"Small Slimes","floor":1,"turns":4},{"damage":0,"enemies":"Cultist","floor":2,"turns":4},{"damage":0,"enemies":"2 Louse","floor":3,"turns":2},{"damage":6,"enemies":"Gremlin Gang","floor":4,"turns":3},{"damage":0,"enemies":"Exordium Wildlife","floor":7,"turns":2},{"damage":0,"enemies":"Red Slaver","floor":8,"turns":4},{"damage":0,"enemies":"Looter","floor":11,"turns":3},{"damage":13,"enemies":"Gremlin Nob","floor":12,"turns":5},{"damage":0,"enemies":"3 Louse","floor":13,"turns":3},{"damage":0,"enemies":"Gremlin Gang","floor":14,"turns":3},{"damage":24,"enemies":"Slime Boss","floor":16,"turns":18},{"damage":3,"enemies":"Chosen","floor":18,"turns":6},{"damage":16,"enemies":"2 Thieves","floor":21,"turns":5},{"damage":32,"enemies":"Book of Stabbing","floor":27,"turns":6},{"damage":3,"enemies":"Snecko","floor":29,"turns":5},{"damage":0,"enemies":"Cultist and Chosen","floor":31,"turns":3},{"damage":60,"enemies":"Champ","floor":33,"turns":13}],"seed_played":"5285098947022826158","potions_obtained":[{"floor":2,"key":"Explosive Potion"},{"floor":7,"key":"Poison Potion"},{"floor":11,"key":"EssenceOfSteel"},{"floor":12,"key":"SpeedPotion"},{"floor":16,"key":"Weak Potion"},{"floor":29,"key":"Poison Potion"},{"floor":31,"key":"GamblersBrew"}],"is_trial":false,"path_per_floor":["M","M","M","M","?","R","M","M","T","$","M","E","M","M","R","B",null,"M","?","$","M","$","R","?","R","T","E","R","M","T","M","R","B"],"character_chosen":"THE_SILENT","items_purchased":["ClockworkSouvenir","Apotheosis"],"campfire_rested":1,"item_purchase_floors":[10,20],"current_hp_per_floor":[59,59,59,53,42,42,42,42,42,42,44,45,45,47,47,23,69,68,68,68,54,54,54,54,54,54,24,24,21,21,23,50,0],"gold":0,"neow_bonus":"THREE_CARDS","is_prod":false,"is_daily":false,"chose_seed":false,"campfire_upgraded":5,"win_rate":0,"timestamp":1552072722,"path_taken":["M","M","M","M","?","R","M","M","T","$","M","E","M","M","R","BOSS","M","?","$","?","?","R","?","R","T","E","R","?","?","M","R","BOSS"],"build_version":"2019-01-23","purchased_purges":0,"victory":false,"max_hp_per_floor":[66,66,66,66,66,66,66,66,66,66,68,82,82,84,84,84,84,86,86,86,88,88,88,88,88,88,90,90,90,90,92,92,92],"card_choices":[{"not_picked":["Predator","Masterful Stab"],"picked":"Dagger Spray","floor":0},{"not_picked":["Outmaneuver","Underhanded Strike"],"picked":"Cloak And Dagger","floor":1},{"not_picked":["Calculated Gamble","Blade Dance"],"picked":"Adrenaline","floor":2},{"not_picked":["Flying Knee","Slice"],"picked":"Escape Plan","floor":3},{"not_picked":["Flying Knee","Quick Slash","Choke"],"picked":"SKIP","floor":4},{"not_picked":["Deflect","Dash"],"picked":"Leg Sweep","floor":7},{"not_picked":["Dagger Throw","Dodge and Roll"],"picked":"Caltrops","floor":8},{"not_picked":["Distraction","Quick Slash","Grand Finale"],"picked":"Singing Bowl","floor":11},{"not_picked":["Backflip","Deadly Poison"],"picked":"Infinite Blades","floor":12},{"not_picked":["Prepared","Dodge and Roll"],"picked":"Cloak And Dagger","floor":13},{"not_picked":["Slice","Dodge and Roll","Skewer"],"picked":"Singing Bowl","floor":14},{"not_picked":["Malaise","Envenom"],"picked":"A Thousand Cuts","floor":16},{"not_picked":["Backflip+1","Outmaneuver","Sucker Punch"],"picked":"Singing Bowl","floor":18},{"not_picked":["Catalyst","Leg Sweep","Skewer+1"],"picked":"Singing Bowl","floor":21},{"not_picked":["Bouncing Flask","Prepared+1","Underhanded Strike"],"picked":"Singing Bowl","floor":27},{"not_picked":["Terror","Blade Dance"],"picked":"Adrenaline","floor":29},{"not_picked":["Blade Dance","Quick Slash","Poisoned Stab"],"picked":"Singing Bowl","floor":31}],"player_experience":944816,"relics_obtained":[{"floor":9,"key":"Singing Bowl"},{"floor":12,"key":"Mango"},{"floor":26,"key":"Omamori"},{"floor":27,"key":"Ornamental Fan"},{"floor":30,"key":"Matryoshka"}],"event_choices":[{"damage_healed":0,"gold_gain":75,"player_choice":"Gather Gold","damage_taken":11,"max_hp_gain":0,"max_hp_loss":0,"event_name":"World of Goop","floor":5,"gold_loss":0},{"damage_healed":0,"gold_gain":0,"player_choice":"1 cards matched","damage_taken":0,"max_hp_gain":0,"max_hp_loss":0,"event_name":"Match and Keep!","floor":19,"gold_loss":0,"cards_obtained":["Neutralize"]},{"damage_healed":0,"gold_gain":0,"player_choice":"Copied","damage_taken":0,"max_hp_gain":0,"max_hp_loss":0,"event_name":"Duplicator","floor":24,"gold_loss":0,"cards_obtained":["A Thousand Cuts"]}],"is_beta":false,"boss_relics":[{"not_picked":["Coffee Dripper","Tiny House"],"picked":"Ectoplasm"}],"items_purged_floors":[],"is_endless":false,"potions_floor_spawned":[2,7,11,12,16,29,31],"killed_by":"Champ","ascension_level":19}