{"gold_per_floor":[113,113,124,140,17,44,44,75,129,129,140,140,153,170,170,170],"floor_reached":16,"playtime":610,"items_purged":["Strike_R"],"score":118,"play_id":"d7f6b425-4465-4218-9c4b-81d54624cb3d","local_time":"20190210160954","is_ascension_mode":true,"campfire_choices":[{"floor":7,"key":"REST"},{"data":"Rampage","floor":10,"key":"SMITH"},{"floor":15,"key":"REST"}],"neow_cost":"NONE","seed_source_timestamp":85870279445008,"circlet_count":0,"master_deck":["Strike_R","Strike_R+1","Strike_R","Strike_R","Defend_R","Defend_R","Defend_R","Defend_R","Bash+1","Searing Blow+1","Rampage+1","Disarm","Shrug It Off","Intimidate","Parasite","Dual Wield"],"relics":["Burning Blood","Matryoshka","Oddly Smooth Stone","Bottled Lightning","Ancient Tea Set"],"potions_floor_usage":[6,11,16],"damage_taken":[{"damage":3,"enemies":"Small Slimes","floor":1,"turns":3},{"damage":8,"enemies":"Jaw Worm","floor":3,"turns":4},{"damage":6,"enemies":"Cultist","floor":4,"turns":3},{"damage":38,"enemies":"3 Sentries","floor":6,"turns":8},{"damage":26,"enemies":"Gremlin Nob","floor":8,"turns":4},{"damage":4,"enemies":"2 Fungi Beasts","floor":11,"turns":3},{"damage":16,"enemies":"Lots of Slimes","floor":13,"turns":4},{"damage":10,"enemies":"Looter","floor":14,"turns":3},{"damage":70,"enemies":"Hexaghost","floor":16,"turns":15}],"seed_played":"-4556253412006018550","potions_obtained":[{"floor":3,"key":"AttackPotion"},{"floor":8,"key":"Poison Potion"},{"floor":14,"key":"GamblersBrew"}],"is_trial":false,"path_per_floor":["M","?","M","M","$","E","R","E","T","R","M","?","M","M","R","B"],"character_chosen":"IRONCLAD","items_purchased":["Shrug It Off"],"campfire_rested":2,"item_purchase_floors":[5],"current_hp_per_floor":[80,64,62,62,62,30,54,34,34,34,36,56,46,42,66,0],"gold":170,"neow_bonus":"UPGRADE_CARD","is_prod":false,"is_daily":false,"chose_seed":false,"campfire_upgraded":1,"win_rate":0,"timestamp":1549836594,"path_taken":["M","?","M","M","$","E","R","E","T","R","M","?","M","M","R","BOSS"],"build_version":"2019-01-23","purchased_purges":1,"victory":false,"max_hp_per_floor":[80,80,80,80,80,80,80,80,80,80,80,80,80,80,80,80],"card_choices":[{"not_picked":["Thunderclap","Cleave"],"picked":"Searing Blow","floor":1},{"not_picked":["Anger","Carnage"],"picked":"Rampage","floor":3},{"not_picked":["Iron Wave","Armaments"],"picked":"Disarm","floor":4},{"not_picked":["Feel No Pain","Body Slam"],"picked":"Intimidate","floor":6},{"not_picked":["Seeing Red","Perfected Strike","Shrug It Off"],"picked":"SKIP","floor":8},{"not_picked":["Headbutt","Perfected Strike","Body Slam"],"picked":"SKIP","floor":11},{"not_picked":["Infernal Blade","Rampage","Headbutt"],"picked":"SKIP","floor":13},{"not_picked":["Flex","Havoc"],"picked":"Dual Wield","floor":14}],"player_experience":147486,"relics_obtained":[{"floor":6,"key":"Matryoshka"},{"floor":8,"key":"Oddly Smooth Stone"},{"floor":9,"key":"Bottled Lightning"},{"floor":9,"key":"Ancient Tea Set"}],"event_choices":[{"damage_healed":0,"gold_gain":0,"player_choice":"Entered Light","damage_taken":16,"max_hp_gain":0,"max_hp_loss":0,"event_name":"Shining Light","floor":2,"gold_loss":0,"cards_upgraded":["Searing Blow","Strike_R"]},{"damage_healed":20,"gold_gain":0,"player_choice":"Healed and dodged fight","damage_taken":0,"max_hp_gain":0,"max_hp_loss":0,"event_name":"Mushrooms","floor":12,"gold_loss":0,"cards_obtained":["Parasite"]}],"is_beta":false,"boss_relics":[],"items_purged_floors":[5],"is_endless":false,"potions_floor_spawned":[3,8,14],"killed_by":"Hexaghost","ascension_level":1}