{"gold_per_floor":[114,64,83,83,95,122,122,147,196,208,208,41,57,70,70,168,168,187,198,208,208,233,258,269,300,346,346],"floor_reached":27,"playtime":3431,"items_purged":[],"score":265,"play_id":"27a87dc4-4c32-4674-b895-02bae1bb7758","local_time":"20190107173436","is_ascension_mode":false,"campfire_choices":[{"floor":7,"key":"REST"},{"floor":15,"key":"REST"}],"neow_cost":"NONE","seed_source_timestamp":181807394566193,"circlet_count":0,"master_deck":["Defend_G+1","Defend_G","Defend_G","Defend_G","Defend_G+1","Strike_G+1","Strike_G","Strike_G","Survivor","Neutralize","Backflip","Infinite Blades","Poisoned Stab","Crippling Poison+1","Backflip+1","Quick Slash","Noxious Fumes","Terror+1","Poisoned Stab","Prepared+1","PiercingWail+1","Prepared+1","After Image","Crippling Poison+1","Dash+1","Calculated Gamble+1","Tools of the Trade","Tactician+1","Poisoned Stab","Bouncing Flask+1","Backflip+1","Reflex+1","Noxious Fumes+1","Outmaneuver+1"],"relics":["Ring of the Snake","Toxic Egg 2","PreservedInsect","Dream Catcher","War Paint","Orrery","Whetstone","Tingsha","Question Card","Omamori"],"potions_floor_usage":[10,13,13,16,25,25],"damage_taken":[{"damage":0,"enemies":"2 Louse","floor":1,"turns":3},{"damage":0,"enemies":"Small Slimes","floor":3,"turns":5},{"damage":1,"enemies":"Cultist","floor":5,"turns":4},{"damage":51,"enemies":"Lagavulin","floor":6,"turns":8},{"damage":29,"enemies":"Gremlin Nob","floor":8,"turns":5},{"damage":4,"enemies":"Large Slime","floor":10,"turns":6},{"damage":5,"enemies":"Exordium Wildlife","floor":13,"turns":5},{"damage":0,"enemies":"Looter","floor":14,"turns":2},{"damage":17,"enemies":"Slime Boss","floor":16,"turns":9},{"damage":3,"enemies":"3 Byrds","floor":18,"turns":4},{"damage":4,"enemies":"Spheric Guardian","floor":19,"turns":5},{"damage":20,"enemies":"Snecko","floor":20,"turns":5},{"damage":12,"enemies":"Gremlin Leader","floor":23,"turns":5},{"damage":5,"enemies":"Centurion and Healer","floor":24,"turns":7},{"damage":20,"enemies":"Slavers","floor":25,"turns":4},{"damage":14,"enemies":"Chosen and Byrds","floor":27,"turns":3}],"seed_played":"9158839322589879444","potions_obtained":[{"floor":1,"key":"Weak Potion"},{"floor":4,"key":"Regen Potion"},{"floor":4,"key":"Energy Potion"},{"floor":4,"key":"Fire Potion"},{"floor":10,"key":"SkillPotion"},{"floor":16,"key":"SkillPotion"},{"floor":18,"key":"Dexterity Potion"},{"floor":23,"key":"SkillPotion"},{"floor":25,"key":"Block Potion"}],"is_trial":false,"path_per_floor":["M","?","M","?","M","E","R","E","T","M","?","$","M","M","R","B",null,"M","M","M","?","T","E","M","E","T","M"],"character_chosen":"THE_SILENT","items_purchased":["Noxious Fumes","Terror+1","Poisoned Stab"],"campfire_rested":2,"item_purchase_floors":[12,12,12],"current_hp_per_floor":[77,77,77,77,76,25,48,19,19,15,3,3,12,12,35,18,77,74,70,50,50,50,38,33,13,13,0],"gold":346,"neow_bonus":"TEN_PERCENT_HP_BONUS","is_prod":false,"is_daily":false,"chose_seed":false,"campfire_upgraded":0,"win_rate":0.0,"timestamp":1546900476,"path_taken":["M","?","M","?","?","E","R","E","T","M","?","?","M","M","R","BOSS","M","M","M","?","?","E","M","E","T","M"],"build_version":"2019-01-03v4","purchased_purges":0,"victory":false,"max_hp_per_floor":[77,77,77,77,77,77,77,77,77,77,77,77,77,77,77,77,77,77,77,77,77,77,77,77,77,77,77],"card_choices":[{"not_picked":["Expertise","Slice"],"picked":"Backflip","floor":1},{"not_picked":["Blade Dance","Deadly Poison"],"picked":"Infinite Blades","floor":3},{"not_picked":["Prepared","Flechettes"],"picked":"Poisoned Stab","floor":5},{"not_picked":["Quick Slash","Caltrops"],"picked":"Crippling Poison","floor":6},{"not_picked":["PiercingWail+1","Choke"],"picked":"Backflip+1","floor":8},{"not_picked":["Deadly Poison+1","Predator"],"picked":"Quick Slash","floor":10},{"not_picked":["Slice","Eviscerate"],"picked":"Prepared+1","floor":13},{"not_picked":["Underhanded Strike","Dash"],"picked":"PiercingWail+1","floor":14},{"not_picked":["Dodge and Roll+1","Deflect+1"],"picked":"Prepared+1","floor":15},{"not_picked":["Envenom","Bullet Time+1"],"picked":"After Image","floor":16},{"not_picked":["Flying Knee","Slice"],"picked":"Dodge and Roll+1","floor":17},{"not_picked":["Dagger Spray","PiercingWail+1"],"picked":"Crippling Poison+1","floor":17},{"not_picked":["Slice","Dagger Throw"],"picked":"Dash","floor":17},{"not_picked":["Sucker Punch","Quick Slash"],"picked":"Calculated Gamble+1","floor":17},{"not_picked":["Sucker Punch","Underhanded Strike"],"picked":"Tools of the Trade","floor":17},{"not_picked":["Calculated Gamble+1","Blade Dance+1"],"picked":"Tactician+1","floor":18},{"not_picked":["Masterful Stab","Outmaneuver+1"],"picked":"Poisoned Stab","floor":19},{"not_picked":["Flying Knee","Riddle With Holes","Slice"],"picked":"SKIP","floor":20},{"not_picked":["Wraith Form v2","Acrobatics+1"],"picked":"Reflex+1","floor":23},{"not_picked":["Prepared+1","Infinite Blades"],"picked":"Noxious Fumes+1","floor":24},{"not_picked":["Flechettes","Backflip+1"],"picked":"Outmaneuver+1","floor":25}],"player_experience":13366,"relics_obtained":[{"floor":6,"key":"Toxic Egg 2"},{"floor":8,"key":"PreservedInsect"},{"floor":9,"key":"Dream Catcher"},{"floor":22,"key":"Whetstone"},{"floor":23,"key":"Tingsha"},{"floor":25,"key":"Question Card"},{"floor":26,"key":"Omamori"}],"event_choices":[{"cards_removed":["Strike_G"],"damage_healed":0,"gold_gain":0,"player_choice":"Card Removal","damage_taken":0,"max_hp_gain":0,"max_hp_loss":0,"event_name":"The Cleric","floor":2,"gold_loss":50},{"damage_healed":0,"gold_gain":0,"player_choice":"Got Potions","damage_taken":0,"max_hp_gain":0,"max_hp_loss":0,"event_name":"Lab","floor":4,"gold_loss":0},{"damage_healed":0,"gold_gain":0,"player_choice":"Success","damage_taken":12,"relics_obtained":["War Paint"],"max_hp_gain":0,"max_hp_loss":0,"event_name":"Scrap Ooze","floor":11,"gold_loss":0},{"damage_healed":0,"gold_gain":0,"cards_transformed":["Dodge and Roll","Strike_G"],"player_choice":"Became Test Subject","damage_taken":0,"max_hp_gain":0,"max_hp_loss":0,"event_name":"Drug Dealer","floor":21,"gold_loss":0,"cards_obtained":["Bouncing Flask","Backflip"]}],"is_beta":false,"boss_relics":[{"not_picked":["White Beast Statue","Lizard Tail"],"picked":"Orrery"}],"items_purged_floors":[],"is_endless":false,"potions_floor_spawned":[1,8,10,16,18,23,25],"killed_by":"Chosen and Byrds","ascension_level":0}