{"gold_per_floor":[18,18,18,34,52,52,90,104,128,128,403,403,416,431,431,554,554,569,553,352,373,389,389,389],"floor_reached":24,"playtime":1869,"items_purged":["Regret"],"score":300,"play_id":"4fda46d4-72a2-4513-a9ba-faba821ecf34","local_time":"20190313204827","is_ascension_mode":true,"campfire_choices":[{"data":"Noxious Fumes","floor":6.0,"key":"SMITH"},{"data":"Footwork","floor":10.0,"key":"SMITH"},{"data":"Neutralize","floor":12.0,"key":"SMITH"},{"floor":15.0,"key":"REST"},{"floor":23,"key":"REST"}],"neow_cost":"NO_GOLD","seed_source_timestamp":73976505132564,"circlet_count":0,"master_deck":["AscendersBane","Defend_G","Defend_G","Defend_G","Defend_G","Defend_G","Strike_G","Strike_G","Strike_G","Strike_G","Strike_G","Survivor","Neutralize+1","Die Die Die","Dagger Throw","Noxious Fumes+1","Footwork+1","Flying Knee","Blur","Deadly Poison","Noxious Fumes","Flying Knee","A Thousand Cuts","Acrobatics","Blur","Sucker Punch","Deflect","Escape Plan","Blade Dance+1","Dodge and Roll+1"],"special_seed":0,"relics":["Ring of the Snake","Golden Idol","Art of War","Dream Catcher","Philosopher\u0027s Stone"],"potions_floor_usage":[22],"damage_taken":[{"damage":0.0,"enemies":"2 Louse","floor":1.0,"turns":2.0},{"damage":1.0,"enemies":"Cultist","floor":4.0,"turns":4.0},{"damage":2.0,"enemies":"Jaw Worm","floor":5.0,"turns":4.0},{"damage":14.0,"enemies":"Lagavulin","floor":7.0,"turns":5.0},{"damage":0.0,"enemies":"2 Fungi Beasts","floor":8.0,"turns":2.0},{"damage":7.0,"enemies":"Blue Slaver","floor":13.0,"turns":5.0},{"damage":23.0,"enemies":"Exordium Wildlife","floor":14.0,"turns":5.0},{"damage":13.0,"enemies":"Hexaghost","floor":16.0,"turns":10.0},{"damage":22.0,"enemies":"3 Byrds","floor":18.0,"turns":4.0},{"damage":17.0,"enemies":"2 Thieves","floor":19.0,"turns":4.0},{"damage":2.0,"enemies":"Cultist and Chosen","floor":21.0,"turns":7.0},{"damage":7,"enemies":"Snecko","floor":22,"turns":6},{"damage":30,"enemies":"Snake Plant","floor":24,"turns":3}],"seed_played":"6517554916629113063","potions_obtained":[{"floor":4.0,"key":"Swift Potion"},{"floor":5.0,"key":"Poison Potion"},{"floor":13.0,"key":"Swift Potion"},{"floor":14.0,"key":"Block Potion"},{"floor":19.0,"key":"SteroidPotion"},{"floor":21.0,"key":"SteroidPotion"}],"is_trial":false,"path_per_floor":["M","?","?","M","M","R","E","M","T","R","?","R","M","M","R","B",null,"M","M","$","M","M","R","M"],"character_chosen":"THE_SILENT","items_purchased":["Sucker Punch","Deflect","Block Potion"],"campfire_rested":2,"item_purchase_floors":[20,20,20],"current_hp_per_floor":[63,63,56,55,53,53,39,39,39,39,39,39,32,9,30,17,57,35,18,18,16,9,30,0],"gold":389,"neow_bonus":"THREE_RARE_CARDS","is_prod":false,"is_daily":false,"chose_seed":false,"campfire_upgraded":3,"win_rate":0,"timestamp":1552535307,"path_taken":["M","?","?","M","M","R","E","M","T","R","?","R","M","M","R","BOSS","M","M","$","M","M","R","?"],"build_version":"2019-01-23","purchased_purges":1,"victory":false,"max_hp_per_floor":[70,70,70,70,70,70,70,70,70,70,70,70,70,70,70,70,70,70,70,70,70,70,70,70],"card_choices":[{"not_picked":["Glass Knife","Phantasmal Killer"],"picked":"Die Die Die","floor":0.0},{"not_picked":["Choke","Underhanded Strike"],"picked":"Dagger Throw","floor":1.0},{"not_picked":["Blade Dance","Leg Sweep"],"picked":"Noxious Fumes","floor":4.0},{"not_picked":["Dagger Spray","Dagger Throw"],"picked":"Footwork","floor":5.0},{"not_picked":["Backflip","Riddle With Holes"],"picked":"Flying Knee","floor":7.0},{"not_picked":["Outmaneuver","Endless Agony"],"picked":"Blur","floor":8.0},{"not_picked":["Concentrate","Sucker Punch"],"picked":"Deadly Poison","floor":13.0},{"not_picked":["Deflect","Slice"],"picked":"Noxious Fumes","floor":14.0},{"not_picked":["Grand Finale","PiercingWail"],"picked":"Flying Knee","floor":15.0},{"not_picked":["Envenom","Unload"],"picked":"A Thousand Cuts","floor":16.0},{"not_picked":["Poisoned Stab","Outmaneuver"],"picked":"Acrobatics","floor":18.0},{"not_picked":["Dagger Spray","All Out Attack"],"picked":"Blur","floor":19.0},{"not_picked":["Heel Hook","Caltrops"],"picked":"Escape Plan","floor":21.0},{"not_picked":["Backflip","Poisoned Stab"],"picked":"Blade Dance+1","floor":22},{"not_picked":["Backflip","Caltrops"],"picked":"Dodge and Roll+1","floor":23}],"player_experience":477913,"relics_obtained":[{"floor":7.0,"key":"Art of War"},{"floor":9.0,"key":"Dream Catcher"}],"event_choices":[{"damage_healed":0.0,"max_hp_gain":0.0,"max_hp_loss":0.0,"gold_gain":0.0,"event_name":"Golden Idol","player_choice":"Take Wound","floor":2.0,"gold_loss":0.0,"damage_taken":0.0,"relics_obtained":["Golden Idol"],"cards_obtained":["Injury"]},{"cards_removed":["Injury"],"damage_healed":0.0,"max_hp_gain":0.0,"max_hp_loss":0.0,"gold_gain":0.0,"event_name":"Golden Wing","player_choice":"Card Removal","floor":3.0,"gold_loss":0.0,"damage_taken":7.0},{"damage_healed":0.0,"max_hp_gain":0.0,"max_hp_loss":0.0,"gold_gain":275.0,"event_name":"Golden Shrine","player_choice":"Desecrate","floor":11.0,"gold_loss":0.0,"damage_taken":0.0,"cards_obtained":["Regret"]}],"is_beta":false,"boss_relics":[{"not_picked":["Lizard Tail","Orrery"],"picked":"Philosopher\u0027s Stone"}],"items_purged_floors":[20],"is_endless":false,"potions_floor_spawned":[4,5,13,14,19,21],"killed_by":"Snake Plant","ascension_level":10}