{"path_per_floor":["M","?","?","M","?","E","R","M","T","M","M","M","T","M","R","B",null,"M","$","M","?","M","R","$","R","T","?"],"character_chosen":"IRONCLAD","items_purchased":[],"gold_per_floor":[119,119,119,134,134,167,167,180,180,194,213,227,227,246,246,341,341,361,286,305,305,324,324,224,224,248,248],"floor_reached":28,"campfire_rested":2,"playtime":1425,"current_hp_per_floor":[80,80,64,69,69,33,57,56,56,43,44,49,49,52,52,30,80,72,72,49,49,47,71,71,71,71,71],"items_purged":["Strike_R","Strike_R"],"gold":248,"score":253,"play_id":"c8809422-d930-4ccd-a435-b798531c9109","local_time":"20180305160053","is_prod":false,"is_daily":false,"is_ascension_mode":true,"campfire_upgraded":2,"timestamp":1520276453,"path_taken":["M","?","?","M","?","E","R","M","T","M","M","?","?","?","R","BOSS","M","$","M","?","M","R","$","R","T","?","E"],"build_version":"2018-03-01-PROD1","purchased_purges":2,"victory":false,"master_deck":["Strike_R","Strike_R","Strike_R","Defend_R+1","Defend_R","Defend_R+1","Defend_R","Bash","Armaments+1","Headbutt","Shrug It Off+1","Shockwave+1","Clash"],"max_hp_per_floor":[80,80,80,80,80,80,80,80,80,80,80,80,80,80,80,80,80,80,80,80,80,80,80,80,80,80,80],"relics":["Burning Blood"],"card_choices":[{"not_picked":["Bloodletting","Thunderclap"],"picked":"Armaments"},{"not_picked":["Barricade","Wild Strike"],"picked":"Headbutt"},{"not_picked":["Rupture","Clothesline"],"picked":"Shrug It Off"},{"not_picked":["Body Slam","Intimidate"],"picked":"Shockwave"}],"player_experience":432487,"potions_floor_usage":[10,16,16,16,18,20,22],"damage_taken":[{"damage":0,"enemies":"2 Louse","floor":1,"turns":3},{"damage":1,"enemies":"Cultist","floor":4,"turns":5},{"damage":42,"enemies":"3 Sentries","floor":6,"turns":14},{"damage":7,"enemies":"Small Slimes","floor":8,"turns":4},{"damage":19,"enemies":"Exordium Wildlife","floor":10,"turns":5},{"damage":5,"enemies":"Gremlin Gang","floor":11,"turns":6},{"damage":1,"enemies":"Blue Slaver","floor":12,"turns":4},{"damage":3,"enemies":"Looter","floor":14,"turns":4},{"damage":28,"enemies":"Slime Boss","floor":16,"turns":13},{"damage":14,"enemies":"Chosen","floor":18,"turns":6},{"damage":29,"enemies":"Shell Parasite","floor":20,"turns":9},{"damage":14,"enemies":"3 Cultists","floor":22,"turns":6},{"damage":73,"enemies":"Book of Stabbing","floor":28,"turns":8}],"event_choices":[{"event_name":"Golden Idol","player_choice":"Ignored","floor":2,"damage_taken":0},{"event_name":"Shining Light","player_choice":"Entered Light","floor":3,"damage_taken":0},{"event_name":"Living Wall","player_choice":"Grow","floor":5,"damage_taken":0},{"event_name":"The Library","player_choice":"Read","floor":21,"damage_taken":0},{"event_name":"Cursed Tome","player_choice":"Ignored","floor":27,"damage_taken":0}],"boss_relics":[{"not_picked":["Lizard Tail","Snecko Eye","Pandora\u0027s Box"]}],"potions_floor_spawned":[4,8,10,11,16,18,20],"seed_played":"4366349738898939104","killed_by":"Book of Stabbing","ascension_level":3,"is_trial":false}