{"gold_per_floor":[366,382,382,401,78,78,104,184,184,184,259,13,23,23,23,101,101,120,170,95,144,144,144,202,213,238,238,255,266,266,57,57,57],"floor_reached":33,"playtime":1156,"items_purged":["Strike_G"],"score":483,"play_id":"a7547b19-5fce-4ea4-9d38-f568146c5022","local_time":"20190124224824","is_ascension_mode":true,"campfire_choices":[{"data":"Neutralize","floor":6,"key":"SMITH"},{"floor":10,"key":"REST"},{"floor":15,"key":"REST"},{"data":"Noxious Fumes","floor":23,"key":"SMITH"},{"floor":27,"key":"REST"},{"floor":32,"key":"REST"}],"neow_cost":"PERCENT_DAMAGE","seed_source_timestamp":39481027425194,"circlet_count":0,"master_deck":["AscendersBane","Defend_G","Defend_G","Defend_G","Defend_G","Defend_G","Strike_G","Strike_G","Strike_G","Survivor","Neutralize+1","Predator","Crippling Poison","Caltrops","Noxious Fumes+1","Die Die Die","Blade Dance","Backflip","Footwork"],"relics":["Ring of the Snake","OrangePellets","Kunai","Omamori","Pear","Busted Crown","Anchor","Tiny Chest","Blood Vial","Regal Pillow"],"potions_floor_usage":[13,24],"damage_taken":[{"damage":10,"enemies":"Small Slimes","floor":1,"turns":4},{"damage":0,"enemies":"Jaw Worm","floor":2,"turns":5},{"damage":0,"enemies":"2 Louse","floor":4,"turns":2},{"damage":29,"enemies":"Gremlin Nob","floor":7,"turns":4},{"damage":0,"enemies":"Large Slime","floor":13,"turns":5},{"damage":37,"enemies":"Hexaghost","floor":16,"turns":10},{"damage":18,"enemies":"Chosen","floor":18,"turns":5},{"damage":25,"enemies":"Book of Stabbing","floor":24,"turns":7},{"damage":11,"enemies":"3 Byrds","floor":25,"turns":3},{"damage":3,"enemies":"Centurion and Healer","floor":28,"turns":6},{"damage":15,"enemies":"Cultist and Chosen","floor":29,"turns":6},{"damage":52,"enemies":"Champ","floor":33,"turns":19}],"seed_played":"-8373760500950018811","potions_obtained":[{"floor":2,"key":"Block Potion"},{"floor":16,"key":"Block Potion"},{"floor":24,"key":"SteroidPotion"},{"floor":29,"key":"LiquidBronze"}],"is_trial":false,"path_per_floor":["M","M","?","M","$","R","E","?","T","R","?","$","M","T","R","B",null,"M","?","?","T","?","R","E","M","T","R","M","M","?","$","R","B"],"character_chosen":"THE_SILENT","items_purchased":["OrangePellets","Caltrops","Noxious Fumes","Die Die Die","Regal Pillow","Footwork"],"campfire_rested":4,"item_purchase_floors":[5,5,12,12,31,31],"current_hp_per_floor":[34,34,34,34,34,34,5,5,5,24,13,13,13,23,45,8,59,41,41,41,41,41,41,16,5,5,27,26,13,13,13,50,0],"gold":57,"neow_bonus":"TWO_FIFTY_GOLD","is_prod":false,"is_daily":false,"chose_seed":false,"campfire_upgraded":2,"win_rate":0,"timestamp":1548377304,"path_taken":["M","M","?","M","$","R","E","?","T","R","?","$","?","?","R","BOSS","M","?","?","?","?","R","E","M","T","R","M","M","?","$","R","BOSS"],"build_version":"2019-01-23","purchased_purges":1,"victory":false,"max_hp_per_floor":[66,66,66,66,66,66,66,66,66,66,66,66,66,76,76,76,76,76,76,76,76,76,76,76,76,76,76,76,76,76,76,76,76],"card_choices":[{"not_picked":["Poisoned Stab","Calculated Gamble"],"picked":"Predator","floor":1},{"not_picked":["Accuracy","Tactician","Flying Knee"],"picked":"SKIP","floor":2},{"not_picked":["Poisoned Stab","Outmaneuver"],"picked":"Crippling Poison","floor":4},{"not_picked":["Leg Sweep","Flying Knee","Calculated Gamble"],"picked":"SKIP","floor":7},{"not_picked":["Slice","Dagger Spray"],"picked":"Blade Dance","floor":13},{"not_picked":[],"picked":"Backflip","floor":18},{"not_picked":["Flying Knee"],"picked":"SKIP","floor":24},{"not_picked":["Dash"],"picked":"SKIP","floor":25},{"not_picked":["Deflect"],"picked":"SKIP","floor":28},{"not_picked":["Tactician"],"picked":"SKIP","floor":29}],"player_experience":948876,"relics_obtained":[{"floor":7,"key":"Kunai"},{"floor":9,"key":"Omamori"},{"floor":14,"key":"Pear"},{"floor":21,"key":"Anchor"},{"floor":24,"key":"Tiny Chest"},{"floor":26,"key":"Blood Vial"}],"event_choices":[{"damage_healed":0,"gold_gain":0,"player_choice":"Ignored","damage_taken":0,"max_hp_gain":0,"max_hp_loss":0,"event_name":"Golden Idol","floor":3,"gold_loss":0},{"damage_healed":0,"gold_gain":80,"player_choice":"Gained Gold","damage_taken":0,"max_hp_gain":0,"max_hp_loss":0,"event_name":"Golden Wing","floor":8,"gold_loss":0},{"damage_healed":0,"gold_gain":75,"player_choice":"Gather Gold","damage_taken":11,"max_hp_gain":0,"max_hp_loss":0,"event_name":"World of Goop","floor":11,"gold_loss":0},{"damage_healed":0,"gold_gain":50,"player_choice":"Stole From Cult","damage_taken":0,"max_hp_gain":0,"max_hp_loss":0,"event_name":"Nest","floor":19,"gold_loss":0},{"cards_removed":["Strike_G"],"damage_healed":0,"gold_gain":0,"player_choice":"Gave Gold","damage_taken":0,"max_hp_gain":0,"max_hp_loss":0,"event_name":"Beggar","floor":20,"gold_loss":75},{"damage_healed":0,"gold_gain":0,"player_choice":"Ignored","damage_taken":0,"max_hp_gain":0,"max_hp_loss":0,"event_name":"Ghosts","floor":22,"gold_loss":0},{"damage_healed":0,"gold_gain":0,"player_choice":"Ignored","damage_taken":0,"max_hp_gain":0,"max_hp_loss":0,"event_name":"The Mausoleum","floor":30,"gold_loss":0}],"is_beta":true,"boss_relics":[{"not_picked":["Lizard Tail","Runic Pyramid"],"picked":"Busted Crown"}],"items_purged_floors":[5],"is_endless":false,"potions_floor_spawned":[2,16,24,29],"killed_by":"Champ","ascension_level":17}