{"gold_per_floor":[117,117,117,136,147,147,164,179,258,258,77,96,110,127,127,229,229,242,93,393,405,424,456,456,476,476,476,511,525,525,555,555,655,655,665,665,720,55,55,55,65,65,65,82,82,109,59,76,76,76],"floor_reached":51,"playtime":1800,"items_purged":["Defend_R","Strike_R","Evolve","Cleave"],"score":958,"play_id":"20c02a67-1c37-4084-b639-5215fd6f918f","local_time":"20180710144456","is_ascension_mode":true,"campfire_choices":[{"data":"Whirlwind","floor":6.0,"key":"SMITH"},{"floor":15.0,"key":"REST"},{"data":"True Grit","floor":24.0,"key":"SMITH"},{"floor":27.0,"key":"REST"},{"floor":30.0,"key":"REST"},{"data":"Demon Form","floor":32.0,"key":"SMITH"},{"floor":40.0,"key":"REST"},{"data":"Warcry","floor":42.0,"key":"SMITH"},{"data":"Double Tap","floor":45.0,"key":"SMITH"},{"floor":49.0,"key":"REST"}],"neow_cost":"FIFTY_PERCENT_DAMAGE","seed_source_timestamp":0,"circlet_count":0,"master_deck":["Bash","Whirlwind+1","Demon Form+1","Thunderclap","Clash","Flex","Headbutt","Clash","True Grit+1","Armaments+1","Headbutt","Whirlwind","Warcry+1","Double Tap+1","The Bomb"],"special_seed":0,"relics":["Burning Blood","Prayer Wheel","Mercury Hourglass","Busted Crown","Old Coin","Regal Pillow","Anchor","Orichalcum","Bottled Flame","Pandora\u0027s Box","Incense Burner","Turnip","HandDrill","Smiling Mask","Bronze Scales"],"potions_floor_usage":[50,50],"damage_taken":[{"damage":5.0,"enemies":"2 Louse","floor":1.0,"turns":4.0},{"damage":15.0,"enemies":"Small Slimes","floor":4.0,"turns":4.0},{"damage":4.0,"enemies":"Jaw Worm","floor":5.0,"turns":6.0},{"damage":18.0,"enemies":"Exordium Wildlife","floor":7.0,"turns":3.0},{"damage":0.0,"enemies":"3 Louse","floor":8.0,"turns":1.0},{"damage":2.0,"enemies":"2 Fungi Beasts","floor":12.0,"turns":2.0},{"damage":0.0,"enemies":"Lots of Slimes","floor":13.0,"turns":1.0},{"damage":0.0,"enemies":"Large Slime","floor":14.0,"turns":3.0},{"damage":31.0,"enemies":"The Guardian","floor":16.0,"turns":7.0},{"damage":6.0,"enemies":"Spheric Guardian","floor":18.0,"turns":3.0},{"damage":0.0,"enemies":"3 Byrds","floor":21.0,"turns":4.0},{"damage":23.0,"enemies":"Centurion and Healer","floor":22.0,"turns":2.0},{"damage":15.0,"enemies":"Slavers","floor":23.0,"turns":2.0},{"damage":27.0,"enemies":"Snecko","floor":25.0,"turns":4.0},{"damage":35.0,"enemies":"Book of Stabbing","floor":28.0,"turns":4.0},{"damage":9.0,"enemies":"Snake Plant","floor":29.0,"turns":3.0},{"damage":21.0,"enemies":"Gremlin Leader","floor":31.0,"turns":5.0},{"damage":56.0,"enemies":"Collector","floor":33.0,"turns":8.0},{"damage":0.0,"enemies":"3 Shapes","floor":35.0,"turns":1.0},{"damage":0.0,"floor":36.0,"turns":4.0},{"damage":40.0,"floor":37.0,"turns":4.0},{"damage":0.0,"enemies":"Orb Walker","floor":41.0,"turns":2.0},{"damage":0.0,"enemies":"3 Darklings","floor":44.0,"turns":1.0},{"damage":13.0,"enemies":"2 Orb Walkers","floor":46.0,"turns":4.0},{"damage":21.0,"enemies":"Spire Growth","floor":48.0,"turns":3.0},{"damage":79,"enemies":"Donu and Deca","floor":50,"turns":6}],"seed_played":"519029714226188893","potions_obtained":[{"floor":12.0,"key":"Block Potion"},{"floor":13.0,"key":"Weak Potion"},{"floor":14.0,"key":"Explosive Potion"},{"floor":21.0,"key":"Dexterity Potion"},{"floor":22.0,"key":"Fire Potion"},{"floor":23.0,"key":"LiquidBronze"},{"floor":31.0,"key":"SteroidPotion"},{"floor":37.0,"key":"Swift Potion"},{"floor":41.0,"key":"Block Potion"},{"floor":46.0,"key":"LiquidBronze"}],"is_trial":false,"path_per_floor":["M","?","?","M","M","R","M","M","T","?","$","M","M","M","R","B",null,"M","$","T","M","M","E","R","M","T","R","E","M","R","E","R","B",null,"M","?","?","$","?","R","M","R","T","M","R","E","$","M","R","B"],"character_chosen":"IRONCLAD","items_purchased":["Clash","Flex","True Grit","Double Tap","HandDrill","The Bomb"],"campfire_rested":5,"item_purchase_floors":[11,11,19,38,38,38],"current_hp_per_floor":[37,37,34,25,27,27,15,21,21,21,21,25,31,37,61,36,69,69,69,69,75,58,49,49,28,28,67,38,35,74,59,59,9,62,68,74,40,40,35,74,80,80,80,80,80,73,73,58,80,7],"gold":76,"neow_bonus":"REMOVE_TWO","is_prod":false,"is_daily":false,"chose_seed":false,"campfire_upgraded":5,"win_rate":0,"timestamp":1531244696,"path_taken":["M","?","?","M","?","R","M","M","T","?","$","M","M","M","R","BOSS","M","$","?","M","M","E","R","M","T","R","E","M","R","E","R","BOSS","M","?","?","$","?","R","M","R","T","M","R","E","$","M","R","BOSS"],"build_version":"2018-07-09","purchased_purges":4,"victory":true,"max_hp_per_floor":[80,80,80,80,80,80,80,80,80,80,80,80,80,80,80,80,80,80,80,80,80,80,80,80,80,80,80,80,80,80,80,80,80,80,80,80,80,80,80,80,80,80,80,80,80,80,80,80,80,80],"card_choices":[{"not_picked":["Heavy Blade","Havoc","True Grit"],"picked":"SKIP","floor":1.0},{"not_picked":["Perfected Strike","Havoc"],"picked":"Whirlwind","floor":4.0},{"not_picked":["Shockwave","Havoc","Wild Strike"],"picked":"SKIP","floor":4.0},{"not_picked":["Shrug It Off","Anger"],"picked":"Demon Form","floor":5.0},{"not_picked":["Evolve","Anger","Pommel Strike"],"picked":"SKIP","floor":5.0},{"not_picked":["Flame Barrier","Body Slam","Sword Boomerang"],"picked":"SKIP","floor":7.0},{"not_picked":["Pommel Strike","Barricade","Shockwave"],"picked":"SKIP","floor":7.0},{"not_picked":["Disarm","Power Through"],"picked":"Thunderclap","floor":8.0},{"not_picked":["Power Through","Iron Wave","Flame Barrier"],"picked":"SKIP","floor":8.0},{"not_picked":["Clothesline","Clash"],"picked":"Headbutt","floor":12.0},{"not_picked":["Shockwave","Intimidate","Dropkick"],"picked":"SKIP","floor":12.0},{"not_picked":["Spot Weakness","Havoc","Twin Strike"],"picked":"SKIP","floor":13.0},{"not_picked":["Warcry","Ghostly Armor","Flex"],"picked":"SKIP","floor":13.0},{"not_picked":["Hemokinesis","Power Through","Reckless Charge"],"picked":"SKIP","floor":14.0},{"not_picked":["Combust","True Grit","Battle Trance"],"picked":"SKIP","floor":14.0},{"not_picked":[],"picked":"Clash","floor":18.0},{"not_picked":["Corruption"],"picked":"SKIP","floor":18.0},{"not_picked":["Evolve"],"picked":"SKIP","floor":21.0},{"not_picked":["Headbutt+1"],"picked":"SKIP","floor":21.0},{"not_picked":["Clash"],"picked":"SKIP","floor":22.0},{"not_picked":["Perfected Strike+1"],"picked":"SKIP","floor":22.0},{"not_picked":["Battle Trance"],"picked":"SKIP","floor":23.0},{"not_picked":["Sever Soul"],"picked":"SKIP","floor":25.0},{"not_picked":["True Grit"],"picked":"SKIP","floor":25.0},{"not_picked":["Warcry"],"picked":"SKIP","floor":28.0},{"not_picked":["Blood for Blood+1"],"picked":"SKIP","floor":29.0},{"not_picked":["Havoc"],"picked":"SKIP","floor":29.0},{"not_picked":[],"picked":"Armaments+1","floor":31.0},{"not_picked":["Shrug It Off"],"picked":"SKIP","floor":35.0},{"not_picked":["Clothesline+1"],"picked":"SKIP","floor":35.0},{"not_picked":["Corruption+1"],"picked":"SKIP","floor":41.0},{"not_picked":["Disarm"],"picked":"SKIP","floor":41.0},{"not_picked":["True Grit+1"],"picked":"SKIP","floor":44.0},{"not_picked":["Pommel Strike+1"],"picked":"SKIP","floor":44.0},{"not_picked":["Fiend Fire"],"picked":"SKIP","floor":46.0},{"not_picked":["Iron Wave"],"picked":"SKIP","floor":48.0},{"not_picked":["Second Wind+1"],"picked":"SKIP","floor":48.0}],"player_experience":816004,"relics_obtained":[{"floor":9.0,"key":"Mercury Hourglass"},{"floor":20.0,"key":"Old Coin"},{"floor":23.0,"key":"Regal Pillow"},{"floor":26.0,"key":"Anchor"},{"floor":28.0,"key":"Orichalcum"},{"floor":31.0,"key":"Bottled Flame"},{"floor":36.0,"key":"Incense Burner"},{"floor":37.0,"key":"Turnip"},{"floor":43.0,"key":"Smiling Mask"},{"floor":46.0,"key":"Bronze Scales"}],"event_choices":[{"event_name":"Golden Idol","player_choice":"Ignored","floor":2.0,"damage_taken":0.0},{"event_name":"Scrap Ooze","player_choice":"success","floor":3.0,"damage_taken":3.0},{"event_name":"Shining Light","player_choice":"Ignored","floor":10.0,"damage_taken":0.0},{"event_name":"MindBloom","player_choice":"Fight","floor":36.0,"damage_taken":0.0},{"event_name":"Mysterious Sphere","player_choice":"Fight","floor":37.0,"damage_taken":0.0},{"event_name":"SensoryStone","player_choice":"Memory 2","floor":39.0,"damage_taken":0.0}],"boss_relics":[{"not_picked":["Philosopher\u0027s Stone","Tiny House"],"picked":"Busted Crown"},{"not_picked":["Mark of Pain","Runic Dome"],"picked":"Pandora\u0027s Box"}],"items_purged_floors":[11,19,38,47],"is_endless":false,"potions_floor_spawned":[12,13,14,21,22,23,31,37,41,46],"ascension_level":6}