{"path_per_floor":["M","M","?","M","M","R","E","M","T","M","R","M","$","M","R","B",null,"M","?","?","$","M","E","R","M","T","M","M","M","R","M","R"],"character_chosen":"THE_SILENT","items_purchased":["Accuracy"],"gold_per_floor":[116,134,134,149,162,162,187,201,201,211,211,228,168,181,181,278,278,218,218,218,84,84,84,84,84,84,84,84,84,84,84,84],"floor_reached":33,"campfire_rested":6,"playtime":2300,"current_hp_per_floor":[63,63,51,48,48,69,32,27,27,25,46,46,46,39,60,39,62,54,54,54,54,47,32,53,44,44,23,14,1,22,4,25],"items_purged":["Strike_G","Strike_G"],"gold":84,"score":382,"play_id":"b7e2866e-50e4-4eaf-b8f1-25024dc8c058","is_prod":false,"is_daily":false,"is_ascension_mode":true,"campfire_upgraded":0,"path_taken":["M","?","?","M","M","R","E","M","T","M","R","M","$","M","R","BOSS","M","?","?","$","?","E","R","M","T","M","M","M","R","M","R","BOSS"],"build_version":"2018-02-22-PROD2","purchased_purges":2,"victory":false,"master_deck":["Defend_G","Defend_G","Defend_G+1","Defend_G","Defend_G+1","Strike_G","Strike_G","Strike_G","Survivor","Neutralize","PiercingWail","Infinite Blades","Blade Dance","Flying Knee","Envenom","Dagger Spray","Cloak And Dagger","Leg Sweep","Riddle With Holes","Accuracy","Bane"],"max_hp_per_floor":[70,70,70,70,70,70,70,70,70,70,70,70,70,70,70,70,70,70,70,70,70,70,70,70,70,70,70,70,70,70,70,70],"relics":["Ring of the Snake","The Courier","War Paint","Paper Crane","Ectoplasm","Bronze Scales","Pen Nib"],"card_choices":[{"not_picked":["Deadly Poison","Escape Plan"],"picked":"PiercingWail"},{"not_picked":["Distraction","PiercingWail"],"picked":"Infinite Blades"},{"not_picked":["Slice","Backflip"],"picked":"Blade Dance"},{"not_picked":["Deadly Poison","Quick Slash"],"picked":"Flying Knee"},{"not_picked":["Outmaneuver","Deflect"],"picked":"Envenom"},{"not_picked":["Poisoned Stab","Blade Dance"],"picked":"Dagger Spray"},{"not_picked":["Sucker Punch","Underhanded Strike"],"picked":"Cloak And Dagger"},{"not_picked":["Bane","Deflect"],"picked":"Leg Sweep"},{"not_picked":["Reflex","Predator"],"picked":"Riddle With Holes"},{"not_picked":["Acrobatics","Underhanded Strike"],"picked":"Bane"}],"player_experience":327538,"potions_floor_usage":[7,16,16,16,29,29,33],"damage_taken":[{"damage":0,"enemies":"Cultist","floor":1,"turns":3},{"damage":0,"enemies":"2 Louse","floor":2,"turns":3},{"damage":3,"enemies":"Small Slimes","floor":4,"turns":5},{"damage":0,"enemies":"3 Louse","floor":5,"turns":5},{"damage":37,"enemies":"Lagavulin","floor":7,"turns":7},{"damage":5,"enemies":"Blue Slaver","floor":8,"turns":5},{"damage":2,"enemies":"Looter","floor":10,"turns":4},{"damage":0,"enemies":"Large Slime","floor":12,"turns":5},{"damage":7,"enemies":"Blue Slaver","floor":14,"turns":5},{"damage":36,"enemies":"Slime Boss","floor":16,"turns":17},{"damage":8,"enemies":"2 Thieves","floor":18,"turns":4},{"damage":7,"enemies":"Chosen","floor":22,"turns":5},{"damage":15,"enemies":"Gremlin Leader","floor":23,"turns":8},{"damage":9,"enemies":"Centurion and Healer","floor":25,"turns":6},{"damage":21,"enemies":"Snake Plant","floor":27,"turns":4},{"damage":9,"enemies":"3 Cultists","floor":28,"turns":5},{"damage":13,"enemies":"Snecko","floor":29,"turns":4},{"damage":18,"enemies":"Centurion and Healer","floor":31,"turns":7},{"damage":25,"enemies":"Automaton","floor":33,"turns":4}],"event_choices":[{"event_name":"Scrap Ooze","player_choice":"success","floor":3,"damage_taken":12},{"event_name":"Drug Dealer","player_choice":"Ignored","floor":19,"damage_taken":0},{"event_name":"Vampires","player_choice":"Ignored","floor":20,"damage_taken":0}],"boss_relics":[{"not_picked":["Eternal Feather","Velvet Choker"],"picked":"Ectoplasm"}],"potions_floor_spawned":[2,4,8,10,12,27,28,31],"seed_played":"415938158315118645","killed_by":"Automaton","ascension_level":8,"is_trial":false}