{"gold_per_floor":[366,386,386,90,110,110,110,110,178,197,226,226,256,256,256,375,375,398,398,411,129,154,154,10,31,56,69,69,69,69,90,90,213,213,237,237,112,133,51,51,51,51,75,75,98,133,133,158,158,158],"floor_reached":50,"playtime":2153,"items_purged":["Pain","Strike_B","Storm"],"score":480,"play_id":"264f684e-f8fc-43d8-b887-e5947ca214d1","local_time":"20190208125631","is_ascension_mode":false,"campfire_choices":[{"data":"Chaos","floor":6,"key":"SMITH"},{"floor":8,"key":"REST"},{"data":"Dualcast","floor":12,"key":"SMITH"},{"floor":15,"key":"REST"},{"data":"Rainbow","floor":23,"key":"SMITH"},{"floor":30,"key":"REST"},{"data":"Ball Lightning","floor":32,"key":"SMITH"},{"data":"Defragment","floor":40,"key":"SMITH"},{"data":"Hologram","floor":42,"key":"SMITH"},{"data":"Thunder Strike","floor":44,"key":"SMITH"},{"floor":49,"key":"REST"}],"neow_cost":"CURSE","seed_source_timestamp":3619860194999,"circlet_count":0,"master_deck":["Zap+1","Dualcast+1","Sweeping Beam","Chaos+1","Blizzard","Cold Snap","Conserve Battery","Rainbow+1","BootSequence+1","Zap","Electrodynamics","Hologram+1","Coolheaded","Capacitor","Tempest+1","Skim+1","Ball Lightning+1","Coolheaded","Capacitor","Seek","Static Discharge","Thunder Strike+1","Reboot","Capacitor","Conserve Battery+1","Leap","Defragment+1","Conserve Battery+1","Defragment","Doom and Gloom+1"],"relics":["Cracked Core","PreservedInsect","StoneCalendar","Cables","Ornamental Fan","Singing Bowl","Golden Idol","Nuclear Battery","Anchor","Pandora\u0027s Box","War Paint","Blood Vial"],"potions_floor_usage":[27,47,48,50],"damage_taken":[{"damage":11,"enemies":"Jaw Worm","floor":1,"turns":3},{"damage":2,"enemies":"Small Slimes","floor":2,"turns":2},{"damage":0,"enemies":"2 Louse","floor":5,"turns":2},{"damage":17,"enemies":"Gremlin Gang","floor":10,"turns":3},{"damage":17,"enemies":"Lagavulin","floor":11,"turns":4},{"damage":12,"enemies":"Gremlin Nob","floor":13,"turns":3},{"damage":2,"enemies":"Hexaghost","floor":16,"turns":9},{"damage":0,"enemies":"Spheric Guardian","floor":18,"turns":3},{"damage":3,"enemies":"3 Byrds","floor":20,"turns":4},{"damage":11,"enemies":"Snecko","floor":22,"turns":4},{"damage":11,"enemies":"Cultist and Chosen","floor":25,"turns":6},{"damage":3,"enemies":"Sentry and Sphere","floor":27,"turns":3},{"damage":2,"enemies":"Centurion and Healer","floor":31,"turns":3},{"damage":16,"enemies":"Collector","floor":33,"turns":7},{"damage":0,"enemies":"3 Shapes","floor":35,"turns":2},{"damage":0,"enemies":"Orb Walker","floor":38,"turns":2},{"damage":9,"enemies":"4 Shapes","floor":45,"turns":3},{"damage":17,"enemies":"Giant Head","floor":46,"turns":7},{"damage":0,"enemies":"Maw","floor":47,"turns":4},{"damage":20,"enemies":"Spire Growth","floor":48,"turns":4},{"damage":61,"enemies":"Time Eater","floor":50,"turns":7}],"seed_played":"1451782624833545458","potions_obtained":[{"floor":1,"key":"FocusPotion"},{"floor":10,"key":"Explosive Potion"},{"floor":11,"key":"AttackPotion"},{"floor":31,"key":"Ancient Potion"},{"floor":48,"key":"Explosive Potion"}],"is_trial":false,"path_per_floor":["M","M","?","$","M","R","?","R","T","M","E","R","E","?","R","B",null,"M","?","M","$","M","R","$","M","T","M","?","?","R","M","R","B",null,"M","?","$","M","$","R","$","R","T","R","M","E","M","M","R","B"],"character_chosen":"DEFECT","items_purchased":["PreservedInsect","Blizzard","Hologram","Coolheaded","SmokeBomb","Capacitor","Tempest","Defragment"],"campfire_rested":4,"item_purchase_floors":[4,4,21,21,21,24,24,39],"current_hp_per_floor":[64,62,47,47,47,47,29,51,51,34,17,17,5,5,25,23,69,69,69,68,68,59,59,59,50,50,47,47,47,69,67,67,51,75,77,77,77,77,77,77,77,77,77,77,68,51,53,35,58,0],"gold":158,"neow_bonus":"TWO_FIFTY_GOLD","is_prod":false,"is_daily":false,"chose_seed":false,"campfire_upgraded":7,"win_rate":0,"timestamp":1549652191,"path_taken":["M","M","?","$","M","R","?","R","T","?","E","R","E","?","R","BOSS","M","?","M","$","M","R","$","?","T","M","?","?","R","M","R","BOSS","M","?","?","M","$","R","$","R","T","R","?","E","M","M","R","BOSS"],"build_version":"2019-01-23","purchased_purges":3,"victory":false,"max_hp_per_floor":[75,75,75,75,75,75,75,75,75,75,75,75,75,69,69,69,69,69,69,71,71,73,73,73,75,75,75,75,75,75,75,75,75,75,77,77,77,77,77,77,77,77,77,77,77,77,77,77,77,77],"card_choices":[{"not_picked":["Gash","Go for the Eyes"],"picked":"Sweeping Beam","floor":1},{"not_picked":["Barrage","Sweeping Beam"],"picked":"Chaos","floor":2},{"not_picked":["Hologram","Heatsinks"],"picked":"Cold Snap","floor":5},{"not_picked":["Heatsinks","Sunder","Steam"],"picked":"SKIP","floor":10},{"not_picked":["Blizzard","Sweeping Beam"],"picked":"Conserve Battery","floor":11},{"not_picked":["Barrage","Sweeping Beam"],"picked":"Storm","floor":13},{"not_picked":["Buffer","Meteor Strike"],"picked":"Rainbow","floor":16},{"not_picked":["Redo","Reinforced Body"],"picked":"BootSequence+1","floor":18},{"not_picked":["Loop+1","Conserve Battery","Recycle"],"picked":"Singing Bowl","floor":20},{"not_picked":["Coolheaded","Redo","Double Energy"],"picked":"Singing Bowl","floor":22},{"not_picked":["Gash","Coolheaded","Compile Driver"],"picked":"Singing Bowl","floor":25},{"not_picked":["Gash+1","Turbo"],"picked":"Skim+1","floor":27},{"not_picked":["Fusion","Steam"],"picked":"Capacitor","floor":31},{"not_picked":["Electrodynamics","Multi-Cast"],"picked":"Seek","floor":33},{"not_picked":["Reinforced Body+1","Loop","Sweeping Beam"],"picked":"Singing Bowl","floor":35},{"not_picked":["Chaos","Redo"],"picked":"Leap","floor":38},{"not_picked":["Hologram+1","Leap"],"picked":"Conserve Battery+1","floor":45},{"not_picked":["Gash+1","Cold Snap"],"picked":"Defragment","floor":46},{"not_picked":["Go for the Eyes","Hyperbeam"],"picked":"Doom and Gloom+1","floor":48}],"player_experience":130860,"relics_obtained":[{"floor":9,"key":"Cables"},{"floor":11,"key":"Ornamental Fan"},{"floor":13,"key":"Singing Bowl"},{"floor":26,"key":"Anchor"},{"floor":43,"key":"War Paint"},{"floor":46,"key":"Blood Vial"}],"event_choices":[{"damage_healed":0,"gold_gain":0,"player_choice":"Entered Light","damage_taken":15,"max_hp_gain":0,"max_hp_loss":0,"event_name":"Shining Light","floor":3,"gold_loss":0,"cards_upgraded":["Zap","Defend_B"]},{"damage_healed":0,"gold_gain":0,"player_choice":"Success","damage_taken":18,"relics_obtained":["StoneCalendar"],"max_hp_gain":0,"max_hp_loss":0,"event_name":"Scrap Ooze","floor":7,"gold_loss":0},{"damage_healed":0,"gold_gain":0,"player_choice":"Lose Max HP","damage_taken":0,"relics_obtained":["Golden Idol"],"max_hp_gain":0,"max_hp_loss":6,"event_name":"Golden Idol","floor":14,"gold_loss":0},{"damage_healed":0,"gold_gain":0,"player_choice":"2 cards matched","damage_taken":0,"max_hp_gain":0,"max_hp_loss":0,"event_name":"Match and Keep!","floor":19,"gold_loss":0,"cards_obtained":["Zap","Electrodynamics"]},{"damage_healed":0,"gold_gain":0,"player_choice":"Ignored","damage_taken":0,"max_hp_gain":0,"max_hp_loss":0,"event_name":"Ghosts","floor":28,"gold_loss":0},{"damage_healed":0,"gold_gain":0,"cards_transformed":["Strike_B","Strike_B"],"player_choice":"Became Test Subject","damage_taken":0,"max_hp_gain":0,"max_hp_loss":0,"event_name":"Drug Dealer","floor":29,"gold_loss":0,"cards_obtained":["Ball Lightning","Coolheaded"]},{"damage_healed":0,"gold_gain":0,"player_choice":"Ignored","damage_taken":0,"max_hp_gain":0,"max_hp_loss":0,"event_name":"NoteForYourself","floor":36,"gold_loss":0}],"is_beta":false,"boss_relics":[{"not_picked":["Runic Pyramid","Busted Crown"],"picked":"Nuclear Battery"},{"not_picked":["Cursed Key","Black Star"],"picked":"Pandora\u0027s Box"}],"items_purged_floors":[4,21,37],"is_endless":false,"potions_floor_spawned":[1,10,11,13,18,22,31,33,38,45,48],"killed_by":"Time Eater","ascension_level":0}