{"path_per_floor":["M","M","?","$","M","E","R","E","T","$","M","M","?","M","R","B",null,"M","$","M","?","?","R","M","M","T","M","R","?","?","E","R","B",null,"M","M","$","M","M","R","M","$","T","R","?","?","R","E","R","B"],"character_chosen":"THE_SILENT","items_purchased":["Infinite Blades","Apotheosis","Dagger Throw"],"gold_per_floor":[110,122,72,37,47,75,75,103,103,28,46,66,66,76,76,181,181,193,5,19,19,19,19,39,59,83,101,101,101,101,129,129,227,227,242,262,115,125,137,137,157,32,32,32,32,0,0,35,35,35],"floor_reached":51,"campfire_rested":6,"playtime":3382,"current_hp_per_floor":[53,53,53,53,53,38,59,27,27,27,31,35,28,30,51,18,57,61,61,47,31,31,31,10,3,3,9,30,30,30,23,44,26,59,58,53,53,35,24,45,53,53,53,53,58,58,58,10,31,16],"items_purged":["Strike_G","Decay","Writhe"],"gold":35,"score":1076,"play_id":"85e5f37e-b543-4592-8ee8-1612aa9aa28b","local_time":"20180330194618","is_prod":false,"is_daily":false,"is_ascension_mode":true,"campfire_upgraded":3,"timestamp":1522449978,"path_taken":["M","?","?","?","?","E","R","E","T","$","M","M","?","M","R","BOSS","M","$","M","?","?","R","M","M","T","M","R","?","?","E","R","BOSS","M","M","$","M","M","R","M","?","T","R","?","?","R","E","R","BOSS"],"build_version":"2018-03-29v2","purchased_purges":3,"victory":true,"master_deck":["Defend_G","Defend_G","Defend_G","Defend_G","Strike_G","Strike_G","Strike_G","Survivor","Neutralize","AscendersBane","Leg Sweep","Backstab","Flying Knee","Infinite Blades","Dash","Well Laid Plans","All Out Attack","Bullet Time+1","Predator","Apotheosis+1","After Image+1","Necronomicurse","Choke","Dash","Escape Plan","Backflip+1","Storm of Steel","Escape Plan","Backflip+1","Acrobatics+1","PiercingWail","Dagger Throw"],"max_hp_per_floor":[70,70,70,70,70,70,70,70,70,70,70,70,70,70,70,70,70,70,70,70,70,70,70,70,70,70,70,70,70,70,70,70,70,70,70,70,70,70,70,70,70,70,70,70,70,70,70,70,70,70],"relics":["Ring of the Snake","Tough Bandages","Juzu Bracelet","Bird Faced Urn","Gremlin Horn","Lizard Tail","Necronomicon","Blood Vial","Bronze Scales","Darkstone Periapt","Orrery","Tingsha","Red Mask","War Paint"],"card_choices":[{"not_picked":["Leg Sweep","Dodge and Roll"],"picked":"Backstab","floor":1},{"not_picked":["Outmaneuver","PiercingWail"],"picked":"Flying Knee","floor":2},{"not_picked":["Calculated Gamble","PiercingWail"],"picked":"Dash","floor":5},{"not_picked":["Leg Sweep","Crippling Poison"],"picked":"Deadly Poison","floor":6},{"not_picked":["Caltrops","Eviscerate"],"picked":"Well Laid Plans","floor":8},{"not_picked":["Quick Slash","Riddle With Holes"],"picked":"All Out Attack","floor":12},{"not_picked":["After Image","Storm of Steel"],"picked":"Bullet Time","floor":16},{"not_picked":["Choke","Bane"],"picked":"Predator","floor":18},{"not_picked":["Cloak And Dagger","Dagger Spray"],"picked":"After Image","floor":20},{"not_picked":["Poisoned Stab","Deadly Poison"],"picked":"Choke","floor":24},{"not_picked":["Eviscerate","Dagger Spray"],"picked":"Dash","floor":25},{"not_picked":["Bane","Flying Knee"],"picked":"Escape Plan","floor":27},{"not_picked":["PiercingWail","Wraith Form"],"picked":"Backflip","floor":31},{"not_picked":["Wraith Form","Burst"],"picked":"Storm of Steel","floor":33},{"not_picked":["Endless Agony","Glass Knife"],"picked":"Escape Plan","floor":34},{"not_picked":["Flechettes","Poisoned Stab"],"picked":"Backflip","floor":34},{"not_picked":["Flying Knee","Dagger Spray"],"picked":"Acrobatics","floor":34},{"not_picked":["Flechettes","Catalyst"],"picked":"PiercingWail","floor":35}],"player_experience":653965,"potions_floor_usage":[8,11,12,16,16,27,31,31,35,38,50,50,50],"damage_taken":[{"damage":10,"enemies":"Cultist","floor":1,"turns":6},{"damage":0,"enemies":"Jaw Worm","floor":2,"turns":6},{"damage":0,"enemies":"2 Louse","floor":5,"turns":2},{"damage":15,"enemies":"Gremlin Nob","floor":6,"turns":5},{"damage":32,"enemies":"Lagavulin","floor":8,"turns":6},{"damage":0,"enemies":"Blue Slaver","floor":11,"turns":4},{"damage":0,"enemies":"Large Slime","floor":12,"turns":6},{"damage":2,"enemies":"Exordium Thugs","floor":14,"turns":5},{"damage":37,"enemies":"Slime Boss","floor":16,"turns":16},{"damage":0,"enemies":"Chosen","floor":18,"turns":7},{"damage":18,"enemies":"Shell Parasite","floor":20,"turns":5},{"damage":29,"enemies":"Centurion and Healer","floor":24,"turns":6},{"damage":15,"enemies":"Snake Plant","floor":25,"turns":5},{"damage":0,"enemies":"Snecko","floor":27,"turns":3},{"damage":15,"enemies":"Slavers","floor":31,"turns":5},{"damage":26,"enemies":"Automaton","floor":33,"turns":9},{"damage":9,"enemies":"3 Darklings","floor":35,"turns":6},{"damage":11,"enemies":"Orb Walker","floor":36,"turns":4},{"damage":24,"enemies":"3 Darklings","floor":38,"turns":5},{"damage":19,"enemies":"4 Shapes","floor":39,"turns":5},{"damage":0,"enemies":"Maw","floor":41,"turns":8},{"damage":54,"enemies":"2 Orb Walkers","floor":48,"turns":7},{"damage":66,"enemies":"Donu and Deca","floor":50,"turns":11}],"event_choices":[{"event_name":"The Cleric","player_choice":"Card Removal","floor":3,"damage_taken":0},{"event_name":"Scrap Ooze","player_choice":"success","floor":13,"damage_taken":7},{"event_name":"Cursed Tome","player_choice":"Obtained Book","floor":21,"damage_taken":0},{"event_name":"The Mausoleum","player_choice":"Yes","floor":22,"damage_taken":0},{"event_name":"Forgotten Altar","player_choice":"Smashed Altar","floor":29,"damage_taken":0},{"event_name":"The Lab","player_choice":"Got Potions","floor":30,"damage_taken":0},{"event_name":"Bonfire Elementals","player_choice":"COMMON","floor":45,"damage_taken":0},{"event_name":"Tomb of Lord Red Mask","player_choice":"Paid","floor":46,"damage_taken":0}],"boss_relics":[{"not_picked":["Pandora\u0027s Box","Velvet Choker"],"picked":"Lizard Tail"},{"not_picked":["White Beast Statue","Snecko Eye"],"picked":"Orrery"}],"potions_floor_spawned":[1,2,6,8,14,24,25,33,39,41,48],"seed_played":"672760234476570325","ascension_level":12,"is_trial":false}