{"gold_per_floor":[211,8,25,25,37,37,65,76,76,106,106,126,26,45,45,45],"floor_reached":16,"playtime":511,"items_purged":[],"score":118,"play_id":"9b8c746a-1e4d-46c1-810d-6ca5038013ea","local_time":"20190215115525","is_ascension_mode":true,"campfire_choices":[{"data":"Searing Blow","floor":6,"key":"SMITH"},{"data":"Searing Blow+1","floor":11,"key":"SMITH"},{"data":"Searing Blow+2","floor":15,"key":"SMITH"}],"neow_cost":"NONE","seed_source_timestamp":69606217046165,"circlet_count":0,"master_deck":["Strike_R","Strike_R","Strike_R","Strike_R","Strike_R","Defend_R","Defend_R","Defend_R","Defend_R","Bash","Sword Boomerang","Searing Blow+3","Rampage","Cleave","Battle Trance","Heavy Blade","Iron Wave","Metallicize"],"relics":["Burning Blood","Membership Card","Unceasing Top","Turnip","Sundial","Red Skull","Sling"],"potions_floor_usage":[7,7,16,16],"damage_taken":[{"damage":6,"enemies":"Cultist","floor":1,"turns":3},{"damage":7,"enemies":"2 Louse","floor":3,"turns":3},{"damage":0,"enemies":"Small Slimes","floor":5,"turns":3},{"damage":17,"enemies":"3 Sentries","floor":7,"turns":6},{"damage":8,"enemies":"3 Louse","floor":8,"turns":3},{"damage":36,"enemies":"Lagavulin","floor":10,"turns":6},{"damage":5,"enemies":"Looter","floor":12,"turns":2},{"damage":11,"enemies":"Large Slime","floor":14,"turns":3},{"damage":35,"enemies":"The Guardian","floor":16,"turns":7}],"seed_played":"4097863207308994616","potions_obtained":[{"floor":1,"key":"Ancient Potion"},{"floor":5,"key":"SteroidPotion"},{"floor":8,"key":"Fire Potion"},{"floor":10,"key":"PowerPotion"},{"floor":14,"key":"SpeedPotion"}],"is_trial":false,"path_per_floor":["M","$","M","T","M","R","E","M","T","E","R","M","$","M","R","B"],"character_chosen":"IRONCLAD","items_purchased":["Membership Card","Sling"],"campfire_rested":0,"item_purchase_floors":[2,13],"current_hp_per_floor":[80,80,79,79,80,80,69,67,67,37,37,38,38,33,33,0],"gold":45,"neow_bonus":"HUNDRED_GOLD","is_prod":false,"is_daily":false,"chose_seed":false,"campfire_upgraded":3,"win_rate":0,"timestamp":1550253325,"path_taken":["M","$","M","?","?","R","E","M","T","E","R","M","$","M","R","BOSS"],"build_version":"2019-01-23","purchased_purges":0,"victory":false,"max_hp_per_floor":[80,80,80,80,80,80,80,80,80,80,80,80,80,80,80,80],"card_choices":[{"not_picked":["Twin Strike","Flex"],"picked":"Sword Boomerang","floor":1},{"not_picked":["Heavy Blade","Sword Boomerang"],"picked":"Searing Blow","floor":3},{"not_picked":["Havoc","Rage"],"picked":"Rampage","floor":5},{"not_picked":["Thunderclap","Bludgeon"],"picked":"Cleave","floor":7},{"not_picked":["Metallicize","Clash"],"picked":"Battle Trance","floor":8},{"not_picked":["Havoc","Corruption"],"picked":"Heavy Blade","floor":10},{"not_picked":["Heavy Blade","Body Slam"],"picked":"Iron Wave","floor":12},{"not_picked":["Iron Wave","Sever Soul"],"picked":"Metallicize","floor":14}],"player_experience":168489,"relics_obtained":[{"floor":4,"key":"Unceasing Top"},{"floor":7,"key":"Turnip"},{"floor":9,"key":"Sundial"},{"floor":10,"key":"Red Skull"}],"event_choices":[],"is_beta":false,"boss_relics":[],"items_purged_floors":[],"is_endless":false,"potions_floor_spawned":[1,5,8,10,14],"killed_by":"The Guardian","ascension_level":1}