{"gold_per_floor":[117,292,308,308,323,323,352,352,352,384,54,54,78,96,96,199,199,218,235,235,254,254,254],"floor_reached":23,"playtime":2011,"items_purged":[],"score":199,"play_id":"9a85bf0d-b842-4bbc-9f19-83768fc4e184","local_time":"20190107181944","is_ascension_mode":false,"campfire_choices":[{"data":"Quick Slash","floor":6,"key":"SMITH"},{"data":"1","floor":8,"key":"LIFT"},{"floor":15,"key":"REST"}],"neow_cost":"NONE","seed_source_timestamp":185936227387833,"circlet_count":0,"master_deck":["Defend_G","Defend_G","Defend_G","Defend_G","Defend_G","Strike_G","Strike_G","Strike_G","Strike_G","Strike_G","Survivor","Neutralize","Blur+1","Quick Slash","Quick Slash+1","Dagger Throw","Terror","Catalyst","Well Laid Plans","Die Die Die+1","Bouncing Flask","Calculated Gamble","Infinite Blades"],"relics":["Ring of the Snake","Girya","Mummified Hand","Molten Egg 2","FossilizedHelix","Empty Cage","Nilry\u0027s Codex","Nloth\u0027s Gift"],"potions_floor_usage":[7,16,23],"damage_taken":[{"damage":0,"enemies":"Cultist","floor":1,"turns":4},{"damage":3,"enemies":"Small Slimes","floor":3,"turns":5},{"damage":12,"enemies":"Jaw Worm","floor":5,"turns":10},{"damage":27,"enemies":"3 Sentries","floor":7,"turns":11},{"damage":31,"enemies":"Lagavulin","floor":10,"turns":7},{"damage":6,"enemies":"Lots of Slimes","floor":14,"turns":6},{"damage":38,"enemies":"The Guardian","floor":16,"turns":12},{"damage":5,"enemies":"3 Byrds","floor":18,"turns":6},{"damage":10,"enemies":"2 Thieves","floor":19,"turns":4},{"damage":26,"enemies":"Centurion and Healer","floor":21,"turns":5},{"damage":22,"enemies":"Gremlin Leader","floor":23,"turns":6}],"seed_played":"-7613276801765532547","potions_obtained":[{"floor":3,"key":"Poison Potion"},{"floor":5,"key":"LiquidBronze"},{"floor":7,"key":"Ancient Potion"},{"floor":16,"key":"Explosive Potion"},{"floor":21,"key":"Poison Potion"}],"is_trial":false,"path_per_floor":["M","?","M","?","M","R","E","R","T","E","$","?","T","M","R","B",null,"M","M","?","M","?","E"],"character_chosen":"THE_SILENT","items_purchased":["FossilizedHelix","Catalyst"],"campfire_rested":1,"item_purchase_floors":[11,11],"current_hp_per_floor":[77,77,74,74,62,62,35,35,35,4,4,23,23,19,42,6,74,69,61,45,21,21,0],"gold":254,"neow_bonus":"TEN_PERCENT_HP_BONUS","is_prod":false,"is_daily":false,"chose_seed":false,"campfire_upgraded":1,"win_rate":0.0,"timestamp":1546903184,"path_taken":["M","?","M","?","?","R","E","R","T","E","$","?","?","M","R","BOSS","M","?","?","M","?","E"],"build_version":"2019-01-03v4","purchased_purges":0,"victory":false,"max_hp_per_floor":[77,77,77,77,77,77,77,77,77,77,77,77,77,77,77,77,74,74,74,74,74,74,74],"card_choices":[{"not_picked":["Deflect","Acrobatics"],"picked":"Blur","floor":1},{"not_picked":["Deflect","PiercingWail"],"picked":"Quick Slash","floor":3},{"not_picked":["Dagger Spray","Blade Dance"],"picked":"Quick Slash","floor":5},{"not_picked":["Riddle With Holes","Escape Plan"],"picked":"Dagger Throw","floor":7},{"not_picked":["Flechettes","Outmaneuver"],"picked":"Terror","floor":10},{"not_picked":["Leg Sweep","Footwork"],"picked":"Well Laid Plans","floor":14},{"not_picked":["Glass Knife+1","Wraith Form v2"],"picked":"Die Die Die+1","floor":16},{"not_picked":["PiercingWail","Dodge and Roll"],"picked":"Bouncing Flask","floor":18},{"not_picked":["Blade Dance","Underhanded Strike+1"],"picked":"Calculated Gamble","floor":19},{"not_picked":["Blade Dance+1","Leg Sweep"],"picked":"Infinite Blades","floor":21}],"player_experience":17452,"relics_obtained":[{"floor":7,"key":"Girya"},{"floor":9,"key":"Mummified Hand"},{"floor":10,"key":"Molten Egg 2"},{"floor":13,"key":"Blood Vial"},{"floor":20,"key":"Nilry\u0027s Codex"}],"event_choices":[{"damage_healed":0,"gold_gain":175,"player_choice":"AGREE","damage_taken":0,"max_hp_gain":0,"max_hp_loss":0,"event_name":"Liars Game","floor":2,"gold_loss":0,"cards_obtained":["Doubt"]},{"damage_healed":0,"gold_gain":0,"player_choice":"Upgraded","damage_taken":0,"max_hp_gain":0,"max_hp_loss":0,"event_name":"Upgrade Shrine","floor":4,"gold_loss":0,"cards_upgraded":["Blur"]},{"damage_healed":19,"gold_gain":0,"player_choice":"Healed and dodged fight","damage_taken":0,"max_hp_gain":0,"max_hp_loss":0,"event_name":"Mushrooms","floor":12,"gold_loss":0,"cards_obtained":["Parasite"]},{"damage_healed":0,"gold_gain":0,"player_choice":"Obtained Book","damage_taken":16,"max_hp_gain":0,"max_hp_loss":0,"event_name":"Cursed Tome","floor":20,"gold_loss":0},{"damage_healed":0,"gold_gain":0,"player_choice":"Traded Relic","damage_taken":0,"relics_obtained":["Nloth\u0027s Gift"],"max_hp_gain":0,"max_hp_loss":0,"event_name":"N\u0027loth","floor":22,"relics_lost":["Blood Vial"],"gold_loss":0}],"is_beta":false,"boss_relics":[{"not_picked":["Fusion Hammer","Velvet Choker"],"picked":"Empty Cage"}],"items_purged_floors":[],"is_endless":false,"potions_floor_spawned":[3,5,7,16,21],"killed_by":"Gremlin Leader","ascension_level":0}