{"path_per_floor":["M","?","?","M","M","R","M","?","T","$","R","M","R","M","R","B",null,"M","M","M","$"],"character_chosen":"THE_SILENT","items_purchased":[],"gold_per_floor":[111,111,111,124,140,140,156,156,156,81,81,97,97,110,110,213,213,231,242,255,155],"floor_reached":22,"campfire_rested":1,"playtime":902,"current_hp_per_floor":[58,58,58,58,58,58,44,44,44,44,44,44,44,30,51,47,70,62,51,37,37],"items_purged":["Strike_G","Defend_G"],"gold":155,"score":177,"play_id":"9af7abd2-5bfa-41a1-a7a4-bfb9d3eb04b9","local_time":"20180304171157","is_prod":false,"is_daily":false,"is_ascension_mode":false,"campfire_upgraded":3,"timestamp":1520194317,"path_taken":["M","?","?","?","M","R","M","?","T","$","R","M","R","?","R","BOSS","M","M","M","$","M"],"build_version":"2018-03-01-PROD1","purchased_purges":2,"victory":false,"master_deck":["Defend_G","Defend_G","Defend_G","Defend_G","Strike_G","Strike_G","Strike_G","Strike_G","Survivor","Neutralize+1","Bane+1","Poisoned Stab","Noxious Fumes+1","Burst"],"max_hp_per_floor":[70,70,70,70,70,70,70,70,70,70,70,70,70,70,70,70,70,70,70,70,70],"relics":["Ring of the Snake","Snake Skull","Spirit Poop","Prayer Wheel","Kunai","Philosopher\u0027s Stone"],"card_choices":[{"not_picked":["Outmaneuver","Deflect"],"picked":"Bane"},{"not_picked":["Flying Knee","PiercingWail"],"picked":"Poisoned Stab"},{"not_picked":["Bane","Sucker Punch"],"picked":"Noxious Fumes"},{"not_picked":["Grand Finale","Tactician"],"picked":"Burst"}],"player_experience":409686,"potions_floor_usage":[14,16,20],"damage_taken":[{"damage":12,"enemies":"Jaw Worm","floor":1,"turns":4},{"damage":0,"enemies":"Small Slimes","floor":4,"turns":4},{"damage":0,"enemies":"2 Louse","floor":5,"turns":2},{"damage":14,"enemies":"Red Slaver","floor":7,"turns":4},{"damage":0,"enemies":"Looter","floor":12,"turns":4},{"damage":20,"enemies":"Exordium Thugs","floor":14,"turns":4},{"damage":4,"enemies":"The Guardian","floor":16,"turns":7},{"damage":8,"enemies":"Spheric Guardian","floor":18,"turns":5},{"damage":11,"enemies":"Chosen","floor":19,"turns":5},{"damage":14,"enemies":"Centurion and Healer","floor":20,"turns":5},{"damage":44,"enemies":"Slaver and Parasite","floor":22,"turns":4}],"event_choices":[{"event_name":"Big Fish","player_choice":"Box","floor":2,"damage_taken":0},{"event_name":"Bonfire Elementals","player_choice":"CURSE","floor":3,"damage_taken":0},{"event_name":"Wheel of Change","player_choice":"Relic","floor":8,"damage_taken":0}],"boss_relics":[{"not_picked":["Pandora\u0027s Box","Runic Dome"],"picked":"Philosopher\u0027s Stone"}],"potions_floor_spawned":[12,14,16,18],"seed_played":"-2915625565960962053","killed_by":"Slaver and Parasite","ascension_level":0,"is_trial":false}