{"path_per_floor":["M","M","$","M","$","R","?","E","T","T","E","?","M","T","R","B",null,"M","$","T","?","?","R","M","R","T","E","$","R","M","M","R"],"character_chosen":"THE_SILENT","items_purchased":["Dash","Lantern"],"gold_per_floor":[146,161,18,34,34,34,34,62,134,134,168,118,135,135,135,233,233,244,45,45,45,45,45,58,58,58,87,37,37,48,60,60],"floor_reached":33,"campfire_rested":1,"playtime":1983,"current_hp_per_floor":[59,59,59,59,59,59,52,50,50,50,33,33,32,46,46,24,77,77,77,77,77,77,77,77,77,77,56,56,56,56,56,84],"items_purged":["Strike_G","Strike_G","Defend_G"],"gold":60,"score":377,"play_id":"b9603928-09ce-452a-820c-121d2aa7f600","is_prod":false,"is_daily":false,"is_ascension_mode":true,"campfire_upgraded":5,"path_taken":["M","?","$","M","$","R","?","E","T","?","E","?","M","?","R","BOSS","M","?","?","?","?","R","M","R","T","E","$","R","?","M","R","BOSS"],"build_version":"2018-02-22-PROD1","purchased_purges":3,"victory":false,"master_deck":["Defend_G","Defend_G","Survivor","Neutralize+1","Dagger Spray+1","Dash+1","Caltrops+1","Adrenaline+1","Flying Knee+1","Die Die Die+1","Escape Plan+1","Leg Sweep","Tools of the Trade+1","PiercingWail","Dagger Throw+1"],"max_hp_per_floor":[70,70,70,70,70,70,70,80,80,80,80,80,80,94,94,94,94,94,94,94,94,94,94,94,94,94,94,94,94,94,94,94],"relics":["Ring of the Snake","Tiny Chest","Pear","Smiling Mask","Du-Vu Doll","Pen Nib","Mango","Astrolabe","Lantern","Bag of Preparation","Frozen Egg 2","Calipers","Ornamental Fan"],"card_choices":[{"not_picked":["Quick Slash","Bane"],"picked":"Dagger Spray"},{"not_picked":["Infinite Blades","Underhanded Strike"],"picked":"Caltrops"},{"not_picked":["Burst","Corpse Explosion"],"picked":"Adrenaline"},{"not_picked":["Endless Agony","Sucker Punch"],"picked":"Leg Sweep"},{"not_picked":["Dagger Spray","Sucker Punch"],"picked":"Tools of the Trade"},{"not_picked":["Deflect","Flying Knee"],"picked":"PiercingWail"},{"not_picked":["Eviscerate","Blade Dance"],"picked":"Dagger Throw"}],"player_experience":243964,"potions_floor_usage":[16,33],"damage_taken":[{"damage":4,"enemies":"Cultist","floor":1,"turns":5},{"damage":0,"enemies":"Small Slimes","floor":2,"turns":4},{"damage":0,"enemies":"Jaw Worm","floor":4,"turns":4},{"damage":12,"enemies":"3 Sentries","floor":8,"turns":6},{"damage":17,"enemies":"Lagavulin","floor":11,"turns":8},{"damage":1,"enemies":"Looter","floor":13,"turns":3},{"damage":22,"enemies":"The Guardian","floor":16,"turns":14},{"damage":0,"enemies":"Chosen","floor":18,"turns":4},{"damage":0,"enemies":"Spheric Guardian","floor":24,"turns":3},{"damage":21,"enemies":"Gremlin Leader","floor":27,"turns":6},{"damage":0,"enemies":"Chosen and Byrds","floor":30,"turns":3},{"damage":0,"enemies":"3 Cultists","floor":31,"turns":2},{"damage":103,"enemies":"Champ","floor":33,"turns":14}],"event_choices":[{"event_name":"Golden Wing","player_choice":"Card Removal","floor":7,"damage_taken":0},{"event_name":"The Cleric","player_choice":"Card Removal","floor":12,"damage_taken":0},{"event_name":"Vampires","player_choice":"Ignored","floor":21,"damage_taken":0},{"event_name":"The Mausoleum","player_choice":"Yes","floor":22,"damage_taken":0}],"boss_relics":[{"not_picked":["The Specimen","Orrery"],"picked":"Astrolabe"}],"potions_floor_spawned":[2,4,13,27,30],"seed_played":"-7512466540148473947","killed_by":"Champ","ascension_level":6,"is_trial":false}