{"gold_per_floor":[20,20,20,20,0,24,48,61,61,73,110,122,165,190,202,344,356,392,435,372,384,419,431,482,494,560,572,584,611,573,593,593,723,723,736,759,425,758,769,769,787,787,787,47,61,61,71,88,88,88],"floor_reached":51,"playtime":2375,"items_purged":["Strike_B","Defend_B","Pain"],"score":958,"play_id":"f5b62da7-f29c-498c-88d7-a819e3c3db2d","local_time":"20190312162718","is_ascension_mode":true,"campfire_choices":[{"data":"Defragment","floor":10.0,"key":"SMITH"},{"data":"Zap","floor":12.0,"key":"SMITH"},{"data":"Consume","floor":15.0,"key":"SMITH"},{"data":"Self Repair","floor":23,"key":"SMITH"},{"data":"Dualcast","floor":25,"key":"SMITH"},{"floor":27,"key":"REST"},{"data":"Glacier","floor":32,"key":"SMITH"},{"data":"Buffer","floor":40,"key":"SMITH"},{"data":"Cold Snap","floor":49,"key":"SMITH"}],"neow_cost":"NO_GOLD","seed_source_timestamp":0,"circlet_count":0,"master_deck":["Defend_B","Defend_B","Zap+1","Dualcast+1","Defragment+1","Ball Lightning","Consume+1","Cold Snap+1","Glacier+1","Conserve Battery","Self Repair+1","Steam+1","Electrodynamics+1","Leap","Compile Driver+1","Loop+1","Buffer+1","Stack","Calculated Gamble+1","Panacea","Well Laid Plans+1","Parasite","Glacier+1","Backflip+1"],"special_seed":0,"relics":["Cracked Core","MawBank","Odd Mushroom","Astrolabe","Red Mask","Molten Egg 2","Smiling Mask","Cursed Key","PrismaticShard","Bottled Flame","Ice Cream","Bird Faced Urn"],"potions_floor_usage":[18,19,19,24,33,47,50,50,50],"damage_taken":[{"damage":2.0,"enemies":"Small Slimes","floor":1.0,"turns":3.0},{"damage":1.0,"enemies":"2 Louse","floor":6.0,"turns":3.0},{"damage":4.0,"enemies":"Jaw Worm","floor":7.0,"turns":3.0},{"damage":0.0,"enemies":"Large Slime","floor":8.0,"turns":4.0},{"damage":1.0,"enemies":"Blue Slaver","floor":11.0,"turns":3.0},{"damage":20.0,"enemies":"The Mushroom Lair","floor":13.0,"turns":5.0},{"damage":6.0,"enemies":"Looter","floor":14.0,"turns":4.0},{"damage":32.0,"enemies":"Hexaghost","floor":16.0,"turns":12.0},{"damage":4,"enemies":"Chosen","floor":18,"turns":4},{"damage":0,"enemies":"Masked Bandits","floor":19,"turns":2},{"damage":0,"enemies":"3 Byrds","floor":22,"turns":3},{"damage":45,"enemies":"Book of Stabbing","floor":24,"turns":8},{"damage":6,"enemies":"Centurion and Healer","floor":29,"turns":7},{"damage":10,"enemies":"Chosen and Byrds","floor":31,"turns":5},{"damage":65,"enemies":"Automaton","floor":33,"turns":11},{"damage":10,"enemies":"3 Darklings","floor":35,"turns":3},{"damage":16,"enemies":"Orb Walker","floor":36,"turns":6},{"damage":0,"enemies":"Sphere and 2 Shapes","floor":39,"turns":5},{"damage":30,"enemies":"4 Shapes","floor":41,"turns":5},{"damage":14,"enemies":"Transient","floor":45,"turns":5},{"damage":0,"enemies":"Writhing Mass","floor":47,"turns":7},{"damage":0,"enemies":"4 Shapes","floor":48,"turns":3},{"damage":10,"enemies":"Donu and Deca","floor":50,"turns":11}],"seed_played":"4135157394684203122","potions_obtained":[{"floor":1.0,"key":"Block Potion"},{"floor":7.0,"key":"FocusPotion"},{"floor":14.0,"key":"Ancient Potion"},{"floor":16.0,"key":"Poison Potion"},{"floor":18,"key":"GamblersBrew"},{"floor":24,"key":"GamblersBrew"},{"floor":41,"key":"Ancient Potion"},{"floor":45,"key":"Block Potion"},{"floor":48,"key":"Energy Potion"}],"is_trial":false,"path_per_floor":["M","?","?","$","?","M","M","M","T","R","M","R","?","M","R","B",null,"M","?","?","?","M","R","E","R","T","R","$","M","$","M","R","B",null,"M","M","$","?","M","R","M","?","T","$","M","?","M","M","R","B",null],"character_chosen":"DEFECT","items_purchased":["PrismaticShard","FocusPotion","Ice Cream","Bird Faced Urn","Panacea"],"campfire_rested":1,"item_purchase_floors":[37,37,44,44,44],"current_hp_per_floor":[80,85,85,85,85,84,80,80,80,80,79,79,59,53,53,28,72,75,75,75,75,75,75,40,40,40,66,66,70,70,70,70,15,69,69,63,63,63,73,73,53,53,53,53,59,59,81,87,87,87],"gold":88,"neow_bonus":"TWENTY_PERCENT_HP_BONUS","is_prod":false,"is_daily":false,"chose_seed":false,"campfire_upgraded":8,"win_rate":0,"timestamp":1552433238,"path_taken":["M","?","?","?","?","?","M","M","T","R","M","R","?","M","R","BOSS","M","?","?","?","M","R","E","R","T","R","$","M","$","M","R","BOSS","M","M","$","?","M","R","M","?","T","$","M","?","M","M","R","BOSS"],"build_version":"2019-01-23","purchased_purges":3,"victory":true,"max_hp_per_floor":[89,94,87,87,87,87,87,87,87,87,87,87,87,87,87,87,87,87,87,87,87,87,87,87,87,87,87,87,87,87,87,87,87,87,87,87,87,87,87,87,87,87,87,87,87,87,87,87,87,87],"card_choices":[{"not_picked":["Heatsinks","Blizzard"],"picked":"Defragment","floor":1.0},{"not_picked":["Gash","Beam Cell"],"picked":"Ball Lightning","floor":6.0},{"not_picked":["Compile Driver","Recycle"],"picked":"Consume","floor":7.0},{"not_picked":["FTL","Sweeping Beam"],"picked":"Cold Snap","floor":8.0},{"not_picked":["Ball Lightning","Redo"],"picked":"Glacier","floor":11.0},{"not_picked":["Gash","Genetic Algorithm"],"picked":"Conserve Battery","floor":13.0},{"not_picked":["Fusion","Go for the Eyes"],"picked":"Self Repair","floor":14.0},{"not_picked":["Go for the Eyes","Ball Lightning+1"],"picked":"Leap","floor":18},{"not_picked":["FTL","Leap","Turbo"],"picked":"SKIP","floor":22},{"not_picked":["Gash","Conserve Battery"],"picked":"Compile Driver+1","floor":24},{"not_picked":["Skim","Sweeping Beam+1","Reinforced Body"],"picked":"SKIP","floor":29},{"not_picked":["Streamline+1","Steam+1"],"picked":"Loop+1","floor":31},{"not_picked":["Electrodynamics","Amplify"],"picked":"Buffer","floor":33},{"not_picked":["Coolheaded","Storm+1","Sweeping Beam+1"],"picked":"SKIP","floor":35},{"not_picked":["Streamline+1","Rebound+1"],"picked":"Stack","floor":36},{"not_picked":["Poisoned Stab+1","Cold Snap+1","Dagger Spray+1"],"picked":"SKIP","floor":39},{"not_picked":["Cold Snap+1","Perfected Strike+1"],"picked":"Calculated Gamble+1","floor":41},{"not_picked":["Tempest","Concentrate"],"picked":"Well Laid Plans+1","floor":45},{"not_picked":["Amplify","Dark Shackles+1"],"picked":"Glacier+1","floor":47},{"not_picked":["Dagger Throw+1","Well Laid Plans"],"picked":"Backflip+1","floor":48}],"player_experience":403701,"relics_obtained":[{"floor":9.0,"key":"MawBank"},{"floor":13.0,"key":"Odd Mushroom"},{"floor":19,"key":"Red Mask"},{"floor":24,"key":"Molten Egg 2"},{"floor":26,"key":"Smiling Mask"},{"floor":43,"key":"Bottled Flame"}],"event_choices":[{"damage_healed":0.0,"max_hp_gain":5.0,"max_hp_loss":0.0,"gold_gain":0.0,"event_name":"Big Fish","player_choice":"Donut","floor":2.0,"gold_loss":0.0,"damage_taken":0.0},{"damage_healed":0.0,"max_hp_gain":0.0,"max_hp_loss":7.0,"gold_gain":0.0,"event_name":"Golden Idol","player_choice":"Lose Max HP","floor":3.0,"gold_loss":0.0,"damage_taken":0.0,"relics_obtained":["Golden Idol"]},{"damage_healed":0.0,"max_hp_gain":0.0,"max_hp_loss":0.0,"gold_gain":0.0,"event_name":"World of Goop","player_choice":"Left Gold","floor":5.0,"gold_loss":20.0,"damage_taken":0.0},{"damage_healed":0.0,"max_hp_gain":0.0,"max_hp_loss":0.0,"gold_gain":0.0,"event_name":"Mushrooms","player_choice":"Fought Mushrooms","floor":13.0,"gold_loss":0.0,"damage_taken":0.0},{"damage_healed":0,"gold_gain":0,"player_choice":"Fought Bandits","damage_taken":0,"max_hp_gain":0,"max_hp_loss":0,"event_name":"Masked Bandits","floor":19,"gold_loss":0},{"cards_removed":["Strike_B"],"damage_healed":0,"gold_gain":0,"player_choice":"Gave Gold","damage_taken":0,"max_hp_gain":0,"max_hp_loss":0,"event_name":"Beggar","floor":20,"gold_loss":75},{"damage_healed":0,"gold_gain":0,"player_choice":"Ignored","damage_taken":0,"max_hp_gain":0,"max_hp_loss":0,"event_name":"Ghosts","floor":21,"gold_loss":0},{"damage_healed":0,"gold_gain":333,"player_choice":"Gave Idol","damage_taken":0,"max_hp_gain":0,"max_hp_loss":0,"event_name":"The Moai Head","floor":38,"relics_lost":["Golden Idol"],"gold_loss":0},{"cards_removed":["Multi-Cast"],"damage_healed":0,"gold_gain":0,"player_choice":"Removed Skill","damage_taken":0,"max_hp_gain":0,"max_hp_loss":0,"event_name":"Falling","floor":42,"gold_loss":0},{"damage_healed":0,"gold_gain":0,"player_choice":"Ignored","damage_taken":0,"max_hp_gain":0,"max_hp_loss":0,"event_name":"Mysterious Sphere","floor":46,"gold_loss":0}],"is_beta":false,"boss_relics":[{"not_picked":["Empty Cage","Fusion Hammer"],"picked":"Astrolabe"},{"not_picked":["Runic Dome","Snecko Eye"],"picked":"Cursed Key"}],"items_purged_floors":[30,37,44],"is_endless":false,"potions_floor_spawned":[1,7,14,16,18,24,41,45,48],"ascension_level":9}