{"gold_per_floor":[113,133,152,252,263,263,289,309,309,336,348,367,367,380,380,478,478,494,494,494,508,536,536,536],"floor_reached":24,"playtime":2314,"items_purged":[],"score":363,"play_id":"2151a61b-9a27-4336-9c74-7b600719e419","local_time":"20190222004032","is_ascension_mode":true,"campfire_choices":[{"data":"Neutralize","floor":6,"key":"SMITH"},{"data":"A Thousand Cuts","floor":13,"key":"SMITH"},{"floor":15,"key":"REST"},{"floor":23,"key":"REST"}],"neow_cost":"NONE","seed_source_timestamp":540189719292657,"circlet_count":0,"master_deck":["Defend_G","Defend_G","Defend_G","Defend_G","Survivor","Neutralize+1","Cloak And Dagger","All Out Attack","Dash","Sucker Punch","A Thousand Cuts+1","Blade Dance","Deflect","Unload","A Thousand Cuts","Dodge and Roll+1","Outmaneuver+1","Burst+1","Dodge and Roll+1","Bite","Bite","Bite","Bite","Bite","Cloak And Dagger","Deflect"],"relics":["Ring of the Snake","PreservedInsect","Dodecahedron","Singing Bowl","Strawberry","Astrolabe","Bag of Preparation","Red Mask"],"potions_floor_usage":[10,16,16,16,22,22],"damage_taken":[{"damage":4,"enemies":"Cultist","floor":1,"turns":5},{"damage":0,"enemies":"Small Slimes","floor":2,"turns":3},{"damage":0,"enemies":"Jaw Worm","floor":3,"turns":3},{"damage":9,"enemies":"Large Slime","floor":5,"turns":7},{"damage":2,"enemies":"Gremlin Nob","floor":7,"turns":4},{"damage":8,"enemies":"Exordium Wildlife","floor":8,"turns":6},{"damage":14,"enemies":"Lagavulin","floor":10,"turns":8},{"damage":0,"enemies":"2 Fungi Beasts","floor":11,"turns":2},{"damage":0,"enemies":"Red Slaver","floor":12,"turns":3},{"damage":0,"enemies":"Exordium Thugs","floor":14,"turns":3},{"damage":0,"enemies":"The Guardian","floor":16,"turns":13},{"damage":31,"enemies":"3 Byrds","floor":18,"turns":5},{"damage":4,"enemies":"Shell Parasite","floor":21,"turns":8},{"damage":49,"enemies":"Masked Bandits","floor":22,"turns":4},{"damage":36,"enemies":"Snecko","floor":24,"turns":6}],"seed_played":"-633470687426657772","potions_obtained":[{"floor":2,"key":"Block Potion"},{"floor":7,"key":"EssenceOfSteel"},{"floor":8,"key":"SkillPotion"},{"floor":11,"key":"EssenceOfSteel"},{"floor":16,"key":"GhostInAJar"},{"floor":18,"key":"Strength Potion"}],"is_trial":false,"path_per_floor":["M","M","M","?","M","R","E","M","T","E","M","M","R","M","R","B",null,"M","?","T","M","?","R","M"],"character_chosen":"THE_SILENT","items_purchased":[],"campfire_rested":2,"item_purchase_floors":[],"current_hp_per_floor":[59,59,59,59,50,50,48,40,40,35,35,37,37,37,61,61,76,45,45,45,51,8,24,0],"gold":536,"neow_bonus":"RANDOM_COMMON_RELIC","is_prod":false,"is_daily":false,"chose_seed":false,"campfire_upgraded":2,"win_rate":0,"timestamp":1550824832,"path_taken":["M","M","?","?","M","R","E","M","T","E","M","M","R","M","R","BOSS","M","?","?","M","?","R","M"],"build_version":"2019-01-23","purchased_purges":0,"victory":false,"max_hp_per_floor":[70,70,70,70,70,70,70,70,70,79,79,81,81,81,81,81,81,81,56,56,56,56,56,56],"card_choices":[{"not_picked":["Slice","Deflect"],"picked":"Cloak And Dagger","floor":1},{"not_picked":["Deflect","Flying Knee"],"picked":"All Out Attack","floor":2},{"not_picked":["Bane","Eviscerate"],"picked":"Dash","floor":3},{"not_picked":["Blade Dance","Distraction"],"picked":"Sucker Punch","floor":5},{"not_picked":["Die Die Die","Acrobatics"],"picked":"A Thousand Cuts","floor":7},{"not_picked":["Outmaneuver","Bane"],"picked":"Blade Dance","floor":8},{"not_picked":["Acrobatics","Eviscerate","Escape Plan"],"picked":"Singing Bowl","floor":10},{"not_picked":["Bane","Sucker Punch"],"picked":"Deflect","floor":11},{"not_picked":["Dagger Throw","Tactician","PiercingWail"],"picked":"Singing Bowl","floor":12},{"not_picked":["Blade Dance","Predator"],"picked":"Unload","floor":14},{"not_picked":["Burst","Corpse Explosion"],"picked":"A Thousand Cuts","floor":16},{"not_picked":["Prepared+1","Dagger Throw"],"picked":"Dodge and Roll+1","floor":18},{"not_picked":["Sucker Punch+1","Flying Knee"],"picked":"Cloak And Dagger","floor":21},{"not_picked":["Bane","Leg Sweep"],"picked":"Deflect","floor":22}],"player_experience":317031,"relics_obtained":[{"floor":7,"key":"Dodecahedron"},{"floor":9,"key":"Singing Bowl"},{"floor":10,"key":"Strawberry"},{"floor":20,"key":"Bag of Preparation"},{"floor":22,"key":"Red Mask"}],"event_choices":[{"damage_healed":0,"gold_gain":100,"player_choice":"Gold","damage_taken":0,"max_hp_gain":0,"max_hp_loss":0,"event_name":"Wheel of Change","floor":4,"gold_loss":0},{"damage_healed":0,"gold_gain":0,"player_choice":"Became a vampire","damage_taken":0,"max_hp_gain":0,"max_hp_loss":25,"event_name":"Vampires","floor":19,"gold_loss":0,"cards_obtained":["Bite","Bite","Bite","Bite","Bite"]},{"damage_healed":0,"gold_gain":0,"player_choice":"Fought Bandits","damage_taken":0,"max_hp_gain":0,"max_hp_loss":0,"event_name":"Masked Bandits","floor":22,"gold_loss":0}],"is_beta":false,"boss_relics":[{"not_picked":["Lizard Tail","Philosopher\u0027s Stone"],"picked":"Astrolabe"}],"items_purged_floors":[],"is_endless":false,"potions_floor_spawned":[2,7,8,11,14,16,18],"killed_by":"Snecko","ascension_level":6}