{"gold_per_floor":[99,0,0,0,0,0,0,0,0,0,0,0,0,0,0,0,0,0,0,0,0,0,0,0,0,0,0,0,0,0,0,0,0,0,0,0,0,0,0,0,0,0,0,0,0,0,0,0,0,0],"floor_reached":51,"playtime":2506,"items_purged":[],"score":910,"play_id":"2e086c00-aab2-4ac8-81ea-d19310951c92","local_time":"20190227115950","is_ascension_mode":true,"campfire_choices":[{"data":"Crippling Poison","floor":7,"key":"SMITH"},{"data":"Glass Knife","floor":15,"key":"SMITH"},{"data":"A Thousand Cuts","floor":23,"key":"SMITH"},{"data":"Footwork","floor":25,"key":"SMITH"},{"data":"Burst","floor":28,"key":"SMITH"},{"data":"Cloak And Dagger","floor":32,"key":"SMITH"},{"floor":40,"key":"REST"},{"floor":45,"key":"REST"},{"data":"Envenom","floor":49,"key":"SMITH"}],"neow_cost":"NONE","seed_source_timestamp":55681449616455,"circlet_count":0,"master_deck":["Defend_G+1","Defend_G+1","Defend_G+1","Defend_G+1","Defend_G+1","Strike_G+1","Strike_G+1","Strike_G+1","Strike_G+1","Neutralize","Quick Slash+1","Well Laid Plans","Deflect+1","Crippling Poison+1","Backflip","Glass Knife+1","Choke+1","A Thousand Cuts+1","Corpse Explosion","PiercingWail","Backflip","Footwork+1","Cloak And Dagger+1","Burst+1","Acrobatics","Envenom+1","Leg Sweep+1","Backflip+1","Acrobatics","Blade Dance","Accuracy+1","Endless Agony+1","Dodge and Roll"],"relics":["Ectoplasm","Art of War","Odd Mushroom","War Paint","Strawberry","Paper Crane","Omamori","Sozu","Darkstone Periapt","Pear","Cursed Key","Shovel","Centennial Puzzle","Whetstone"],"potions_floor_usage":[6,12,12,16,33],"damage_taken":[{"damage":0,"enemies":"2 Louse","floor":1,"turns":4},{"damage":2,"enemies":"Small Slimes","floor":3,"turns":3},{"damage":4,"enemies":"Jaw Worm","floor":4,"turns":5},{"damage":0,"enemies":"Large Slime","floor":5,"turns":7},{"damage":20,"enemies":"Lagavulin","floor":6,"turns":8},{"damage":10,"enemies":"The Mushroom Lair","floor":8,"turns":4},{"damage":3,"enemies":"Looter","floor":10,"turns":3},{"damage":7,"enemies":"3 Sentries","floor":12,"turns":7},{"damage":5,"enemies":"Gremlin Nob","floor":14,"turns":3},{"damage":3,"enemies":"The Guardian","floor":16,"turns":10},{"damage":0,"enemies":"3 Byrds","floor":18,"turns":3},{"damage":0,"enemies":"Chosen","floor":20,"turns":3},{"damage":3,"enemies":"Snake Plant","floor":22,"turns":4},{"damage":6,"enemies":"Shelled Parasite and Fungi","floor":24,"turns":5},{"damage":10,"enemies":"Book of Stabbing","floor":27,"turns":6},{"damage":0,"enemies":"Cultist and Chosen","floor":29,"turns":6},{"damage":8,"enemies":"Snake Plant","floor":30,"turns":4},{"damage":6,"enemies":"Snecko","floor":31,"turns":4},{"damage":27,"enemies":"Champ","floor":33,"turns":11},{"damage":0,"enemies":"Orb Walker","floor":35,"turns":4},{"damage":5,"enemies":"3 Darklings","floor":36,"turns":2},{"damage":16,"enemies":"2 Orb Walkers","floor":37,"turns":4},{"damage":9,"enemies":"Sphere and 2 Shapes","floor":38,"turns":5},{"damage":21,"enemies":"Spire Growth","floor":39,"turns":5},{"damage":29,"enemies":"Reptomancer","floor":41,"turns":6},{"damage":7,"enemies":"Writhing Mass","floor":47,"turns":5},{"damage":0,"enemies":"3 Darklings","floor":48,"turns":5},{"damage":8,"enemies":"Donu and Deca","floor":50,"turns":6}],"seed_played":"7293282890449899870","potions_obtained":[{"floor":4,"key":"GamblersBrew"},{"floor":5,"key":"GhostInAJar"},{"floor":6,"key":"Regen Potion"},{"floor":8,"key":"Fire Potion"},{"floor":14,"key":"EntropicBrew"}],"is_trial":false,"path_per_floor":["M","$","M","M","M","E","R","?","T","M","?","E","T","E","R","B",null,"M","?","M","?","M","R","M","R","T","E","R","M","M","M","R","B",null,"M","M","?","M","M","R","E","?","T","$","R","?","M","M","R","B",null],"character_chosen":"THE_SILENT","items_purchased":["Well Laid Plans","Deflect"],"campfire_rested":2,"item_purchase_floors":[2,2],"current_hp_per_floor":[70,70,68,64,64,44,44,34,34,31,31,46,46,41,41,38,77,77,77,77,77,74,74,68,68,68,68,68,68,60,54,54,27,87,87,82,66,57,36,62,33,33,33,33,59,59,52,52,52,44],"gold":0,"neow_bonus":"BOSS_RELIC","is_prod":false,"is_daily":false,"chose_seed":false,"campfire_upgraded":7,"win_rate":0,"timestamp":1551290390,"path_taken":["M","$","M","M","M","E","R","?","T","M","?","E","?","E","R","BOSS","M","?","M","?","M","R","M","R","T","E","R","M","M","M","R","BOSS","M","M","?","M","M","R","E","?","T","$","R","?","?","M","R","BOSS"],"build_version":"2019-01-23","purchased_purges":0,"victory":true,"max_hp_per_floor":[70,70,70,70,70,70,70,70,70,70,70,77,77,77,77,77,77,77,77,77,77,77,77,77,77,77,87,87,87,87,87,87,87,87,87,87,87,87,87,87,87,87,87,87,87,87,87,87,87,87],"card_choices":[{"not_picked":["Poisoned Stab","Tactician"],"picked":"Quick Slash","floor":1},{"not_picked":["Well Laid Plans","PiercingWail"],"picked":"Crippling Poison","floor":3},{"not_picked":["Outmaneuver","Expertise","Distraction"],"picked":"SKIP","floor":4},{"not_picked":["Crippling Poison","Underhanded Strike"],"picked":"Backflip","floor":5},{"not_picked":["Masterful Stab","Slice","Distraction"],"picked":"SKIP","floor":6},{"not_picked":["Dagger Spray","Deflect"],"picked":"Glass Knife","floor":8},{"not_picked":["Blur","Quick Slash"],"picked":"Choke","floor":10},{"not_picked":["Deflect","Bane"],"picked":"A Thousand Cuts","floor":12},{"not_picked":["Setup","Storm of Steel","Outmaneuver"],"picked":"SKIP","floor":14},{"not_picked":["Storm of Steel","Unload"],"picked":"Corpse Explosion","floor":16},{"not_picked":["Leg Sweep","Terror"],"picked":"PiercingWail","floor":18},{"not_picked":["Poisoned Stab","Deadly Poison"],"picked":"Backflip","floor":20},{"not_picked":["Blade Dance","Sucker Punch"],"picked":"Footwork","floor":22},{"not_picked":["Slice","Flying Knee+1"],"picked":"Cloak And Dagger","floor":24},{"not_picked":["Outmaneuver+1","Accuracy"],"picked":"Burst","floor":27},{"not_picked":["Underhanded Strike","Choke"],"picked":"Caltrops","floor":29},{"not_picked":["Setup+1","Flying Knee+1","Dagger Throw"],"picked":"SKIP","floor":30},{"not_picked":["Outmaneuver","Quick Slash"],"picked":"Acrobatics","floor":31},{"not_picked":["Night Terror","Malaise"],"picked":"Envenom","floor":33},{"not_picked":["Quick Slash+1","Reflex"],"picked":"Leg Sweep+1","floor":35},{"not_picked":["Accuracy+1","Underhanded Strike+1"],"picked":"Backflip+1","floor":36},{"not_picked":["Underhanded Strike","Prepared+1"],"picked":"Acrobatics","floor":37},{"not_picked":["Skewer","Heel Hook","Prepared"],"picked":"SKIP","floor":38},{"not_picked":["Dagger Throw","Well Laid Plans"],"picked":"Blade Dance","floor":39},{"not_picked":["Acrobatics+1","Sucker Punch"],"picked":"Accuracy+1","floor":41},{"not_picked":["Dagger Spray","Expertise+1"],"picked":"Endless Agony+1","floor":47},{"not_picked":["Slice","Poisoned Stab"],"picked":"Dodge and Roll","floor":48}],"player_experience":257377,"relics_obtained":[{"floor":6,"key":"Art of War"},{"floor":8,"key":"Odd Mushroom"},{"floor":9,"key":"War Paint"},{"floor":12,"key":"Strawberry"},{"floor":13,"key":"Paper Crane"},{"floor":14,"key":"Omamori"},{"floor":26,"key":"Darkstone Periapt"},{"floor":27,"key":"Pear"},{"floor":37,"key":"Shovel"},{"floor":41,"key":"Centennial Puzzle"},{"floor":43,"key":"Whetstone"}],"event_choices":[{"damage_healed":0,"gold_gain":0,"player_choice":"Fought Mushrooms","damage_taken":0,"max_hp_gain":0,"max_hp_loss":0,"event_name":"Mushrooms","floor":8,"gold_loss":0},{"cards_removed":["Strike_G"],"damage_healed":0,"gold_gain":0,"player_choice":"Forget","damage_taken":0,"max_hp_gain":0,"max_hp_loss":0,"event_name":"Living Wall","floor":11,"gold_loss":0},{"damage_healed":0,"gold_gain":0,"player_choice":"Simplicity","damage_taken":0,"max_hp_gain":0,"max_hp_loss":0,"event_name":"Back to Basics","floor":19,"gold_loss":0,"cards_upgraded":["Defend_G","Defend_G","Defend_G","Defend_G","Strike_G","Strike_G","Strike_G","Strike_G"]},{"damage_healed":0,"gold_gain":0,"player_choice":"Ignored","damage_taken":0,"max_hp_gain":0,"max_hp_loss":0,"event_name":"Beggar","floor":21,"gold_loss":0},{"damage_healed":0,"gold_gain":0,"player_choice":"Fight","damage_taken":0,"max_hp_gain":0,"max_hp_loss":0,"event_name":"Mysterious Sphere","floor":37,"gold_loss":0},{"cards_removed":["Caltrops"],"damage_healed":0,"gold_gain":0,"player_choice":"Removed Power","damage_taken":0,"max_hp_gain":0,"max_hp_loss":0,"event_name":"Falling","floor":42,"gold_loss":0},{"cards_removed":["Survivor"],"damage_healed":0,"gold_gain":0,"player_choice":"Offered Basic","damage_taken":0,"max_hp_gain":0,"max_hp_loss":0,"event_name":"Bonfire Elementals","floor":46,"gold_loss":0}],"is_beta":false,"boss_relics":[{"not_picked":["Tiny House","Runic Pyramid"],"picked":"Sozu"},{"not_picked":["Pandora\u0027s Box","Busted Crown"],"picked":"Cursed Key"}],"items_purged_floors":[],"is_endless":false,"potions_floor_spawned":[4,5,6,8,14,20,22,27,30,31,38,41,47],"ascension_level":4}