{"path_per_floor":["M","?","?","$","?","$","M","M","T","?","R","M","M","T","R","B",null,"M","?","?","M","$","R","E","?","T","M","R","M","$","M","R","B",null,"M","?","?","M","M","M","?","R","T","R","M","M","M","?","R"],"character_chosen":"IRONCLAD","items_purchased":[],"gold_per_floor":[114,114,114,39,39,39,57,71,146,146,146,166,184,184,184,281,281,295,295,295,310,230,230,261,261,288,305,305,315,215,234,234,333,333,346,346,346,357,375,395,395,395,422,422,441,455,470,470,470],"floor_reached":50,"campfire_rested":1,"playtime":1178,"current_hp_per_floor":[68,65,70,70,63,63,69,75,75,75,75,59,53,53,53,45,85,85,85,85,69,69,69,51,51,51,57,57,62,62,52,79,35,92,92,92,92,92,92,92,92,92,92,92,92,92,89,89,89],"items_purged":["Defend_R","Defend_R","Strike_R"],"gold":470,"score":479,"play_id":"8bb7ea42-6de9-4d22-ba72-8b14d858d962","local_time":"20180318160225","is_prod":false,"is_daily":false,"is_ascension_mode":false,"campfire_upgraded":7,"timestamp":1521399745,"path_taken":["M","?","?","$","?","$","?","M","T","?","R","M","M","?","R","BOSS","M","?","?","?","$","R","E","?","T","M","R","M","$","M","R","BOSS","M","?","?","M","?","M","?","R","T","R","M","M","M","?","R","BOSS"],"build_version":"2018-03-15v3","purchased_purges":3,"victory":false,"master_deck":["Strike_R+1","Strike_R+1","Bash+1","Dropkick+1","Double Tap+1","Flex+1","Thunderclap+1","Offering+1"],"max_hp_per_floor":[80,80,85,85,85,85,85,85,85,85,85,85,85,85,85,85,85,85,85,85,85,85,85,92,92,92,92,92,92,92,92,92,92,92,92,92,92,92,92,92,92,92,92,92,92,92,92,92,92],"relics":["Black Blood","War Paint","The Courier","Thread and Needle","Black Star","Strawberry","Bag of Marbles","Ancient Tea Set","Happy Flower"],"card_choices":[{"not_picked":["True Grit","Evolve"],"picked":"Inflame"},{"not_picked":["Wild Strike","Perfected Strike"],"picked":"Dropkick"},{"not_picked":["Demon Form","Exhume"],"picked":"Double Tap"},{"not_picked":["Pummel","True Grit"],"picked":"Flex"},{"not_picked":["Impervious","Immolate"],"picked":"Offering"}],"player_experience":603137,"potions_floor_usage":[16,16,18,24,33],"damage_taken":[{"damage":18,"enemies":"Jaw Worm","floor":1,"turns":3},{"damage":0,"enemies":"2 Louse","floor":7,"turns":3},{"damage":0,"enemies":"Small Slimes","floor":8,"turns":3},{"damage":22,"enemies":"Exordium Thugs","floor":12,"turns":5},{"damage":12,"enemies":"3 Louse","floor":13,"turns":3},{"damage":29,"enemies":"Hexaghost","floor":16,"turns":7},{"damage":0,"enemies":"Chosen","floor":18,"turns":4},{"damage":22,"enemies":"Shell Parasite","floor":21,"turns":3},{"damage":31,"enemies":"Slavers","floor":24,"turns":4},{"damage":0,"enemies":"Snecko","floor":27,"turns":2},{"damage":1,"enemies":"3 Cultists","floor":29,"turns":3},{"damage":16,"enemies":"Snake Plant","floor":31,"turns":2},{"damage":50,"enemies":"Collector","floor":33,"turns":6},{"damage":10,"enemies":"3 Shapes","floor":35,"turns":1},{"damage":4,"enemies":"Orb Walker","floor":38,"turns":1},{"damage":6,"enemies":"4 Shapes","floor":39,"turns":1},{"damage":4,"enemies":"Sphere and 2 Shapes","floor":40,"turns":2},{"damage":4,"enemies":"Maw","floor":45,"turns":4},{"damage":10,"enemies":"4 Shapes","floor":46,"turns":1},{"damage":13,"enemies":"Sphere and 2 Shapes","floor":47,"turns":1},{"damage":91,"enemies":"Time Eater","floor":50,"turns":4}],"event_choices":[{"event_name":"Scrap Ooze","player_choice":"success","floor":2,"damage_taken":3},{"event_name":"Big Fish","player_choice":"Donut","floor":3,"damage_taken":0},{"event_name":"Golden Wing","player_choice":"Card Removal","floor":5,"damage_taken":0},{"event_name":"Living Wall","player_choice":"Forget","floor":10,"damage_taken":0},{"event_name":"The Library","player_choice":"Read","floor":19,"damage_taken":0},{"event_name":"Accursed Blacksmith","player_choice":"Forge","floor":20,"damage_taken":0},{"event_name":"Back to Basics","player_choice":"Elegance","floor":25,"damage_taken":0},{"event_name":"Purifier","player_choice":"One Purge","floor":36,"damage_taken":0},{"event_name":"Mysterious Sphere","player_choice":"Ignore","floor":37,"damage_taken":0},{"event_name":"The Lab","player_choice":"Got Potions","floor":48,"damage_taken":0}],"boss_relics":[{"not_picked":["White Beast Statue","Eternal Feather"],"picked":"Black Star"},{"not_picked":["Cursed Key","Calling Bell"],"picked":"Black Blood"}],"potions_floor_spawned":[7,12,13,21,27,35,40],"seed_played":"2712371610421592727","killed_by":"Time Eater","ascension_level":0,"is_trial":false}