{"path_per_floor":["M","$","?","M","M","E","?","?","T","R","M","R","?","$","R","B",null,"M","?","?","M","?","R","M","M","T","R","M","R"],"character_chosen":"THE_SILENT","items_purchased":["All Out Attack","Apotheosis"],"gold_per_floor":[113,0,0,13,27,55,55,110,179,179,192,192,192,3,3,80,80,99,99,24,34,34,34,46,62,62,62,74,74,74],"floor_reached":30,"campfire_rested":5,"playtime":1262,"item_purchase_floors":[2,14],"current_hp_per_floor":[62,62,37,34,34,8,1,1,1,22,19,40,40,40,40,10,55,46,46,46,29,29,50,35,19,19,40,27,48,0],"items_purged":["Strike_G"],"gold":74,"score":376,"play_id":"e42707ca-13eb-4321-b608-c713a20506de","local_time":"20180622220327","is_prod":false,"is_daily":false,"chose_seed":false,"is_ascension_mode":true,"campfire_upgraded":1,"win_rate":0,"timestamp":1529715807,"campfire_choices":[{"floor":10,"key":"REST"},{"floor":12,"key":"REST"},{"data":"Apotheosis","floor":15,"key":"SMITH"},{"floor":23,"key":"REST"},{"floor":27,"key":"REST"},{"floor":29,"key":"REST"}],"path_taken":["M","$","?","M","M","E","?","?","T","R","M","R","?","?","R","BOSS","M","?","?","M","?","R","M","M","T","R","M","R","E"],"build_version":"2018-06-21","seed_source_timestamp":43142932465918,"purchased_purges":1,"circlet_count":0,"victory":false,"master_deck":["Defend_G","Defend_G","Defend_G","Survivor","Neutralize","AscendersBane","Caltrops","Flying Knee","All Out Attack","Backflip","After Image","Apotheosis+1","A Thousand Cuts","Blade Dance","Night Terror"],"max_hp_per_floor":[70,70,70,70,70,70,70,70,70,70,70,70,70,70,70,70,70,70,70,70,70,70,70,70,70,70,70,70,70,70],"relics":["Ring of the Snake","Lantern","Juzu Bracelet","Bottled Lightning","Empty Cage","The Courier"],"card_choices":[{"not_picked":["Dagger Throw","Underhanded Strike"],"picked":"Flying Knee","floor":1},{"not_picked":["Quick Slash","Acrobatics","All Out Attack"],"picked":"SKIP","floor":4},{"not_picked":["Dagger Spray","Bane","Well Laid Plans"],"picked":"SKIP","floor":5},{"not_picked":["Slice","Endless Agony"],"picked":"Backflip","floor":6},{"not_picked":["Dash","Deflect"],"picked":"After Image","floor":11},{"not_picked":["Glass Knife","After Image"],"picked":"A Thousand Cuts","floor":16},{"not_picked":["Poisoned Stab","Slice","Dodge and Roll"],"picked":"SKIP","floor":18},{"not_picked":["Reflex","Terror+1","Choke"],"picked":"SKIP","floor":21},{"not_picked":["Deflect+1","Terror","Poisoned Stab+1"],"picked":"SKIP","floor":24},{"not_picked":["Poisoned Stab","Blade Dance","Quick Slash"],"picked":"SKIP","floor":25},{"not_picked":["Backflip","Dagger Throw+1","Reflex+1"],"picked":"SKIP","floor":28}],"player_experience":804932,"potions_floor_usage":[16,24,28,30],"damage_taken":[{"damage":1,"enemies":"2 Louse","floor":1,"turns":5},{"damage":3,"enemies":"Small Slimes","floor":4,"turns":4},{"damage":0,"enemies":"Jaw Worm","floor":5,"turns":4},{"damage":26,"enemies":"3 Sentries","floor":6,"turns":7},{"damage":3,"enemies":"Looter","floor":11,"turns":3},{"damage":30,"enemies":"Slime Boss","floor":16,"turns":16},{"damage":9,"enemies":"Spheric Guardian","floor":18,"turns":7},{"damage":17,"enemies":"2 Thieves","floor":21,"turns":4},{"damage":15,"enemies":"Snake Plant","floor":24,"turns":4},{"damage":16,"enemies":"Centurion and Healer","floor":25,"turns":7},{"damage":13,"enemies":"Cultist and Chosen","floor":28,"turns":6},{"damage":53,"enemies":"Slavers","floor":30,"turns":5}],"relics_obtained":[{"floor":6,"key":"Juzu Bracelet"},{"floor":9,"key":"Bottled Lightning"},{"floor":26,"key":"The Courier"}],"event_choices":[{"event_name":"Scrap Ooze","player_choice":"success","floor":3,"damage_taken":25},{"event_name":"Wheel of Change","player_choice":"Damage","floor":7,"damage_taken":0},{"event_name":"Golden Wing","player_choice":"Gained Gold","floor":8,"damage_taken":0},{"event_name":"Living Wall","player_choice":"Forget","floor":13,"damage_taken":0},{"event_name":"The Library","player_choice":"Read","floor":19,"damage_taken":0},{"event_name":"Beggar","player_choice":"Gave Gold","floor":20,"damage_taken":0},{"event_name":"Transmorgrifier","player_choice":"Transform","floor":22,"damage_taken":0}],"boss_relics":[{"not_picked":["Velvet Choker","Orrery"],"picked":"Empty Cage"}],"items_purged_floors":[2],"is_endless":false,"potions_floor_spawned":[6,11,18,28],"seed_played":"3817987411632745771","killed_by":"Slavers","ascension_level":13,"potions_obtained":[{"floor":6,"key":"FearPotion"},{"floor":11,"key":"PowerPotion"},{"floor":18,"key":"SpeedPotion"},{"floor":28,"key":"Weak Potion"}],"is_trial":false}