{"path_per_floor":["M","$","M","?","$","E","M","M","T","E","?","E","?","M","R","B",null,"M","M","?","$","?","R","$","R","T","M","M","T","M","$","R","B",null,"M","M","$","M","?","R","E","R","T","$","?","M","?","E","R","B"],"character_chosen":"THE_SILENT","items_purchased":["Caltrops","Backflip","Mummified Hand","Infinite Blades"],"gold_per_floor":[119,49,59,59,34,68,88,103,103,133,133,158,158,168,168,273,273,283,301,301,61,61,61,26,26,26,39,59,59,70,70,70,166,166,181,193,118,138,138,138,173,173,227,127,127,144,144,173,173,173],"floor_reached":51,"campfire_rested":5,"playtime":5530,"current_hp_per_floor":[70,70,70,70,70,70,70,69,69,52,52,40,40,28,49,21,70,46,44,31,31,31,31,31,53,53,53,42,42,30,30,52,8,75,75,73,73,73,64,74,26,62,62,62,62,50,50,37,73,44],"items_purged":["Strike_G","Strike_G"],"gold":173,"score":655,"play_id":"586e6b17-f5d3-4965-8810-d64c248aba08","is_prod":false,"is_daily":false,"is_ascension_mode":true,"campfire_upgraded":2,"path_taken":["M","$","M","?","$","E","M","M","T","E","?","E","?","?","R","BOSS","M","M","?","$","?","R","$","R","T","?","M","?","?","$","R","BOSS","M","M","$","M","?","R","E","R","T","$","?","M","?","E","R","BOSS"],"build_version":"2018-02-15-PROD1","purchased_purges":2,"victory":true,"master_deck":["Defend_G","Defend_G","Defend_G","Defend_G","Defend_G","Strike_G+1","Strike_G","Survivor","Neutralize+1","Cloak And Dagger","Caltrops","After Image","Backflip","Dagger Throw","Infinite Blades","Dodge and Roll","Footwork","Quick Slash","Bullet Time+1","PiercingWail","Predator+1","Infinite Blades","Dash","Adrenaline","Accuracy+1","Madness","Madness","Adrenaline"],"max_hp_per_floor":[70,70,70,70,70,70,70,70,70,70,70,70,70,70,70,70,70,70,70,75,75,75,75,75,75,75,75,75,75,75,75,75,75,75,75,75,75,75,75,75,89,89,89,89,89,89,89,89,89,89],"relics":["Ring of the Snake","NeowsBlessing","Ornamental Fan","Kunai","Bottled Lightning","Vajra","Oddly Smooth Stone","Lizard Tail","Mummified Hand","Sundial","Tingsha","Eternal Feather","Mango","Bag of Preparation","Whetstone"],"card_choices":[{"not_picked":["Poisoned Stab","Outmaneuver"],"picked":"Cloak And Dagger"},{"not_picked":["Deadly Poison","Distraction"],"picked":"After Image"},{"not_picked":["Escape Plan","Deadly Poison"],"picked":"Dagger Throw"},{"not_picked":["Setup","Outmaneuver"],"picked":"Infinite Blades"},{"not_picked":["Wraith Form","Outmaneuver"],"picked":"Dodge and Roll"},{"not_picked":["Prepared","Deadly Poison"],"picked":"Footwork"},{"not_picked":["Acrobatics","Slice"],"picked":"Quick Slash"},{"not_picked":["Corpse Explosion","Wraith Form"],"picked":"Bullet Time"},{"not_picked":["Acrobatics","Poisoned Stab"],"picked":"PiercingWail"},{"not_picked":["Dodge and Roll","Bane"],"picked":"Predator"},{"not_picked":["Deflect","Prepared"],"picked":"Dash"},{"not_picked":["Phantasmal Killer","Venomology"],"picked":"Adrenaline"},{"not_picked":["Quick Slash","Sucker Punch"],"picked":"Accuracy"}],"player_experience":205525,"potions_floor_usage":[8,10,10,14,33,48,50,50],"damage_taken":[{"damage":0,"enemies":"2 Louse","floor":1,"turns":1},{"damage":0,"enemies":"Jaw Worm","floor":3,"turns":1},{"damage":0,"enemies":"3 Sentries","floor":6,"turns":2},{"damage":0,"enemies":"Small Slimes","floor":7,"turns":3},{"damage":1,"enemies":"Exordium Thugs","floor":8,"turns":6},{"damage":17,"enemies":"Gremlin Nob","floor":10,"turns":5},{"damage":12,"enemies":"Lagavulin","floor":12,"turns":7},{"damage":12,"enemies":"Gremlin Gang","floor":14,"turns":4},{"damage":28,"enemies":"The Guardian","floor":16,"turns":15},{"damage":24,"enemies":"Spheric Guardian","floor":18,"turns":7},{"damage":2,"enemies":"3 Byrds","floor":19,"turns":4},{"damage":0,"enemies":"3 Cultists","floor":27,"turns":6},{"damage":11,"enemies":"Slaver and Parasite","floor":28,"turns":7},{"damage":12,"enemies":"Sentry and Sphere","floor":30,"turns":6},{"damage":44,"enemies":"Collector","floor":33,"turns":16},{"damage":0,"enemies":"3 Shapes","floor":35,"turns":7},{"damage":2,"enemies":"3 Darklings","floor":36,"turns":6},{"damage":0,"enemies":"Maw","floor":38,"turns":9},{"damage":62,"enemies":"Giant Head","floor":41,"turns":13},{"damage":12,"enemies":"4 Shapes","floor":46,"turns":8},{"damage":13,"enemies":"2 Orb Walkers","floor":48,"turns":6},{"damage":29,"enemies":"Donu and Deca","floor":50,"turns":11}],"event_choices":[{"event_name":"Big Fish","player_choice":"Box","floor":4,"damage_taken":0},{"event_name":"Purifier","player_choice":"One Purge","floor":11,"damage_taken":0},{"event_name":"Dead Adventurer","player_choice":"Searched \u00271\u0027 times","floor":13,"damage_taken":0},{"event_name":"Forgotten Altar","player_choice":"Shed Blood","floor":20,"damage_taken":0},{"event_name":"Beggar","player_choice":"Ignored","floor":22,"damage_taken":0},{"event_name":"Winding Halls","player_choice":"Embrace Madness","floor":39,"damage_taken":0},{"event_name":"Duplicator","player_choice":"One dupe","floor":47,"damage_taken":0}],"boss_relics":[{"not_picked":["Calling Bell","Snecko Eye"],"picked":"Lizard Tail"},{"not_picked":["Runic Pyramid","Sozu"],"picked":"Eternal Feather"}],"potions_floor_spawned":[3,7,8,12,28,36,41,46],"seed_played":"1002980318746087356","ascension_level":3,"is_trial":false}