{"gold_per_floor":[110,110,120,132,132,132,163,188,200,228,256,144,144,171,171,249,249,261,261,275,288,288,288,318,396,396,171,187,237,237],"floor_reached":30,"playtime":1386,"items_purged":["Defend_G"],"score":455,"play_id":"fc2044ac-2868-41d8-9fd7-40be60d4f089","local_time":"20190114154217","is_ascension_mode":true,"campfire_choices":[{"data":"Infinite Blades","floor":6.0,"key":"SMITH"},{"floor":13.0,"key":"REST"},{"data":"Neutralize","floor":15.0,"key":"SMITH"},{"floor":23,"key":"REST"}],"neow_cost":"NONE","seed_source_timestamp":0,"circlet_count":0,"master_deck":["AscendersBane","Defend_G","Defend_G","Defend_G","Strike_G","Strike_G","Strike_G","Strike_G","Strike_G","Survivor","Neutralize+1","Cloak And Dagger","Infinite Blades+1","Flying Knee","Footwork","Dodge and Roll","Finisher","A Thousand Cuts","Dagger Throw+1","Reflex+1","Calculated Gamble+1","After Image"],"special_seed":0,"relics":["Ring of the Snake","NeowsBlessing","Ninja Scroll","MawBank","Ornamental Fan","Turnip","Runic Dome","MutagenicStrength","Omamori","Toxic Egg 2"],"potions_floor_usage":[16,24,24],"damage_taken":[{"damage":0.0,"enemies":"2 Louse","floor":1.0,"turns":1.0},{"damage":0.0,"enemies":"Cultist","floor":3.0,"turns":1.0},{"damage":0.0,"enemies":"Jaw Worm","floor":4.0,"turns":1.0},{"damage":41.0,"enemies":"Gremlin Nob","floor":7.0,"turns":5.0},{"damage":10.0,"enemies":"Exordium Thugs","floor":8.0,"turns":7.0},{"damage":0.0,"enemies":"3 Louse","floor":10.0,"turns":2.0},{"damage":1.0,"enemies":"Blue Slaver","floor":11.0,"turns":3.0},{"damage":10.0,"enemies":"3 Sentries","floor":14.0,"turns":10.0},{"damage":9,"enemies":"Hexaghost","floor":16,"turns":11},{"damage":0,"enemies":"3 Byrds","floor":18,"turns":4},{"damage":18,"enemies":"Spheric Guardian","floor":20,"turns":4},{"damage":22,"enemies":"Chosen and Byrds","floor":21,"turns":6},{"damage":5,"enemies":"Book of Stabbing","floor":24,"turns":4},{"damage":0,"enemies":"Shelled Parasite and Fungi","floor":28,"turns":4},{"damage":33,"enemies":"Gremlin Leader","floor":30,"turns":7}],"seed_played":"2371982709763698047","potions_obtained":[{"floor":4.0,"key":"FearPotion"},{"floor":7.0,"key":"Regen Potion"},{"floor":10.0,"key":"Energy Potion"},{"floor":14.0,"key":"EssenceOfSteel"},{"floor":19,"key":"Poison Potion"}],"is_trial":false,"path_per_floor":["M","?","M","M","?","R","E","M","T","M","M","$","R","E","R","B",null,"M","?","M","M","?","R","E","T","T","$","M","?","E"],"character_chosen":"THE_SILENT","items_purchased":["Dodge and Roll","Calculated Gamble+1","After Image"],"campfire_rested":2,"item_purchase_floors":[12,27,27],"current_hp_per_floor":[59,59,59,59,59,59,18,23,23,23,22,22,41,31,31,22,55,55,55,37,15,15,34,29,29,29,29,29,29,0],"gold":237,"neow_bonus":"THREE_ENEMY_KILL","is_prod":false,"is_daily":false,"chose_seed":false,"campfire_upgraded":2,"win_rate":0,"timestamp":1547487737,"path_taken":["M","?","?","M","?","R","E","M","T","M","M","$","R","E","R","BOSS","M","?","M","?","?","R","E","?","T","$","?","?","E"],"build_version":"2019-01-10","purchased_purges":1,"victory":false,"max_hp_per_floor":[66,66,66,66,66,66,66,66,66,66,66,66,66,66,66,66,66,66,66,66,66,66,66,66,66,66,66,66,66,66],"card_choices":[{"not_picked":["Prepared","Underhanded Strike"],"picked":"Heel Hook","floor":1.0},{"not_picked":["Bane","Underhanded Strike"],"picked":"Cloak And Dagger","floor":3.0},{"not_picked":["Poisoned Stab","PiercingWail"],"picked":"Infinite Blades","floor":4.0},{"not_picked":["Poisoned Stab","Outmaneuver","Heel Hook"],"picked":"SKIP","floor":7.0},{"not_picked":["Prepared","Dagger Throw"],"picked":"Flying Knee","floor":8.0},{"not_picked":["Catalyst","Wraith Form v2","Prepared"],"picked":"SKIP","floor":10.0},{"not_picked":["Skewer","Quick Slash"],"picked":"Footwork","floor":11.0},{"not_picked":["Prepared","Dagger Spray"],"picked":"Finisher","floor":14.0},{"not_picked":["After Image","Wraith Form v2"],"picked":"A Thousand Cuts","floor":16},{"not_picked":["Quick Slash+1","Expertise"],"picked":"Dagger Throw+1","floor":18},{"not_picked":["Underhanded Strike","Poisoned Stab","Outmaneuver"],"picked":"SKIP","floor":20},{"not_picked":["Tactician","Finisher"],"picked":"Reflex+1","floor":21},{"not_picked":["Slice+1","Deadly Poison","Deflect"],"picked":"SKIP","floor":24},{"not_picked":["Bane","Underhanded Strike","Distraction+1"],"picked":"SKIP","floor":28}],"player_experience":906131,"relics_obtained":[{"floor":7.0,"key":"MawBank"},{"floor":9.0,"key":"Ornamental Fan"},{"floor":14.0,"key":"Turnip"},{"floor":24,"key":"Omamori"},{"floor":25,"key":"Toxic Egg 2"}],"event_choices":[{"cards_removed":["Heel Hook"],"damage_healed":0.0,"max_hp_gain":0.0,"max_hp_loss":0.0,"gold_gain":0.0,"event_name":"WeMeetAgain","player_choice":"Gave Card","floor":2.0,"gold_loss":0.0,"damage_taken":0.0,"relics_obtained":["Ninja Scroll"]},{"cards_removed":["Defend_G"],"damage_healed":0.0,"max_hp_gain":0.0,"max_hp_loss":0.0,"gold_gain":0.0,"event_name":"Purifier","player_choice":"Purged","floor":5.0,"gold_loss":0.0,"damage_taken":0.0},{"damage_healed":0,"gold_gain":0,"player_choice":"Got Potions","damage_taken":0,"max_hp_gain":0,"max_hp_loss":0,"event_name":"Lab","floor":19,"gold_loss":0},{"damage_healed":0,"gold_gain":0,"player_choice":"Inject Mutagens","damage_taken":0,"relics_obtained":["MutagenicStrength"],"max_hp_gain":0,"max_hp_loss":0,"event_name":"Drug Dealer","floor":22,"gold_loss":0},{"damage_healed":0,"gold_gain":50,"player_choice":"Pray","damage_taken":0,"max_hp_gain":0,"max_hp_loss":0,"event_name":"Golden Shrine","floor":29,"gold_loss":0}],"is_beta":true,"boss_relics":[{"not_picked":["Calling Bell","White Beast Statue"],"picked":"Runic Dome"}],"items_purged_floors":[12],"is_endless":false,"potions_floor_spawned":[4,7,10,14],"killed_by":"Gremlin Leader","ascension_level":15}