{"path_per_floor":["M","?","M","$","?","R","$","R","T","R","M","M","?","M","R","B",null],"character_chosen":"THE_SILENT","items_purchased":["Footwork"],"gold_per_floor":[210,285,299,143,143,143,43,43,68,68,86,103,103,120,120,217,217],"floor_reached":18,"campfire_rested":0,"playtime":903,"current_hp_per_floor":[56,45,42,42,42,42,42,42,42,42,42,42,35,32,32,7,52],"items_purged":["Parasite","Regret"],"gold":217,"score":240,"play_id":"d882506b-01ce-42e1-8845-9ef55acc5638","local_time":"20180313120006","is_prod":false,"is_daily":false,"is_ascension_mode":true,"campfire_upgraded":1,"timestamp":1520953206,"path_taken":["M","?","M","?","?","R","$","R","T","R","M","?","?","M","R","BOSS","M"],"build_version":"2018-03-09","purchased_purges":2,"victory":false,"master_deck":["Defend_G","Defend_G","Defend_G","Defend_G","Defend_G","Strike_G","Strike_G","Strike_G","Strike_G","Survivor","Neutralize","Predator","Noxious Fumes","Footwork+1","Catalyst","Dodge and Roll","Deadly Poison","Adrenaline"],"max_hp_per_floor":[70,70,70,67,67,67,67,67,67,67,67,67,67,67,67,67,67],"relics":["Ring of the Snake","Shovel","Regal Pillow","Paper Crane","Lantern","Darkstone Periapt","White Beast Statue"],"card_choices":[{"not_picked":["Heel Hook","Deflect"],"picked":"Predator"},{"not_picked":["Wraith Form","Outmaneuver"],"picked":"Noxious Fumes"},{"not_picked":["Blade Dance","Deadly Poison"],"picked":"Catalyst"},{"not_picked":["Underhanded Strike","Quick Slash"],"picked":"Dodge and Roll"},{"not_picked":["Poisoned Stab","Underhanded Strike"],"picked":"Deadly Poison"},{"not_picked":["Die Die Die","Tactician"],"picked":"Adrenaline"}],"player_experience":573340,"potions_floor_usage":[12,16,18],"damage_taken":[{"damage":7,"enemies":"Jaw Worm","floor":1,"turns":5},{"damage":3,"enemies":"2 Louse","floor":3,"turns":4},{"damage":0,"enemies":"Cultist","floor":11,"turns":3},{"damage":0,"enemies":"2 Fungi Beasts","floor":12,"turns":4},{"damage":3,"enemies":"Blue Slaver","floor":14,"turns":5},{"damage":25,"enemies":"Slime Boss","floor":16,"turns":12},{"damage":61,"enemies":"3 Byrds","floor":18,"turns":5}],"event_choices":[{"event_name":"World of Goop","player_choice":"Gather Gold","floor":2,"damage_taken":0},{"event_name":"Big Fish","player_choice":"Box","floor":5,"damage_taken":0},{"event_name":"Golden Wing","player_choice":"Card Removal","floor":13,"damage_taken":0}],"boss_relics":[{"not_picked":["Pandora\u0027s Box","Question Card"],"picked":"White Beast Statue"}],"potions_floor_spawned":[1,3,11],"seed_played":"-4024711821334157004","killed_by":"3 Byrds","ascension_level":12,"is_trial":false}