{"path_per_floor":["M","?","?","?","$","M","M","M","T","R","M","R","$","?","R","B",null,"M","?","?","M","M","R","E"],"character_chosen":"THE_SILENT","items_purchased":["Apotheosis"],"gold_per_floor":[113,113,113,363,77,91,101,117,117,117,135,135,35,35,35,137,167,187,277,277,293,305,305,332],"floor_reached":25,"campfire_rested":3,"playtime":1226,"current_hp_per_floor":[70,70,28,28,28,28,28,25,25,48,42,42,42,35,58,48,75,69,37,21,13,6,30,17],"items_purged":["Regret","Strike_G"],"gold":332,"score":274,"play_id":"4ea9d950-1411-4423-80ae-4364e021769a","is_prod":false,"is_daily":false,"is_ascension_mode":true,"campfire_upgraded":1,"path_taken":["M","?","?","?","$","M","M","?","T","R","M","R","$","?","R","BOSS","M","?","?","M","M","R","E","M"],"build_version":"2018-02-22-PROD1","purchased_purges":2,"victory":false,"master_deck":["Defend_G","Defend_G","Defend_G","Defend_G","Defend_G","Strike_G","Strike_G+1","Strike_G","Survivor","Neutralize","Flying Knee","Caltrops","Quick Slash","Apotheosis+1","Predator","Blade Dance","Well Laid Plans","After Image","Bullet Time","Terror","Finesse","Finesse","Dash"],"max_hp_per_floor":[77,77,77,77,77,77,77,77,77,77,77,77,77,77,77,77,82,82,82,82,82,82,82,82],"relics":["Ring of the Snake","Strawberry","Unceasing Top","Vajra","Tiny House","Enchiridion","Ninja Scroll"],"card_choices":[{"not_picked":["Dagger Throw","Dodge and Roll"],"picked":"Flying Knee"},{"not_picked":["Backflip","Masterful Stab"],"picked":"Predator"},{"not_picked":["Backflip","Unload"],"picked":"Blade Dance"},{"not_picked":["Poisoned Stab","Backflip"],"picked":"Well Laid Plans"},{"not_picked":["Flechettes","Dagger Spray"],"picked":"After Image"},{"not_picked":["Burst","Venomology"],"picked":"Bullet Time"},{"not_picked":["PiercingWail","Backflip"],"picked":"Terror"},{"not_picked":["Flying Knee","Bane"],"picked":"Dash"}],"player_experience":248533,"potions_floor_usage":[16,22,22,24],"damage_taken":[{"damage":0,"enemies":"2 Louse","floor":1,"turns":3},{"damage":0,"enemies":"Cultist","floor":6,"turns":3},{"damage":0,"enemies":"Jaw Worm","floor":7,"turns":4},{"damage":3,"enemies":"Looter","floor":8,"turns":3},{"damage":6,"enemies":"Blue Slaver","floor":11,"turns":3},{"damage":10,"enemies":"Hexaghost","floor":16,"turns":9},{"damage":6,"enemies":"3 Byrds","floor":18,"turns":3},{"damage":8,"enemies":"Spheric Guardian","floor":21,"turns":5},{"damage":7,"enemies":"Centurion and Healer","floor":22,"turns":4},{"damage":13,"enemies":"Book of Stabbing","floor":24,"turns":4},{"damage":20,"enemies":"Snecko","floor":25,"turns":3}],"event_choices":[{"event_name":"Match and Keep!","player_choice":"2 cards matched","floor":2,"damage_taken":0},{"event_name":"Scrap Ooze","player_choice":"success","floor":3,"damage_taken":42},{"event_name":"Golden Shrine","player_choice":"Desecrate","floor":4,"damage_taken":0},{"event_name":"Golden Wing","player_choice":"Card Removal","floor":14,"damage_taken":0},{"event_name":"Knowing Skull","player_choice":"CARD CARD GOLD ","floor":19,"damage_taken":0},{"event_name":"Cursed Tome","player_choice":"Obtained Book","floor":20,"damage_taken":0}],"boss_relics":[{"not_picked":["Snecko Eye","Velvet Choker"],"picked":"Tiny House"}],"potions_floor_spawned":[8,16,22,24],"seed_played":"6496113251546720593","killed_by":"Snecko","ascension_level":6,"is_trial":false}