{"gold_per_floor":[117,38,56,70,81,81,96,96,96,124,124,124],"floor_reached":12,"playtime":639,"items_purged":[],"score":88,"play_id":"87b3a97e-ec4c-4e0a-9290-812f3cdc5cbe","local_time":"20190215221259","is_ascension_mode":true,"campfire_choices":[{"data":"Blade Dance","floor":6,"key":"SMITH"},{"data":"Infinite Blades","floor":8,"key":"SMITH"}],"neow_cost":"NONE","seed_source_timestamp":87798762153166,"circlet_count":0,"master_deck":["Defend_G","Defend_G","Defend_G","Defend_G","Defend_G","Strike_G","Strike_G","Strike_G","Strike_G","Survivor","Neutralize","Infinite Blades+1","Blade Dance+1","Footwork","Escape Plan","Blade Dance","Footwork+1","Burst"],"relics":["Ring of the Snake","Frozen Egg 2","Torii"],"potions_floor_usage":[5,10,10,12],"damage_taken":[{"damage":0,"enemies":"2 Louse","floor":1,"turns":4},{"damage":0,"enemies":"Cultist","floor":3,"turns":4},{"damage":0,"enemies":"Small Slimes","floor":4,"turns":3},{"damage":13,"enemies":"Gremlin Gang","floor":5,"turns":4},{"damage":6,"enemies":"3 Louse","floor":7,"turns":4},{"damage":16,"enemies":"Gremlin Nob","floor":10,"turns":5},{"damage":40,"enemies":"Lagavulin","floor":12,"turns":15}],"seed_played":"-3053028829567911559","potions_obtained":[{"floor":1,"key":"Explosive Potion"},{"floor":3,"key":"LiquidBronze"},{"floor":4,"key":"AttackPotion"},{"floor":7,"key":"Dexterity Potion"}],"is_trial":false,"path_per_floor":["M","$","M","M","M","R","M","R","T","E","?","E"],"character_chosen":"THE_SILENT","items_purchased":["Footwork"],"campfire_rested":0,"item_purchase_floors":[2],"current_hp_per_floor":[70,70,70,70,57,57,51,51,51,35,35,0],"gold":124,"neow_bonus":"THREE_CARDS","is_prod":false,"is_daily":false,"chose_seed":false,"campfire_upgraded":2,"win_rate":0,"timestamp":1550290379,"path_taken":["M","$","M","M","M","R","M","R","T","E","?","E"],"build_version":"2019-01-23","purchased_purges":0,"victory":false,"max_hp_per_floor":[70,70,70,70,70,70,70,70,70,70,70,70],"card_choices":[{"not_picked":["Slice","Predator"],"picked":"Infinite Blades","floor":0},{"not_picked":["Setup","Outmaneuver"],"picked":"Blade Dance","floor":1},{"not_picked":["PiercingWail","Dagger Spray","Flechettes"],"picked":"SKIP","floor":3},{"not_picked":["Prepared","Dagger Spray"],"picked":"Escape Plan","floor":4},{"not_picked":["Outmaneuver","Heel Hook","Concentrate"],"picked":"SKIP","floor":5},{"not_picked":["Outmaneuver","Well Laid Plans"],"picked":"Blade Dance","floor":7},{"not_picked":["Calculated Gamble","Caltrops+1"],"picked":"Footwork+1","floor":10}],"player_experience":181156,"relics_obtained":[{"floor":9,"key":"Frozen Egg 2"},{"floor":10,"key":"Torii"}],"event_choices":[{"damage_healed":0,"gold_gain":0,"cards_transformed":["Strike_G"],"player_choice":"Transformed","damage_taken":0,"max_hp_gain":0,"max_hp_loss":0,"event_name":"Transmorgrifier","floor":11,"gold_loss":0,"cards_obtained":["Burst"]}],"is_beta":false,"boss_relics":[],"items_purged_floors":[],"is_endless":false,"potions_floor_spawned":[1,3,4,7],"killed_by":"Lagavulin","ascension_level":2}