{"gold_per_floor":[118,131,206,217,231,231,231,231,254,317,327,342,342,342,342,342],"floor_reached":16,"playtime":516,"items_purged":[],"score":128,"play_id":"db6bfb03-5555-4b10-a43b-198fa0db6d49","local_time":"20190303184925","is_ascension_mode":true,"campfire_choices":[{"data":"Rampage","floor":6,"key":"SMITH"},{"data":"Iron Wave","floor":8,"key":"SMITH"},{"data":"True Grit","floor":13,"key":"SMITH"},{"data":"Whirlwind","floor":15,"key":"SMITH"}],"neow_cost":"TEN_PERCENT_HP_LOSS","seed_source_timestamp":155691162950823,"circlet_count":0,"master_deck":["Strike_R","Strike_R","Strike_R","Defend_R","Defend_R","Defend_R","Defend_R","Bash","Armaments","Rampage+1","Iron Wave+1","Anger","Twin Strike","Pommel Strike","Whirlwind+1","True Grit+1"],"relics":["Burning Blood","Omamori","Tiny Chest"],"potions_floor_usage":[5,12],"damage_taken":[{"damage":2,"enemies":"2 Louse","floor":1,"turns":3},{"damage":2,"enemies":"Jaw Worm","floor":2,"turns":3},{"damage":0,"enemies":"Cultist","floor":4,"turns":3},{"damage":0,"enemies":"3 Louse","floor":5,"turns":4},{"damage":30,"enemies":"Lagavulin","floor":10,"turns":7},{"damage":11,"enemies":"Large Slime","floor":11,"turns":5},{"damage":3,"enemies":"Blue Slaver","floor":12,"turns":4},{"damage":62,"enemies":"The Guardian","floor":16,"turns":10}],"seed_played":"-2895764913787263071","potions_obtained":[{"floor":1,"key":"LiquidBronze"},{"floor":4,"key":"PowerPotion"},{"floor":5,"key":"Regen Potion"},{"floor":11,"key":"SteroidPotion"},{"floor":12,"key":"Energy Potion"}],"is_trial":false,"path_per_floor":["M","M","?","M","M","R","?","R","T","E","M","M","R","?","R","B"],"character_chosen":"IRONCLAD","items_purchased":[],"campfire_rested":0,"item_purchase_floors":[],"current_hp_per_floor":[72,72,61,67,72,72,72,72,72,48,43,55,55,55,55,0],"gold":342,"neow_bonus":"TRANSFORM_TWO_CARDS","is_prod":false,"is_daily":false,"chose_seed":false,"campfire_upgraded":4,"win_rate":0,"timestamp":1551660565,"path_taken":["M","M","?","M","M","R","?","R","T","E","M","?","R","?","R","BOSS"],"build_version":"2019-01-23","purchased_purges":0,"victory":false,"max_hp_per_floor":[72,72,72,72,72,72,72,72,72,72,72,72,72,72,72,72],"card_choices":[{"not_picked":["Corruption","Reckless Charge"],"picked":"Rampage","floor":1},{"not_picked":["Havoc","Pommel Strike"],"picked":"Iron Wave","floor":2},{"not_picked":["Shockwave","Rampage"],"picked":"Anger","floor":4},{"not_picked":["Pommel Strike","Warcry"],"picked":"Twin Strike","floor":5},{"not_picked":["Limit Break","Wild Strike"],"picked":"Pommel Strike","floor":10},{"not_picked":["Sword Boomerang","Burning Pact"],"picked":"Whirlwind","floor":11},{"not_picked":["Thunderclap","Clothesline"],"picked":"True Grit","floor":12}],"player_experience":291460,"relics_obtained":[{"floor":9,"key":"Omamori"},{"floor":10,"key":"Tiny Chest"}],"event_choices":[{"damage_healed":0,"gold_gain":75,"player_choice":"Gather Gold","damage_taken":11,"max_hp_gain":0,"max_hp_loss":0,"event_name":"World of Goop","floor":3,"gold_loss":0},{"damage_healed":0,"gold_gain":0,"player_choice":"Full Heal","damage_taken":0,"max_hp_gain":0,"max_hp_loss":0,"event_name":"Wheel of Change","floor":7,"gold_loss":0},{"cards_removed":["Reckless Charge"],"damage_healed":0,"gold_gain":0,"player_choice":"Forget","damage_taken":0,"max_hp_gain":0,"max_hp_loss":0,"event_name":"Living Wall","floor":14,"gold_loss":0}],"is_beta":false,"boss_relics":[],"items_purged_floors":[],"is_endless":false,"potions_floor_spawned":[1,4,5,11,12],"killed_by":"The Guardian","ascension_level":5}