{"gold_per_floor":[111,111,127,145,155,155,13,27,54,67,67,141,141,173,173,173],"floor_reached":16,"playtime":610,"items_purged":[],"score":128,"play_id":"e2751a08-6f1e-46f9-af33-09e7bfda495b","local_time":"20190303171615","is_ascension_mode":true,"campfire_choices":[{"data":"Footwork","floor":6.0,"key":"SMITH"},{"data":"Crippling Poison","floor":11,"key":"SMITH"},{"data":"Dash","floor":13,"key":"SMITH"},{"data":"Dagger Spray","floor":15,"key":"SMITH"}],"neow_cost":"NONE","seed_source_timestamp":151903581163729,"circlet_count":0,"master_deck":["Defend_G","Defend_G","Defend_G","Defend_G","Defend_G","Strike_G","Strike_G","Strike_G","Strike_G+1","Survivor","Neutralize","Footwork+1","Poisoned Stab+1","Crippling Poison+1","Terror","Dash+1","Deflect","Dagger Spray+1","Leg Sweep","Escape Plan"],"special_seed":0,"relics":["Ring of the Snake","Whetstone"],"potions_floor_usage":[16],"damage_taken":[{"damage":0.0,"enemies":"Jaw Worm","floor":1.0,"turns":5.0},{"damage":0.0,"enemies":"Cultist","floor":3.0,"turns":5.0},{"damage":0.0,"enemies":"2 Louse","floor":4.0,"turns":3.0},{"damage":0.0,"enemies":"2 Fungi Beasts","floor":5.0,"turns":4.0},{"damage":7.0,"enemies":"Red Slaver","floor":8.0,"turns":6.0},{"damage":3,"enemies":"Blue Slaver","floor":10,"turns":2},{"damage":10,"enemies":"Lagavulin","floor":14,"turns":7},{"damage":53,"enemies":"Slime Boss","floor":16,"turns":14}],"seed_played":"-1830844908499024833","potions_obtained":[{"floor":0.0,"key":"AttackPotion"},{"floor":0.0,"key":"EssenceOfSteel"},{"floor":0.0,"key":"Block Potion"},{"floor":4.0,"key":"Strength Potion"},{"floor":8.0,"key":"GamblersBrew"},{"floor":10,"key":"Energy Potion"},{"floor":14,"key":"Dexterity Potion"}],"is_trial":false,"path_per_floor":["M","?","M","M","M","R","$","M","T","M","R","?","R","E","R","B"],"character_chosen":"THE_SILENT","items_purchased":["Dash","Deflect","Dagger Spray"],"campfire_rested":0,"item_purchase_floors":[7,7,7],"current_hp_per_floor":[70,70,70,70,70,70,70,63,63,60,60,60,60,50,50,0],"gold":173,"neow_bonus":"THREE_SMALL_POTIONS","is_prod":false,"is_daily":false,"chose_seed":false,"campfire_upgraded":4,"win_rate":0,"timestamp":1551654975,"path_taken":["M","?","M","M","M","R","$","?","T","M","R","?","R","E","R","BOSS"],"build_version":"2019-01-23","purchased_purges":0,"victory":false,"max_hp_per_floor":[70,70,70,70,70,70,70,70,70,70,70,70,70,70,70,70],"card_choices":[{"not_picked":["Sucker Punch","Blade Dance"],"picked":"Footwork","floor":1.0},{"not_picked":["Flying Knee","Prepared"],"picked":"Poisoned Stab","floor":3.0},{"not_picked":["Flechettes","Choke"],"picked":"Crippling Poison","floor":4.0},{"not_picked":["Choke","Prepared"],"picked":"Terror","floor":5.0},{"not_picked":["Sucker Punch","Bane","Eviscerate"],"picked":"SKIP","floor":8.0},{"not_picked":["Crippling Poison","Underhanded Strike"],"picked":"Leg Sweep","floor":10},{"not_picked":["PiercingWail","Grand Finale"],"picked":"Escape Plan","floor":14}],"player_experience":287828,"relics_obtained":[{"floor":14,"key":"Whetstone"}],"event_choices":[{"cards_removed":["Strike_G"],"damage_healed":0.0,"max_hp_gain":0.0,"max_hp_loss":0.0,"gold_gain":0.0,"event_name":"Wheel of Change","player_choice":"Card Removal","floor":2.0,"gold_loss":0.0,"damage_taken":0.0},{"damage_healed":0,"gold_gain":74,"player_choice":"Gained Gold","damage_taken":0,"max_hp_gain":0,"max_hp_loss":0,"event_name":"Golden Wing","floor":12,"gold_loss":0}],"is_beta":false,"boss_relics":[],"items_purged_floors":[],"is_endless":false,"potions_floor_spawned":[4,8,10,14],"killed_by":"Slime Boss","ascension_level":5}