{"gold_per_floor":[111,123,123,123,137,168,168,187,210,237,174,174,174,74,74,203,203,219,134,134,233,253,253,89,112,188,212,232,232,232],"floor_reached":30,"playtime":1664,"items_purged":["Strike_B","Strike_B","Defend_B"],"score":242,"play_id":"015378bc-727e-40af-b03e-0f5c55a3ac24","local_time":"20180903194242","is_ascension_mode":true,"campfire_choices":[{"floor":7,"key":"REST"},{"floor":12,"key":"REST"},{"data":"1","floor":15,"key":"LIFT"},{"data":"2","floor":23,"key":"LIFT"},{"floor":29,"key":"REST"}],"neow_cost":"TEN_PERCENT_HP_LOSS","seed_source_timestamp":32569043731274,"circlet_count":0,"master_deck":["Strike_B","Defend_B","Defend_B","Zap+1","Dualcast","Beam Cell","Coolheaded","BootSequence","Streamline","Go for the Eyes","Rip and Tear","Darkness","Rainbow","Sweeping Beam","Loop","Consume","Cold Snap","Go for the Eyes","Melter","Coolheaded+1","Self Repair","Chaos+1","FTL","Beam Cell"],"relics":["Cracked Core","Girya","Golden Idol","Art of War","MawBank","Orrery","Bag of Marbles","Ornamental Fan"],"potions_floor_usage":[8,25,27,30],"damage_taken":[{"damage":1,"enemies":"Jaw Worm","floor":1,"turns":3},{"damage":0,"enemies":"Cultist","floor":2,"turns":3},{"damage":2,"enemies":"Small Slimes","floor":5,"turns":3},{"damage":41,"enemies":"3 Sentries","floor":6,"turns":10},{"damage":13,"enemies":"Exordium Thugs","floor":8,"turns":3},{"damage":6,"enemies":"Large Slime","floor":10,"turns":4},{"damage":5,"enemies":"Hexaghost","floor":16,"turns":7},{"damage":14,"enemies":"Shell Parasite","floor":18,"turns":6},{"damage":8,"enemies":"Spheric Guardian","floor":22,"turns":3},{"damage":21,"enemies":"Cultist and Chosen","floor":25,"turns":5},{"damage":30,"enemies":"Sentry and Sphere","floor":27,"turns":4},{"damage":6,"enemies":"Centurion and Healer","floor":28,"turns":4},{"damage":32,"enemies":"Shelled Parasite and Fungi","floor":30,"turns":3}],"seed_played":"-4199663946001684820","potions_obtained":[{"floor":5,"key":"Ancient Potion"},{"floor":6,"key":"PowerPotion"},{"floor":16,"key":"Regen Potion"},{"floor":18,"key":"AttackPotion"},{"floor":27,"key":"Strength Potion"}],"is_trial":false,"path_per_floor":["M","M","?","?","M","E","R","M","T","M","$","R","?","$","R","B",null,"M","?","?","?","M","R","$","M","T","M","M","R"],"character_chosen":"DEFECT","items_purchased":["Self Repair"],"campfire_rested":3,"item_purchase_floors":[24],"current_hp_per_floor":[67,67,67,50,48,7,27,14,14,8,8,28,28,28,28,23,68,54,54,54,54,46,46,46,25,25,11,5,25,0],"gold":232,"neow_bonus":"ONE_RARE_RELIC","is_prod":false,"is_daily":false,"chose_seed":false,"campfire_upgraded":0,"win_rate":0,"timestamp":1536028962,"path_taken":["M","M","?","?","M","E","R","M","T","M","$","R","?","?","R","BOSS","M","?","?","?","M","R","$","M","T","M","M","R","M"],"build_version":"2018-08-30","purchased_purges":3,"victory":false,"max_hp_per_floor":[68,68,68,68,68,68,68,68,68,68,68,68,68,68,68,68,68,68,68,68,68,68,68,68,68,68,68,68,68,68],"card_choices":[{"not_picked":["Ball Lightning","Streamline"],"picked":"Beam Cell","floor":1},{"not_picked":["Aggregate","Steam"],"picked":"Coolheaded","floor":2},{"not_picked":["Barrage","Tempest"],"picked":"BootSequence","floor":5},{"not_picked":["Go for the Eyes","FTL"],"picked":"Streamline","floor":6},{"not_picked":["Ball Lightning","Buffer"],"picked":"Go for the Eyes","floor":8},{"not_picked":["Aggregate","Coolheaded"],"picked":"Rip and Tear","floor":10},{"not_picked":["Meteor Strike","Fission"],"picked":"Rainbow","floor":16},{"not_picked":["Ball Lightning","Auto Shields"],"picked":"Sweeping Beam","floor":17},{"not_picked":["Lockon","Hello World"],"picked":"Loop","floor":17},{"not_picked":["Hello World","Chill"],"picked":"Consume","floor":17},{"not_picked":["BootSequence","Barrage"],"picked":"Cold Snap","floor":17},{"not_picked":["Undo","Fusion"],"picked":"Go for the Eyes","floor":17},{"not_picked":["Coolheaded","Aggregate+1"],"picked":"Melter","floor":18},{"not_picked":["Redo","BootSequence+1"],"picked":"Coolheaded+1","floor":22},{"not_picked":["Cold Snap+1","Hologram"],"picked":"Chaos+1","floor":25},{"not_picked":["Rebound","Hologram"],"picked":"FTL","floor":27},{"not_picked":["Biased Cognition","Undo"],"picked":"Beam Cell","floor":28}],"player_experience":115937,"relics_obtained":[{"floor":6,"key":"Art of War"},{"floor":9,"key":"MawBank"},{"floor":26,"key":"Ornamental Fan"}],"event_choices":[{"event_name":"Upgrade Shrine","player_choice":"Upgraded","floor":3,"damage_taken":0},{"event_name":"Golden Idol","player_choice":"Take Damage","floor":4,"damage_taken":0},{"event_name":"Transmorgrifier","player_choice":"Transform","floor":13,"damage_taken":0},{"event_name":"Addict","player_choice":"Obtained Relic","floor":19,"damage_taken":0},{"event_name":"Back to Basics","player_choice":"Elegance","floor":20,"damage_taken":0},{"event_name":"Nest","player_choice":"Stole From Cult","floor":21,"damage_taken":0}],"is_beta":false,"boss_relics":[{"not_picked":["Lizard Tail","Busted Crown"],"picked":"Orrery"}],"items_purged_floors":[11,14,24],"is_endless":false,"potions_floor_spawned":[5,6,16,18,27],"killed_by":"Shelled Parasite and Fungi","ascension_level":1}