{"path_per_floor":["M","?","M","M","?","E","R","M","T","R","M","E","R","M","R","B",null,"M","?","M","$","?","R","E","?","T","M","?"],"character_chosen":"IRONCLAD","items_purchased":[],"gold_per_floor":[110,110,123,136,236,263,263,274,298,298,309,341,341,352,352,457,457,473,473,443,383,298,298,327,427,457,469,469],"floor_reached":29,"campfire_rested":3,"playtime":1688,"current_hp_per_floor":[70,70,62,61,61,13,34,29,29,65,61,54,54,60,60,20,72,48,48,18,18,18,54,17,17,17,19,19],"items_purged":["Strike_R"],"gold":469,"score":278,"play_id":"dd639476-6771-4ead-b67b-d9beeaba6a57","is_prod":false,"is_daily":false,"is_ascension_mode":true,"campfire_upgraded":0,"path_taken":["M","?","M","M","?","E","R","M","T","R","M","E","R","M","R","BOSS","M","?","M","$","?","R","E","?","T","M","?","M"],"build_version":"2018-02-22-PROD2","purchased_purges":1,"victory":false,"master_deck":["Strike_R+1","Strike_R+1","Strike_R+1","Strike_R+1","Defend_R+1","Defend_R+1","Defend_R+1","Defend_R+1","Bash","Cleave","Armaments","Clothesline","Disarm","Shrug It Off","Headbutt","Feed","Reaper","Sentinel","Spot Weakness+1","Flex+1","Sword Boomerang"],"max_hp_per_floor":[72,72,72,72,72,72,72,72,72,72,72,72,72,72,72,72,72,72,72,72,72,72,72,72,72,72,72,72],"relics":["Burning Blood","Shovel","The Courier","Regal Pillow","Lantern","Bottled Lightning","Mercury Hourglass","Black Star","Oddly Smooth Stone","Bronze Scales","Juzu Bracelet","Tiny Chest"],"card_choices":[{"not_picked":["Disarm","Combust"],"picked":"Cleave"},{"not_picked":["Demon Form","Thunderclap"],"picked":"Armaments"},{"not_picked":["Body Slam","True Grit"],"picked":"Clothesline"},{"not_picked":["Twin Strike","Thunderclap"],"picked":"Disarm"},{"not_picked":["Fire Breathing","Second Wind"],"picked":"Shrug It Off"},{"not_picked":["Impervious","Heavy Blade"],"picked":"Headbutt"},{"not_picked":["Immolate","Impervious"],"picked":"Feed"},{"not_picked":["Combust","Clash"],"picked":"Spot Weakness"},{"not_picked":["Warcry","Spot Weakness"],"picked":"Flex"},{"not_picked":["True Grit","Body Slam"],"picked":"Sword Boomerang"}],"player_experience":273025,"potions_floor_usage":[6,11,12,24,27,29],"damage_taken":[{"damage":8,"enemies":"Jaw Worm","floor":1,"turns":4},{"damage":14,"enemies":"2 Louse","floor":3,"turns":3},{"damage":7,"enemies":"Small Slimes","floor":4,"turns":3},{"damage":54,"enemies":"Lagavulin","floor":6,"turns":8},{"damage":11,"enemies":"Blue Slaver","floor":8,"turns":6},{"damage":10,"enemies":"Gremlin Gang","floor":11,"turns":3},{"damage":28,"enemies":"3 Sentries","floor":12,"turns":9},{"damage":0,"enemies":"Large Slime","floor":14,"turns":8},{"damage":46,"enemies":"Slime Boss","floor":16,"turns":11},{"damage":30,"enemies":"Chosen","floor":18,"turns":8},{"damage":36,"enemies":"2 Thieves","floor":20,"turns":5},{"damage":55,"enemies":"Book of Stabbing","floor":24,"turns":10},{"damage":15,"enemies":"Snake Plant","floor":27,"turns":5},{"damage":2,"enemies":"Centurion and Healer","floor":29,"turns":6}],"event_choices":[{"event_name":"Liars Game","player_choice":"disagreed","floor":2,"damage_taken":0},{"event_name":"Golden Shrine","player_choice":"Pray","floor":5,"damage_taken":0},{"event_name":"Match and Keep!","player_choice":"2 cards matched","floor":19,"damage_taken":0},{"event_name":"Match and Keep!","player_choice":"2 cards matched","floor":19,"damage_taken":0},{"event_name":"Match and Keep!","player_choice":"2 cards matched","floor":19,"damage_taken":0},{"event_name":"Addict","player_choice":"Obtained Relic","floor":22,"damage_taken":0},{"event_name":"Golden Shrine","player_choice":"Pray","floor":25,"damage_taken":0},{"event_name":"Back to Basics","player_choice":"Simplicity","floor":28,"damage_taken":0}],"boss_relics":[{"not_picked":["Pandora\u0027s Box","Velvet Choker"],"picked":"Black Star"}],"potions_floor_spawned":[1,3,8,12,14,27],"seed_played":"3010459802985910841","killed_by":"Centurion and Healer","ascension_level":2,"is_trial":false}