{"gold_per_floor":[114,132,132,162,162,162,87,87,87,112,112,144,44,59,59,164,164,178,9,22,22,39,39,55,55],"floor_reached":25,"playtime":646,"items_purged":["Defend_R","Defend_R"],"score":328,"play_id":"6652ef64-3a42-4448-b63e-002afb04f17b","local_time":"20180722144506","is_ascension_mode":true,"campfire_choices":[{"data":"Shrug It Off","floor":6,"key":"SMITH"},{"data":"Bash","floor":8,"key":"SMITH"},{"data":"Sword Boomerang","floor":11,"key":"SMITH"},{"data":"Limit Break","floor":15,"key":"SMITH"},{"floor":23,"key":"REST"}],"neow_cost":"NONE","seed_source_timestamp":12445401274607,"circlet_count":0,"master_deck":["Strike_R","Strike_R","Strike_R+1","Strike_R","Strike_R","Defend_R","Defend_R","Bash+1","Shrug It Off+1","Inflame+1","Sword Boomerang+1","Limit Break+1","Sever Soul+1","Thunderclap+1"],"relics":["Burning Blood","NeowsBlessing","Tiny Chest","Calipers","Nunchaku","Molten Egg 2","Fusion Hammer","Regal Pillow"],"potions_floor_usage":[16,16,16,20,22,22],"damage_taken":[{"damage":0,"enemies":"Small Slimes","floor":1,"turns":1},{"damage":0,"enemies":"Jaw Worm","floor":2,"turns":1},{"damage":0,"enemies":"3 Sentries","floor":10,"turns":2},{"damage":16,"enemies":"Gremlin Nob","floor":12,"turns":3},{"damage":0,"enemies":"2 Louse","floor":14,"turns":2},{"damage":16,"enemies":"Hexaghost","floor":16,"turns":6},{"damage":7,"enemies":"Shell Parasite","floor":18,"turns":2},{"damage":37,"enemies":"2 Thieves","floor":20,"turns":4},{"damage":3,"enemies":"Cultist and Chosen","floor":22,"turns":3},{"damage":17,"enemies":"3 Cultists","floor":24,"turns":4},{"damage":79,"enemies":"Slavers","floor":25,"turns":5}],"seed_played":"3278071358624112187","potions_obtained":[{"floor":1,"key":"EntropicBrew"},{"floor":16,"key":"EssenceOfSteel"},{"floor":20,"key":"AttackPotion"},{"floor":22,"key":"LiquidBronze"}],"is_trial":false,"path_per_floor":["M","M","?","T","?","R","$","R","T","E","R","E","$","M","R","B",null,"M","$","M","?","M","R","M"],"character_chosen":"IRONCLAD","items_purchased":["Regal Pillow","Thunderclap+1"],"campfire_rested":1,"item_purchase_floors":[19,19],"current_hp_per_floor":[78,80,64,64,69,69,69,69,69,75,75,65,65,71,71,61,79,78,78,47,47,50,85,74,0],"gold":55,"neow_bonus":"THREE_ENEMY_KILL","is_prod":false,"is_daily":false,"chose_seed":false,"campfire_upgraded":4,"win_rate":0,"timestamp":1532281506,"path_taken":["M","M","?","?","?","R","?","R","T","E","R","E","$","M","R","BOSS","M","$","M","?","M","R","M","E"],"build_version":"2018-07-19","purchased_purges":2,"victory":false,"max_hp_per_floor":[80,80,80,80,85,85,85,85,85,85,85,85,85,85,85,85,85,85,85,85,85,85,85,85,85],"card_choices":[{"not_picked":["Seeing Red","Body Slam"],"picked":"Shrug It Off","floor":1},{"not_picked":["Wild Strike","Carnage"],"picked":"Inflame","floor":2},{"not_picked":["Seeing Red","Hemokinesis"],"picked":"Sword Boomerang","floor":10},{"not_picked":["Rupture","Havoc"],"picked":"Limit Break","floor":12},{"not_picked":["Havoc","Thunderclap+1"],"picked":"Sever Soul+1","floor":14},{"not_picked":["Shrug It Off","Spot Weakness","Reckless Charge+1"],"picked":"SKIP","floor":18},{"not_picked":["Sword Boomerang+1","True Grit","Thunderclap+1"],"picked":"SKIP","floor":20},{"not_picked":["Blood for Blood+1","Corruption","Armaments"],"picked":"SKIP","floor":22},{"not_picked":["Inflame","Shrug It Off+1","Armaments"],"picked":"SKIP","floor":24}],"player_experience":836274,"relics_obtained":[{"floor":4,"key":"Tiny Chest"},{"floor":9,"key":"Calipers"},{"floor":10,"key":"Nunchaku"},{"floor":12,"key":"Molten Egg 2"}],"event_choices":[{"event_name":"Shining Light","player_choice":"Entered Light","floor":3,"damage_taken":0},{"event_name":"Big Fish","player_choice":"Donut","floor":5,"damage_taken":0},{"event_name":"Addict","player_choice":"Ignored","floor":21,"damage_taken":0}],"is_beta":true,"boss_relics":[{"not_picked":["Runic Cube","Black Blood"],"picked":"Fusion Hammer"}],"items_purged_floors":[7,13],"is_endless":false,"potions_floor_spawned":[1,16,20,22],"killed_by":"Slavers","ascension_level":8}