{"gold_per_floor":[112,112,18,18,18,348,348,368,394,424,436,449,449,459,459,556,556,569,569,569,584,635,635],"floor_reached":23,"playtime":1230,"items_purged":[],"score":257,"play_id":"e60b6c65-5a7d-4030-9bbb-642c3115f2de","local_time":"20190313231644","is_ascension_mode":true,"campfire_choices":[{"data":"Neutralize","floor":7.0,"key":"SMITH"},{"data":"Leg Sweep","floor":13.0,"key":"SMITH"},{"data":"Glass Knife","floor":15.0,"key":"SMITH"}],"neow_cost":"NONE","seed_source_timestamp":56972724259548,"circlet_count":0,"master_deck":["Defend_G","Defend_G","Defend_G","Defend_G","Defend_G","Strike_G","Strike_G","Strike_G","Strike_G","Strike_G","Survivor","Neutralize+1","Infinite Blades+1","Flash of Steel","Leg Sweep+1","PiercingWail","Deadly Poison","Escape Plan","Glass Knife+1","Malaise","PiercingWail"],"special_seed":0,"relics":["Ring of the Snake","NeowsBlessing","Old Coin","Boot","Sozu","Pen Nib"],"potions_floor_usage":[23],"damage_taken":[{"damage":0.0,"enemies":"Small Slimes","floor":1.0,"turns":1.0},{"damage":0.0,"enemies":"3 Sentries","floor":6.0,"turns":1.0},{"damage":0.0,"enemies":"Jaw Worm","floor":8.0,"turns":1.0},{"damage":0.0,"enemies":"2 Louse","floor":11.0,"turns":3.0},{"damage":7.0,"enemies":"Large Slime","floor":12.0,"turns":7.0},{"damage":0.0,"enemies":"Exordium Wildlife","floor":14.0,"turns":3.0},{"damage":64.0,"enemies":"Slime Boss","floor":16.0,"turns":15.0},{"damage":19.0,"enemies":"Shell Parasite","floor":18.0,"turns":7.0},{"damage":16.0,"enemies":"2 Thieves","floor":21.0,"turns":4.0},{"damage":15,"enemies":"Slavers","floor":23,"turns":3}],"seed_played":"291159554377626960","potions_obtained":[{"floor":1.0,"key":"FearPotion"},{"floor":6.0,"key":"SpeedPotion"},{"floor":8.0,"key":"FearPotion"},{"floor":11.0,"key":"AttackPotion"},{"floor":16.0,"key":"PowerPotion"}],"is_trial":false,"path_per_floor":["M","?","$","?","?","E","R","M","T","?","M","M","R","M","R","B",null,"M","?","?","M","T","E"],"character_chosen":"THE_SILENT","items_purchased":["Flash of Steel"],"campfire_rested":0,"item_purchase_floors":[3],"current_hp_per_floor":[70,75,75,75,75,75,75,75,75,75,75,68,68,68,68,4,75,56,42,42,26,26,11],"gold":635,"neow_bonus":"THREE_ENEMY_KILL","is_prod":false,"is_daily":false,"chose_seed":false,"campfire_upgraded":3,"win_rate":0,"timestamp":1552533404,"path_taken":["M","?","$","?","?","E","R","M","T","?","M","M","R","M","R","BOSS","M","?","?","M","?","E"],"build_version":"2019-01-23","purchased_purges":0,"victory":false,"max_hp_per_floor":[70,75,75,75,75,75,75,75,75,75,75,75,75,75,75,75,75,75,80,80,80,80,80],"card_choices":[{"not_picked":["Acrobatics","Calculated Gamble"],"picked":"Infinite Blades","floor":1.0},{"not_picked":["Bane","Blade Dance"],"picked":"Leg Sweep","floor":6.0},{"not_picked":["Blur","Slice"],"picked":"PiercingWail","floor":8.0},{"not_picked":["Escape Plan","Acrobatics"],"picked":"Deadly Poison","floor":11.0},{"not_picked":["Dodge and Roll","Acrobatics"],"picked":"Escape Plan","floor":12.0},{"not_picked":["Dagger Throw","Quick Slash"],"picked":"Glass Knife","floor":14.0},{"not_picked":["Phantasmal Killer","Burst"],"picked":"Malaise","floor":16.0},{"not_picked":["Distraction","Sucker Punch","Flying Knee+1"],"picked":"SKIP","floor":18.0},{"not_picked":["Tactician+1","Bane"],"picked":"PiercingWail","floor":21}],"player_experience":1234153,"relics_obtained":[{"floor":6.0,"key":"Old Coin"},{"floor":9.0,"key":"Boot"},{"floor":22,"key":"Pen Nib"}],"event_choices":[{"damage_healed":0.0,"max_hp_gain":5.0,"max_hp_loss":0.0,"gold_gain":0.0,"event_name":"Big Fish","player_choice":"Donut","floor":2.0,"gold_loss":0.0,"damage_taken":0.0},{"damage_healed":0.0,"max_hp_gain":0.0,"max_hp_loss":0.0,"gold_gain":0.0,"event_name":"The Cleric","player_choice":"Leave","floor":4.0,"gold_loss":0.0,"damage_taken":0.0},{"damage_healed":0.0,"max_hp_gain":0.0,"max_hp_loss":0.0,"gold_gain":0.0,"event_name":"Living Wall","player_choice":"Grow","floor":5.0,"gold_loss":0.0,"damage_taken":0.0,"cards_upgraded":["Infinite Blades"]},{"damage_healed":0.0,"max_hp_gain":0.0,"max_hp_loss":0.0,"gold_gain":30.0,"event_name":"Dead Adventurer","player_choice":"Searched \u00271\u0027 times","floor":10.0,"gold_loss":0.0,"damage_taken":0.0},{"damage_healed":0.0,"max_hp_gain":5.0,"max_hp_loss":0.0,"gold_gain":0.0,"event_name":"Forgotten Altar","player_choice":"Shed Blood","floor":19.0,"gold_loss":0.0,"damage_taken":19.0},{"damage_healed":0.0,"max_hp_gain":0.0,"max_hp_loss":0.0,"gold_gain":0.0,"event_name":"Ghosts","player_choice":"Ignored","floor":20.0,"gold_loss":0.0,"damage_taken":0.0}],"is_beta":false,"boss_relics":[{"not_picked":["Runic Dome","Ectoplasm"],"picked":"Sozu"}],"items_purged_floors":[],"is_endless":false,"potions_floor_spawned":[1,6,8,11,16,18],"killed_by":"Slavers","ascension_level":4}