{"path_per_floor":["M","?","M","?","$","E","R","E","T","T","?","M","$","M","R","B",null,"M","?","M","?","M","M","M","R","T","M","R","M","$","?","R","B",null,"M","?","$","?","M","R","E","T","T","T","?","M","R","M","R"],"character_chosen":"THE_SILENT","items_purchased":["Bullet Time","All Out Attack","Bronze Scales","Vajra"],"gold_per_floor":[117,292,302,302,150,181,181,211,235,235,202,213,25,43,43,143,143,158,158,174,99,113,129,143,143,143,160,160,174,74,74,74,170,170,188,188,43,43,56,56,90,90,135,135,135,153,153,167,167],"floor_reached":50,"campfire_rested":5,"playtime":3048,"current_hp_per_floor":[63,63,63,49,49,49,49,29,36,36,36,36,36,25,48,16,62,60,60,52,52,32,24,18,41,41,36,59,55,55,55,55,40,68,32,32,32,51,51,51,17,17,17,17,17,17,40,46,69],"items_purged":["Doubt","Pain"],"gold":167,"score":662,"play_id":"48643e88-800d-4b78-aeaf-add6eb1184fb","is_prod":false,"is_daily":false,"is_ascension_mode":true,"campfire_upgraded":3,"path_taken":["M","?","?","?","?","E","R","E","T","?","?","M","$","M","R","BOSS","M","?","M","?","?","M","M","R","T","M","R","M","$","?","R","BOSS","M","?","$","?","M","R","E","?","T","?","?","?","R","M","R","BOSS"],"build_version":"2018-02-22-PROD2","purchased_purges":2,"victory":false,"master_deck":["Defend_G","Defend_G","Defend_G","Defend_G+1","Strike_G","Strike_G","Strike_G+1","Strike_G","Survivor","Neutralize+1","Infinite Blades","Bullet Time","Well Laid Plans+1","Cloak And Dagger+1","All Out Attack","Adrenaline+1","Parasite","Footwork+1","Dash+1","Riddle With Holes+1","Cloak And Dagger","Escape Plan","Caltrops+1","Unload+1","Dagger Spray+1","Writhe","Prepared+1"],"max_hp_per_floor":[70,70,70,70,70,70,70,70,77,77,77,77,77,77,77,77,77,77,77,77,77,77,77,77,77,77,77,77,77,77,77,77,77,77,77,77,77,77,77,77,77,77,77,77,77,77,77,77,77],"relics":["Ring of the Snake","NeowsBlessing","Bottled Tornado","Frozen Egg 2","Strawberry","Du-Vu Doll","Bronze Scales","Calling Bell","Molten Egg 2","Kunai","Blood Vial","Bag of Marbles","Black Star","Vajra","Tough Bandages","Bottled Flame","Peace Pipe","Snake Skull","Sundial","Meat on the Bone"],"card_choices":[{"not_picked":["Underhanded Strike","Footwork"],"picked":"Infinite Blades"},{"not_picked":["Sucker Punch","Accuracy"],"picked":"Well Laid Plans"},{"not_picked":["Well Laid Plans","Heel Hook"],"picked":"Cloak And Dagger"},{"not_picked":["Quick Slash","Skewer"],"picked":"Adrenaline"},{"not_picked":["Reflex","Underhanded Strike"],"picked":"Footwork"},{"not_picked":["Slice","Choke"],"picked":"Dash"},{"not_picked":["Masterful Stab","Quick Slash"],"picked":"Riddle With Holes"},{"not_picked":["Sucker Punch","Crippling Poison"],"picked":"Cloak And Dagger"},{"not_picked":["Deflect","Quick Slash"],"picked":"Escape Plan"},{"not_picked":["Dash","Deflect"],"picked":"Caltrops"},{"not_picked":["Grand Finale","Venomology"],"picked":"Unload"},{"not_picked":["Poisoned Stab","Riddle With Holes"],"picked":"Dagger Spray"},{"not_picked":["Infinite Blades","Deflect"],"picked":"Prepared"}],"player_experience":319183,"potions_floor_usage":[8,18,18,33,33,39,41,50],"damage_taken":[{"damage":0,"enemies":"Jaw Worm","floor":1,"turns":1},{"damage":0,"enemies":"2 Louse","floor":3,"turns":1},{"damage":0,"enemies":"Gremlin Nob","floor":6,"turns":1},{"damage":20,"enemies":"3 Sentries","floor":8,"turns":8},{"damage":0,"enemies":"Cultist","floor":12,"turns":3},{"damage":11,"enemies":"Large Slime","floor":14,"turns":4},{"damage":32,"enemies":"The Guardian","floor":16,"turns":12},{"damage":4,"enemies":"Spheric Guardian","floor":18,"turns":3},{"damage":10,"enemies":"Shell Parasite","floor":20,"turns":4},{"damage":22,"enemies":"Snake Plant","floor":22,"turns":5},{"damage":10,"enemies":"Chosen and Byrds","floor":23,"turns":6},{"damage":8,"enemies":"Centurion and Healer","floor":24,"turns":4},{"damage":7,"enemies":"Sentry and Sphere","floor":27,"turns":5},{"damage":6,"enemies":"Snecko","floor":29,"turns":4},{"damage":17,"enemies":"Collector","floor":33,"turns":11},{"damage":38,"enemies":"3 Darklings","floor":35,"turns":6},{"damage":2,"enemies":"Orb Walker","floor":39,"turns":3},{"damage":36,"enemies":"Giant Head","floor":41,"turns":9},{"damage":14,"enemies":"4 Shapes","floor":46,"turns":9},{"damage":8,"enemies":"Sphere and 2 Shapes","floor":48,"turns":4},{"damage":90,"enemies":"Donu and Deca","floor":50,"turns":6}],"event_choices":[{"event_name":"Liars Game","player_choice":"agreed","floor":2,"damage_taken":0},{"event_name":"Shining Light","player_choice":"Entered Light","floor":4,"damage_taken":0},{"event_name":"World of Goop","player_choice":"Left","floor":11,"damage_taken":0},{"event_name":"Purifier","player_choice":"One Purge","floor":19,"damage_taken":0},{"event_name":"Beggar","player_choice":"Gave Gold","floor":21,"damage_taken":0},{"event_name":"The Lab","player_choice":"Got Potions","floor":31,"damage_taken":0},{"event_name":"Winding Halls","player_choice":"Writhe","floor":38,"damage_taken":0},{"event_name":"Accursed Blacksmith","player_choice":"Rummage","floor":45,"damage_taken":0}],"boss_relics":[{"not_picked":["Velvet Choker","Lizard Tail"],"picked":"Calling Bell"},{"not_picked":["White Beast Statue","Orrery"],"picked":"Black Star"}],"potions_floor_spawned":[1,14,16,20,22,29,39,48],"seed_played":"591971929817049685","killed_by":"Donu and Deca","ascension_level":8,"is_trial":false}