{"path_per_floor":["M","$","M","M","?","R","M","R","T","M","R","M","$","?","R","B",null,"M","M","?","$","M","?","$","M","T","$","?","M","$","M","R"],"character_chosen":"THE_SILENT","items_purchased":["A Thousand Cuts","Cloak And Dagger"],"gold_per_floor":[115,40,51,68,68,68,84,84,110,122,122,137,0,0,0,95,95,35,47,47,0,14,14,14,26,51,51,51,69,69,80,80,80],"floor_reached":33,"campfire_rested":2,"playtime":1627,"item_purchase_floors":[13,21],"current_hp_per_floor":[69,69,67,61,61,61,53,53,53,47,47,39,39,39,60,29,70,58,48,48,48,8,8,8,7,7,7,30,27,27,14,35,35],"items_purged":["Strike_G"],"gold":80,"score":237,"play_id":"3dd09e92-9990-4c5c-9781-ea8a35a17d4e","local_time":"20180604211557","is_prod":false,"is_daily":false,"chose_seed":false,"is_ascension_mode":false,"campfire_upgraded":3,"win_rate":0,"timestamp":1528157757,"campfire_choices":[{"data":"Footwork","floor":6,"key":"SMITH"},{"data":"A Thousand Cuts","floor":8,"key":"SMITH"},{"data":"Cloak And Dagger","floor":11,"key":"SMITH"},{"floor":15,"key":"REST"},{"floor":32,"key":"REST"}],"path_taken":["BOSS","M","$","M","M","?","R","M","R","T","M","R","M","$","?","R","BOSS","M","M","?","$","M","?","?","M","T","$","?","M","$","M","R","BOSS"],"build_version":"2018-05-30v2","seed_source_timestamp":0,"purchased_purges":1,"victory":false,"master_deck":["Defend_G","Defend_G","Defend_G","Defend_G","Defend_G","Strike_G","Strike_G","Survivor","Neutralize","Footwork","Sucker Punch","Footwork+1","Calculated Gamble","A Thousand Cuts+1","Cloak And Dagger+1","Noxious Fumes","A Thousand Cuts","Bullet Time","PiercingWail","Cloak And Dagger","Cloak And Dagger"],"max_hp_per_floor":[70,70,70,70,70,70,70,70,70,70,70,70,70,70,70,70,70,70,70,70,70,70,70,70,70,70,70,70,70,70,70,70,70],"relics":["Ring of the Snake"],"card_choices":[{"not_picked":["Cloak And Dagger","Leg Sweep"],"picked":"Footwork","floor":1},{"not_picked":["Quick Slash","PiercingWail"],"picked":"Sucker Punch","floor":3},{"not_picked":["Malaise","PiercingWail"],"picked":"Footwork","floor":4},{"not_picked":["Riddle With Holes","Predator"],"picked":"A Thousand Cuts","floor":7},{"not_picked":["PiercingWail","Dagger Throw"],"picked":"Cloak And Dagger","floor":10},{"not_picked":["Flechettes","Dodge and Roll"],"picked":"Noxious Fumes","floor":12},{"not_picked":["Glass Knife","Doppelganger"],"picked":"Bullet Time","floor":16},{"not_picked":["Underhanded Strike+1","Sucker Punch+1","Reflex+1"],"picked":"SKIP","floor":18},{"not_picked":["Masterful Stab","Flying Knee+1"],"picked":"PiercingWail","floor":19},{"not_picked":["Underhanded Strike+1","Prepared","Sucker Punch"],"picked":"SKIP","floor":22},{"not_picked":["Deadly Poison+1","Cloak And Dagger","Backstab+1"],"picked":"SKIP","floor":25},{"not_picked":["Slice","Well Laid Plans+1","Bane"],"picked":"SKIP","floor":29},{"not_picked":["Prepared","Distraction"],"picked":"Cloak And Dagger","floor":31}],"player_experience":801721,"potions_floor_usage":[10,16,16,22,29],"damage_taken":[{"damage":1,"enemies":"2 Louse","floor":1,"turns":3},{"damage":2,"enemies":"Cultist","floor":3,"turns":6},{"damage":6,"enemies":"Jaw Worm","floor":4,"turns":4},{"damage":8,"enemies":"2 Fungi Beasts","floor":7,"turns":5},{"damage":6,"enemies":"Exordium Thugs","floor":10,"turns":5},{"damage":8,"enemies":"Large Slime","floor":12,"turns":5},{"damage":31,"enemies":"Hexaghost","floor":16,"turns":10},{"damage":12,"enemies":"2 Thieves","floor":18,"turns":4},{"damage":10,"enemies":"Shell Parasite","floor":19,"turns":8},{"damage":40,"enemies":"Sentry and Sphere","floor":22,"turns":10},{"damage":1,"enemies":"Centurion and Healer","floor":25,"turns":7},{"damage":3,"enemies":"Cultist and Chosen","floor":29,"turns":7},{"damage":13,"enemies":"Sentry and Sphere","floor":31,"turns":5},{"damage":0,"enemies":"Automaton","floor":33,"turns":1}],"relics_obtained":[],"event_choices":[{"event_name":"Transmorgrifier","player_choice":"Transform","floor":5,"damage_taken":0},{"event_name":"The Lab","player_choice":"Got Potions","floor":14,"damage_taken":0},{"event_name":"Bonfire Elementals","player_choice":"BASIC","floor":20,"damage_taken":0},{"event_name":"Beggar","player_choice":"Ignored","floor":23,"damage_taken":0},{"event_name":"The Library","player_choice":"Heal","floor":28,"damage_taken":0}],"boss_relics":[{"not_picked":["Runic Dome","Eternal Feather","Astrolabe"]}],"items_purged_floors":[2],"potions_floor_spawned":[3,4,16,22,25],"seed_played":"-2378221359755365222","killed_by":"Automaton","ascension_level":0,"potions_obtained":[{"floor":3,"key":"Strength Potion"},{"floor":4,"key":"Energy Potion"},{"floor":14,"key":"PowerPotion"},{"floor":14,"key":"Poison Potion"},{"floor":16,"key":"Poison Potion"},{"floor":22,"key":"FearPotion"},{"floor":25,"key":"Ancient Potion"}],"is_trial":false}