{"path_per_floor":["M","?","?","?","M","R","E","M","T","?","T","$","R","$","R","B",null,"M","?","$","?","M","R","M","R","T","R","?","M"],"character_chosen":"IRONCLAD","items_purchased":["Shuriken","Flex"],"gold_per_floor":[210,210,210,210,235,235,266,280,280,355,378,41,41,41,41,161,161,185,185,40,40,54,54,69,69,141,141,141,166],"floor_reached":30,"campfire_rested":1,"playtime":1055,"current_hp_per_floor":[73,73,73,53,52,52,44,50,50,39,39,39,39,39,63,21,80,66,66,66,50,48,48,24,24,24,24,24,16],"items_purged":["Strike_R","Strike_R"],"gold":166,"score":224,"play_id":"1e5ac0ec-01fd-4f9c-8176-314507bb3ac8","is_prod":false,"is_daily":false,"is_ascension_mode":false,"campfire_upgraded":5,"path_taken":["M","?","?","?","M","R","E","M","T","?","?","$","R","?","R","BOSS","M","?","$","?","M","R","M","R","T","R","?","M","M"],"build_version":"2018-02-15-PROD1","purchased_purges":2,"victory":false,"master_deck":["Strike_R","Defend_R","Defend_R","Defend_R","Bash+1","Pommel Strike+1","Reckless Charge","Cleave+1","Fiend Fire","Battle Trance+1","Second Wind+1","Twin Strike+1","Flex","Rampage+1","Whirlwind+1","Necronomicurse","Feel No Pain+1"],"max_hp_per_floor":[80,80,80,80,80,80,80,80,80,80,80,80,80,80,80,80,80,80,80,80,80,80,80,80,80,80,80,80,80],"relics":["Burning Blood","Juzu Bracelet","Golden Idol","Gremlin Horn","Bag of Marbles","Blood Vial","Shuriken","Astrolabe","Necronomicon","Kunai"],"card_choices":[{"not_picked":["Combust","Rage"],"picked":"Pommel Strike"},{"not_picked":["Heavy Blade","Thunderclap"],"picked":"Reckless Charge"},{"not_picked":["Perfected Strike","Hemokinesis"],"picked":"Cleave"},{"not_picked":["Dark Embrace","Barricade"],"picked":"Fiend Fire"},{"not_picked":["Shrug It Off","Bloodletting"],"picked":"Rampage"},{"not_picked":["Clash","Clothesline"],"picked":"Whirlwind"},{"not_picked":["Bloodletting","Rampage"],"picked":"Feel No Pain"}],"player_experience":82174,"potions_floor_usage":[7,16,16],"damage_taken":[{"damage":13,"enemies":"Jaw Worm","floor":1,"turns":5},{"damage":7,"enemies":"Cultist","floor":5,"turns":5},{"damage":14,"enemies":"Gremlin Nob","floor":7,"turns":3},{"damage":0,"enemies":"2 Louse","floor":8,"turns":3},{"damage":50,"enemies":"Hexaghost","floor":16,"turns":8},{"damage":20,"enemies":"Spheric Guardian","floor":18,"turns":4},{"damage":10,"enemies":"3 Byrds","floor":22,"turns":4},{"damage":32,"enemies":"Sentry and Sphere","floor":24,"turns":5},{"damage":16,"enemies":"Snake Plant","floor":29,"turns":3},{"damage":22,"enemies":"Snecko","floor":30,"turns":3}],"event_choices":[{"event_name":"Accursed Blacksmith","player_choice":"Rummage","floor":2,"damage_taken":0},{"event_name":"Living Wall","player_choice":"Forget","floor":3,"damage_taken":0},{"event_name":"Golden Idol","player_choice":"Take Damage","floor":4,"damage_taken":0},{"event_name":"World of Goop","player_choice":"Gather Gold","floor":10,"damage_taken":0},{"event_name":"Vampires","player_choice":"Ignored","floor":19,"damage_taken":0},{"event_name":"Cursed Tome","player_choice":"Obtained Book","floor":21,"damage_taken":0},{"event_name":"Back to Basics","player_choice":"Elegance","floor":28,"damage_taken":0}],"boss_relics":[{"not_picked":["Runic Pyramid","Pandora\u0027s Box"],"picked":"Astrolabe"}],"potions_floor_spawned":[1,5,8,22],"seed_played":"-906211819444036735","killed_by":"Snecko","ascension_level":0,"is_trial":false}