{"gold_per_floor":[111,111,124,124,144,144,176,176,176,190,190,224,224,243,243,243],"floor_reached":16,"playtime":503,"items_purged":[],"score":224,"play_id":"a06b44d8-efbd-466d-b313-48c716215950","local_time":"20180721191924","is_ascension_mode":true,"campfire_choices":[{"data":"Perfected Strike","floor":6,"key":"SMITH"},{"data":"Perfected Strike","floor":8,"key":"SMITH"},{"data":"Offering","floor":13,"key":"SMITH"},{"data":"Headbutt","floor":15,"key":"SMITH"}],"neow_cost":"NONE","seed_source_timestamp":36119874653597,"circlet_count":0,"master_deck":["Strike_R","Strike_R","Strike_R","Strike_R","Strike_R","Defend_R","Defend_R","Defend_R","Bash","Perfected Strike+1","Headbutt+1","Clash","Perfected Strike+1","Offering+1"],"relics":["Burning Blood","Ancient Tea Set","Bottled Flame","Question Card","Lantern","Red Skull"],"potions_floor_usage":[7,12,16],"damage_taken":[{"damage":13,"enemies":"Jaw Worm","floor":1,"turns":4},{"damage":11,"enemies":"Cultist","floor":3,"turns":4},{"damage":2,"enemies":"2 Louse","floor":5,"turns":2},{"damage":5,"enemies":"Gremlin Nob","floor":7,"turns":3},{"damage":8,"enemies":"Exordium Thugs","floor":10,"turns":2},{"damage":27,"enemies":"3 Sentries","floor":12,"turns":7},{"damage":5,"enemies":"2 Fungi Beasts","floor":14,"turns":1}],"seed_played":"-1215269717122374151","potions_obtained":[{"floor":1,"key":"SteroidPotion"},{"floor":5,"key":"AttackPotion"},{"floor":7,"key":"SkillPotion"}],"is_trial":false,"path_per_floor":["M","?","M","?","M","R","E","R","T","M","?","E","R","M","R"],"character_chosen":"IRONCLAD","items_purchased":[],"campfire_rested":0,"item_purchase_floors":[],"current_hp_per_floor":[65,65,60,65,69,69,70,70,70,68,65,44,44,45,45,0],"gold":243,"neow_bonus":"RANDOM_COMMON_RELIC","is_prod":false,"is_daily":false,"chose_seed":false,"campfire_upgraded":4,"win_rate":0,"timestamp":1532211564,"path_taken":["M","?","M","?","?","R","E","R","T","M","?","E","R","?","R","BOSS"],"build_version":"2018-07-19","purchased_purges":0,"victory":false,"max_hp_per_floor":[80,80,80,85,85,85,85,85,85,85,85,85,85,85,85,85],"card_choices":[{"not_picked":["Uppercut","Clothesline"],"picked":"Perfected Strike","floor":1},{"not_picked":["Reckless Charge","Sever Soul"],"picked":"Headbutt","floor":3},{"not_picked":["Headbutt","Havoc"],"picked":"Clash","floor":5},{"not_picked":["Uppercut","Wild Strike"],"picked":"Perfected Strike","floor":7},{"not_picked":["Infernal Blade","Dropkick","Body Slam","Flex"],"picked":"SKIP","floor":10},{"not_picked":["Sever Soul","Twin Strike","Battle Trance"],"picked":"Offering","floor":12},{"not_picked":["Cleave","Perfected Strike","Sword Boomerang","Bloodletting"],"picked":"SKIP","floor":14}],"player_experience":828545,"relics_obtained":[{"floor":7,"key":"Bottled Flame"},{"floor":9,"key":"Question Card"},{"floor":12,"key":"Red Skull"}],"event_choices":[{"event_name":"Living Wall","player_choice":"Forget","floor":2,"damage_taken":0},{"event_name":"Big Fish","player_choice":"Donut","floor":4,"damage_taken":0},{"event_name":"Scrap Ooze","player_choice":"success","floor":11,"damage_taken":3}],"is_beta":true,"boss_relics":[],"items_purged_floors":[],"is_endless":false,"potions_floor_spawned":[1,5,7],"killed_by":"The Guardian","ascension_level":8}