{"gold_per_floor":[115,115,115,115,135,166,0,0,0,15,49,49,49,68,68,169,169,188,69,69,249,259,259,291,291,337,362,287,287,287,59,59,158,158,177,0,19,19,19,19],"floor_reached":40,"playtime":1715,"items_purged":["Strike_R"],"score":493,"play_id":"06a88239-6f35-4038-b6d4-510353c9aa30","local_time":"20190213184245","is_ascension_mode":true,"campfire_choices":[{"data":"Spot Weakness","floor":8,"key":"SMITH"},{"data":"Inflame","floor":13,"key":"SMITH"},{"data":"Iron Wave","floor":15,"key":"SMITH"},{"floor":23,"key":"REST"},{"floor":30,"key":"REST"},{"floor":32,"key":"REST"}],"neow_cost":"NONE","seed_source_timestamp":27041896423812,"circlet_count":0,"master_deck":["Strike_R+1","Strike_R+1","Defend_R","Defend_R","Defend_R","Defend_R","Bash","Spot Weakness+1","Iron Wave","Inflame+1","Headbutt","Sword Boomerang","Iron Wave+1","Spot Weakness","Limit Break","Clothesline+1","Feed","Flex","Shrug It Off","Rage+1","Shrug It Off","Thunderclap+1"],"relics":["Burning Blood","Paper Frog","Tiny Chest","Dead Branch","Pen Nib","Fusion Hammer","MutagenicStrength","Singing Bowl","Blood Vial","Orichalcum","Centennial Puzzle","Orrery","Red Mask"],"potions_floor_usage":[11,14,16,29],"damage_taken":[{"damage":7,"enemies":"Small Slimes","floor":1,"turns":5},{"damage":1,"enemies":"Jaw Worm","floor":5,"turns":4},{"damage":31,"enemies":"Lagavulin","floor":6,"turns":7},{"damage":10,"enemies":"Cultist","floor":10,"turns":4},{"damage":11,"enemies":"Gremlin Nob","floor":11,"turns":3},{"damage":16,"enemies":"Lots of Slimes","floor":14,"turns":4},{"damage":24,"enemies":"Hexaghost","floor":16,"turns":6},{"damage":17,"enemies":"Spheric Guardian","floor":18,"turns":4},{"damage":5,"enemies":"Shell Parasite","floor":22,"turns":2},{"damage":18,"enemies":"Book of Stabbing","floor":24,"turns":4},{"damage":30,"enemies":"Slavers","floor":27,"turns":4},{"damage":0,"enemies":"Gremlin Leader","floor":29,"turns":6},{"damage":63,"enemies":"Collector","floor":33,"turns":7},{"damage":45,"enemies":"3 Shapes","floor":35,"turns":4},{"damage":37,"enemies":"3 Darklings","floor":37,"turns":5},{"damage":40,"enemies":"Reptomancer","floor":40,"turns":2}],"seed_played":"-1113277678583861945","potions_obtained":[{"floor":10,"key":"SteroidPotion"},{"floor":11,"key":"PowerPotion"},{"floor":14,"key":"Swift Potion"},{"floor":27,"key":"SmokeBomb"},{"floor":33,"key":"Poison Potion"}],"is_trial":false,"path_per_floor":["M","?","?","?","M","E","$","R","T","M","E","$","R","M","R","B",null,"M","$","?","?","M","R","E","?","T","E","?","E","R","$","R","B",null,"M","?","M","$","?","E"],"character_chosen":"IRONCLAD","items_purchased":["Tiny Chest","Sword Boomerang","Feed","Flex","Centennial Puzzle"],"campfire_rested":3,"item_purchase_floors":[7,7,19,19,31],"current_hp_per_floor":[79,84,67,67,72,47,47,47,47,43,38,38,38,28,28,10,85,74,74,74,50,51,76,66,49,49,30,30,38,66,66,94,41,104,65,65,38,38,38,0],"gold":19,"neow_bonus":"THREE_CARDS","is_prod":false,"is_daily":false,"chose_seed":false,"campfire_upgraded":3,"win_rate":0,"timestamp":1550104965,"path_taken":["M","?","?","?","M","E","$","R","T","?","E","$","R","M","R","BOSS","M","?","?","?","?","R","E","?","T","E","?","E","R","$","R","BOSS","M","?","M","$","?","E"],"build_version":"2019-01-23","purchased_purges":1,"victory":false,"max_hp_per_floor":[80,85,85,85,85,85,85,85,85,85,85,85,85,85,85,85,85,85,85,85,85,85,85,87,92,92,95,95,95,95,95,95,98,104,104,104,106,106,106,106],"card_choices":[{"not_picked":["Iron Wave","Heavy Blade"],"picked":"Spot Weakness","floor":0},{"not_picked":["Sword Boomerang","Flex"],"picked":"Iron Wave","floor":1},{"not_picked":["Sentinel","Sword Boomerang"],"picked":"Inflame","floor":5},{"not_picked":["Perfected Strike","Fiend Fire"],"picked":"Headbutt","floor":6},{"not_picked":["Disarm","Burning Pact"],"picked":"Iron Wave","floor":10},{"not_picked":["Headbutt","Perfected Strike"],"picked":"Spot Weakness","floor":11},{"not_picked":["Reckless Charge","Sword Boomerang","Perfected Strike"],"picked":"SKIP","floor":14},{"not_picked":["Exhume","Reaper"],"picked":"Limit Break","floor":16},{"not_picked":["Rampage","Shrug It Off"],"picked":"Clothesline+1","floor":18},{"not_picked":["Twin Strike","Rage","Feed"],"picked":"SKIP","floor":22},{"not_picked":["Body Slam","Carnage","Warcry"],"picked":"Singing Bowl","floor":24},{"not_picked":["Body Slam","Clothesline"],"picked":"Shrug It Off","floor":27},{"not_picked":["Barricade","Offering"],"picked":"Demon Form","floor":33},{"not_picked":["Reckless Charge","Searing Blow+1"],"picked":"Rage+1","floor":34},{"not_picked":["Iron Wave","Body Slam","Combust"],"picked":"Singing Bowl","floor":34},{"not_picked":["Uppercut","Power Through","Shrug It Off"],"picked":"Singing Bowl","floor":34},{"not_picked":["Entrench","Warcry","Havoc"],"picked":"Singing Bowl","floor":34},{"not_picked":["True Grit","Disarm"],"picked":"Shrug It Off","floor":34},{"not_picked":["Armaments+1","Dropkick+1"],"picked":"Thunderclap+1","floor":35},{"not_picked":["Clothesline","Flame Barrier","Searing Blow+1"],"picked":"Singing Bowl","floor":37}],"player_experience":158337,"relics_obtained":[{"floor":6,"key":"Paper Frog"},{"floor":9,"key":"Dead Branch"},{"floor":11,"key":"Pen Nib"},{"floor":24,"key":"Singing Bowl"},{"floor":26,"key":"Blood Vial"},{"floor":27,"key":"Orichalcum"}],"event_choices":[{"damage_healed":0,"gold_gain":0,"player_choice":"Donut","damage_taken":0,"max_hp_gain":5,"max_hp_loss":0,"event_name":"Big Fish","floor":2,"gold_loss":0},{"damage_healed":0,"gold_gain":0,"player_choice":"Entered Light","damage_taken":17,"max_hp_gain":0,"max_hp_loss":0,"event_name":"Shining Light","floor":3,"gold_loss":0,"cards_upgraded":["Strike_R","Strike_R"]},{"cards_removed":["Strike_R"],"damage_healed":0,"gold_gain":0,"player_choice":"Offered Basic","damage_taken":0,"max_hp_gain":0,"max_hp_loss":0,"event_name":"Bonfire Elementals","floor":4,"gold_loss":0},{"damage_healed":0,"gold_gain":0,"player_choice":"Inject Mutagens","damage_taken":0,"relics_obtained":["MutagenicStrength"],"max_hp_gain":0,"max_hp_loss":0,"event_name":"Drug Dealer","floor":20,"gold_loss":0},{"damage_healed":0,"gold_gain":180,"player_choice":"GOLD GOLD ","damage_taken":24,"max_hp_gain":0,"max_hp_loss":0,"event_name":"Knowing Skull","floor":21,"potions_obtained":[],"gold_loss":0,"cards_obtained":[]},{"damage_healed":0,"gold_gain":0,"player_choice":"Shed Blood","damage_taken":22,"max_hp_gain":5,"max_hp_loss":0,"event_name":"Forgotten Altar","floor":25,"gold_loss":0},{"cards_removed":["Strike_R"],"damage_healed":0,"gold_gain":0,"player_choice":"Gave Gold","damage_taken":0,"max_hp_gain":0,"max_hp_loss":0,"event_name":"Beggar","floor":28,"gold_loss":75},{"damage_healed":0,"gold_gain":0,"player_choice":"Paid","damage_taken":0,"relics_obtained":["Red Mask"],"max_hp_gain":0,"max_hp_loss":0,"event_name":"Tomb of Lord Red Mask","floor":36,"gold_loss":177},{"cards_removed":["Demon Form"],"damage_healed":0,"gold_gain":0,"player_choice":"Removed Power","damage_taken":0,"max_hp_gain":0,"max_hp_loss":0,"event_name":"Falling","floor":39,"gold_loss":0}],"is_beta":false,"boss_relics":[{"not_picked":["Runic Cube","Ectoplasm"],"picked":"Fusion Hammer"},{"not_picked":["Runic Dome","Sozu"],"picked":"Orrery"}],"items_purged_floors":[31],"is_endless":false,"potions_floor_spawned":[10,11,14,27,29,33],"killed_by":"Reptomancer","ascension_level":1}