{"path_per_floor":["M","M","?","M","?","R","M","R","T","?","?","M","M","M","R","B",null,"M","M","?","?","$","R","M","R","T","M","M","M","R","M","R"],"character_chosen":"THE_SILENT","items_purchased":["Escape Plan"],"gold_per_floor":[15,32,32,46,46,46,58,58,81,31,31,43,58,73,73,171,171,191,207,207,207,63,63,75,75,75,87,105,116,116,133,133],"floor_reached":33,"campfire_rested":4,"playtime":2637,"current_hp_per_floor":[62,61,58,58,58,58,50,50,50,50,43,43,43,27,48,31,60,58,58,58,45,45,45,22,44,44,33,14,12,34,27,49],"items_purged":["Defend_G"],"gold":133,"score":352,"play_id":"9b49afec-4cdb-4c44-9161-ff4ffb821564","is_prod":false,"is_daily":false,"is_ascension_mode":true,"campfire_upgraded":3,"path_taken":["M","M","?","?","?","R","M","R","T","?","?","M","?","M","R","BOSS","M","?","?","?","$","R","M","R","T","M","M","?","R","M","R","BOSS"],"build_version":"2018-02-22-PROD2","purchased_purges":1,"victory":false,"master_deck":["Defend_G","Defend_G","Defend_G","Strike_G+1","Survivor","Neutralize+1","Riddle With Holes+1","Storm of Steel+1","Malaise","PiercingWail","Backflip","Caltrops","Dash","Escape Plan","Backstab","Acrobatics+1","Infinite Blades"],"max_hp_per_floor":[70,70,70,70,70,70,70,70,70,70,70,70,70,70,70,70,70,70,70,70,75,75,75,75,75,75,75,75,75,75,75,75],"relics":["Ring of the Snake","Dead Branch","Lantern","Black Star","Calipers"],"card_choices":[{"not_picked":["Dodge and Roll","Night Terror"],"picked":"Malaise"},{"not_picked":["Prepared","Malaise"],"picked":"PiercingWail"},{"not_picked":["Accuracy","Underhanded Strike"],"picked":"Backflip"},{"not_picked":["Malaise","Heel Hook"],"picked":"Caltrops"},{"not_picked":["Flying Knee","Terror"],"picked":"Dash"},{"not_picked":["Setup","Flying Knee"],"picked":"Backstab"},{"not_picked":["Bouncing Flask","Sucker Punch"],"picked":"Acrobatics"},{"not_picked":["Noxious Fumes","Flying Knee"],"picked":"Infinite Blades"}],"player_experience":350709,"potions_floor_usage":[16,19,24,27,28,28,31,31,33],"damage_taken":[{"damage":1,"enemies":"Jaw Worm","floor":1,"turns":3},{"damage":1,"enemies":"2 Louse","floor":2,"turns":3},{"damage":0,"enemies":"Cultist","floor":4,"turns":3},{"damage":8,"enemies":"Lots of Slimes","floor":7,"turns":5},{"damage":0,"enemies":"2 Fungi Beasts","floor":12,"turns":2},{"damage":0,"enemies":"Blue Slaver","floor":13,"turns":1},{"damage":16,"enemies":"Large Slime","floor":14,"turns":4},{"damage":17,"enemies":"The Guardian","floor":16,"turns":14},{"damage":2,"enemies":"Chosen","floor":18,"turns":4},{"damage":0,"enemies":"Spheric Guardian","floor":19,"turns":1},{"damage":23,"enemies":"Centurion and Healer","floor":24,"turns":6},{"damage":11,"enemies":"Snecko","floor":27,"turns":5},{"damage":19,"enemies":"Snake Plant","floor":28,"turns":6},{"damage":2,"enemies":"3 Cultists","floor":29,"turns":5},{"damage":7,"enemies":"Cultist and Chosen","floor":31,"turns":7},{"damage":71,"enemies":"Champ","floor":33,"turns":12}],"event_choices":[{"event_name":"Scrap Ooze","player_choice":"success","floor":3,"damage_taken":3},{"event_name":"Living Wall","player_choice":"Grow","floor":5,"damage_taken":0},{"event_name":"The Cleric","player_choice":"Card Removal","floor":10,"damage_taken":0},{"event_name":"Golden Wing","player_choice":"Card Removal","floor":11,"damage_taken":0},{"event_name":"Back to Basics","player_choice":"Elegance","floor":20,"damage_taken":0},{"event_name":"Forgotten Altar","player_choice":"Shed Blood","floor":21,"damage_taken":0}],"boss_relics":[{"not_picked":["Calling Bell","White Beast Statue"],"picked":"Black Star"}],"potions_floor_spawned":[2,13,16,19,24,28,31],"seed_played":"-8232253960766817901","killed_by":"Champ","ascension_level":9,"is_trial":false}