{"path_per_floor":["M","M","?","M","M","R","E","?","T","M","M","$","M","M","R","B",null,"M","$","M","M","M","R","M","?","T","R"],"character_chosen":"IRONCLAD","items_purchased":["Juzu Bracelet","Double Tap"],"gold_per_floor":[112,127,127,142,156,156,185,260,308,319,336,261,271,289,289,388,388,407,2,17,33,51,51,64,64,89,89],"floor_reached":28,"campfire_rested":1,"playtime":864,"current_hp_per_floor":[68,60,57,51,46,46,27,16,26,27,19,19,21,11,38,13,90,81,81,78,61,34,34,26,26,26,26],"items_purged":["Defend_R","Defend_R"],"gold":89,"score":226,"play_id":"c27da7b2-edf4-42c7-9fa1-6e474b3e517b","local_time":"20180318120355","is_prod":false,"is_daily":false,"is_ascension_mode":false,"campfire_upgraded":3,"timestamp":1521385435,"path_taken":["M","M","?","M","M","R","E","?","T","?","M","$","?","M","R","BOSS","M","$","M","M","M","R","M","?","T","R","M"],"build_version":"2018-03-15v3","purchased_purges":2,"victory":false,"master_deck":["Strike_R","Strike_R","Strike_R","Strike_R","Strike_R","Defend_R","Defend_R","Bash","Limit Break","Offering","Clash+1","Dual Wield","Flex","Rampage","Offering","Flex","Double Tap+1","Rage+1"],"max_hp_per_floor":[80,80,80,80,80,80,80,80,90,90,90,90,90,90,90,90,90,90,90,90,90,90,90,90,90,90,90],"relics":["Burning Blood","Matryoshka","Omamori","Pear","Lantern","Cursed Key","Juzu Bracelet","Frozen Egg 2","Singing Bowl"],"card_choices":[{"not_picked":["Dropkick","Entrench"],"picked":"Offering"},{"not_picked":["Rupture","Body Slam"],"picked":"Clash"},{"not_picked":["Twin Strike","Disarm"],"picked":"Dual Wield"},{"not_picked":["Flame Barrier","Warcry"],"picked":"Flex"},{"not_picked":["Shrug It Off","Sentinel"],"picked":"Rampage"},{"not_picked":["Demon Form","Berserk"],"picked":"Offering"},{"not_picked":["Pommel Strike","Power Through"],"picked":"Flex"},{"not_picked":["Thunderclap","Sever Soul"],"picked":"Rage"}],"player_experience":591626,"potions_floor_usage":[5,7,16,16],"damage_taken":[{"damage":18,"enemies":"Jaw Worm","floor":1,"turns":3},{"damage":14,"enemies":"2 Louse","floor":2,"turns":3},{"damage":12,"enemies":"Small Slimes","floor":4,"turns":3},{"damage":11,"enemies":"Blue Slaver","floor":5,"turns":2},{"damage":40,"enemies":"3 Sentries","floor":7,"turns":9},{"damage":5,"enemies":"3 Louse","floor":10,"turns":3},{"damage":14,"enemies":"Exordium Thugs","floor":11,"turns":4},{"damage":4,"enemies":"Lots of Slimes","floor":13,"turns":3},{"damage":16,"enemies":"Blue Slaver","floor":14,"turns":2},{"damage":31,"enemies":"The Guardian","floor":16,"turns":5},{"damage":15,"enemies":"Shell Parasite","floor":18,"turns":3},{"damage":9,"enemies":"Spheric Guardian","floor":20,"turns":3},{"damage":23,"enemies":"Centurion and Healer","floor":21,"turns":4},{"damage":33,"enemies":"Sentry and Sphere","floor":22,"turns":4},{"damage":14,"enemies":"3 Cultists","floor":24,"turns":3},{"damage":28,"enemies":"Slaver and Parasite","floor":28,"turns":3}],"event_choices":[{"event_name":"Scrap Ooze","player_choice":"success","floor":3,"damage_taken":3},{"event_name":"World of Goop","player_choice":"Gather Gold","floor":8,"damage_taken":0},{"event_name":"The Woman in Blue","player_choice":"Bought 0 Potions","floor":25,"damage_taken":0}],"boss_relics":[{"not_picked":["Question Card","Tiny House"],"picked":"Cursed Key"}],"potions_floor_spawned":[2,5,7,10,13,14,18,22],"seed_played":"4418788612672473118","killed_by":"Slaver and Parasite","ascension_level":0,"is_trial":false}