{"gold_per_floor":[369,369,369,369,380,380,350,350,427,427,427,442,458,478,478,556,556,567,595,595,607,347,347,377,377,377,396,396],"floor_reached":28,"playtime":1121,"items_purged":["Strike_G"],"score":373,"play_id":"4048110f-b3df-42ff-af0d-cf7f01714ee2","local_time":"20180628174632","is_ascension_mode":true,"campfire_choices":[{"data":"Neutralize","floor":6,"key":"SMITH"},{"data":"Blur","floor":10,"key":"SMITH"},{"floor":15,"key":"REST"},{"floor":23,"key":"REST"}],"neow_cost":"CURSE","seed_source_timestamp":26993132628412,"circlet_count":0,"master_deck":["Defend_G","Defend_G","Defend_G","Defend_G","Defend_G","Strike_G","Strike_G","Strike_G","Survivor","Neutralize+1","AscendersBane","Decay","Deadly Poison+1","Blur+1","Dagger Spray","Adrenaline","Decay","Footwork","Leg Sweep","Corpse Explosion","Doubt","Cloak And Dagger"],"relics":["Ring of the Snake","Gremlin Horn","Happy Flower","Letter Opener","Boot","Cursed Key","Red Mask","Art of War","Oddly Smooth Stone","Mercury Hourglass"],"potions_floor_usage":[13,13,16,19,27,28],"damage_taken":[{"damage":3,"enemies":"Small Slimes","floor":1,"turns":5},{"damage":6,"enemies":"Jaw Worm","floor":5,"turns":6},{"damage":0,"enemies":"2 Louse","floor":12,"turns":3},{"damage":8,"enemies":"Looter","floor":13,"turns":3},{"damage":0,"enemies":"Blue Slaver","floor":14,"turns":3},{"damage":27,"enemies":"The Guardian","floor":16,"turns":13},{"damage":9,"enemies":"2 Thieves","floor":18,"turns":4},{"damage":30,"floor":19,"turns":5},{"damage":0,"enemies":"3 Byrds","floor":21,"turns":3},{"damage":20,"enemies":"Slavers","floor":24,"turns":8},{"damage":14,"enemies":"Snecko","floor":27,"turns":7},{"damage":17,"enemies":"Book of Stabbing","floor":28,"turns":8}],"seed_played":"-4458228214202179498","potions_obtained":[{"floor":7,"key":"Dexterity Potion"},{"floor":7,"key":"EntropicBrew"},{"floor":14,"key":"FairyPotion"},{"floor":16,"key":"SpeedPotion"},{"floor":19,"key":"Block Potion"},{"floor":27,"key":"PowerPotion"}],"is_trial":false,"path_per_floor":["M","?","T","?","M","R","?","?","T","R","T","M","M","M","R","B",null,"M","?","?","M","$","R","E","?","T","M"],"character_chosen":"THE_SILENT","items_purchased":["Art of War","Leg Sweep"],"campfire_rested":2,"item_purchase_floors":[22,22],"current_hp_per_floor":[60,53,53,50,44,44,44,44,44,44,44,44,36,36,57,30,60,51,21,21,21,21,42,22,22,22,8,0],"gold":396,"neow_bonus":"TWO_FIFTY_GOLD","is_prod":false,"is_daily":false,"chose_seed":false,"campfire_upgraded":2,"win_rate":0,"timestamp":1530218792,"path_taken":["M","?","?","?","M","R","?","?","T","R","?","M","M","M","R","BOSS","M","?","?","?","?","R","E","?","T","M","E"],"build_version":"2018-06-27","purchased_purges":1,"victory":false,"max_hp_per_floor":[70,70,70,70,70,70,70,70,70,70,70,70,70,70,70,70,70,70,70,70,70,70,70,70,70,70,70,70],"card_choices":[{"not_picked":["Deflect","Caltrops"],"picked":"Deadly Poison","floor":1},{"not_picked":["Dodge and Roll","Flechettes"],"picked":"Blur","floor":5},{"not_picked":["Quick Slash","Slice","Accuracy"],"picked":"SKIP","floor":12},{"not_picked":["Well Laid Plans","Underhanded Strike"],"picked":"Dagger Spray","floor":13},{"not_picked":["Flechettes","Expertise","Concentrate"],"picked":"SKIP","floor":14},{"not_picked":["Venomology","Corpse Explosion"],"picked":"Adrenaline","floor":16},{"not_picked":["Riddle With Holes","Dagger Throw+1","Prepared"],"picked":"SKIP","floor":18},{"not_picked":["Deadly Poison","After Image"],"picked":"Footwork","floor":21},{"not_picked":["Poisoned Stab","Prepared"],"picked":"Corpse Explosion","floor":24},{"not_picked":["Outmaneuver","Deadly Poison"],"picked":"Cloak And Dagger","floor":27}],"player_experience":808595,"relics_obtained":[{"floor":3,"key":"Gremlin Horn"},{"floor":9,"key":"Letter Opener"},{"floor":11,"key":"Boot"},{"floor":19,"key":"Red Mask"},{"floor":24,"key":"Oddly Smooth Stone"},{"floor":26,"key":"Mercury Hourglass"}],"event_choices":[{"event_name":"Golden Wing","player_choice":"Card Removal","floor":2,"damage_taken":0},{"event_name":"Scrap Ooze","player_choice":"success","floor":4,"damage_taken":3},{"event_name":"The Woman in Blue","player_choice":"Bought 2 Potions","floor":7,"damage_taken":0},{"event_name":"Living Wall","player_choice":"Grow","floor":8,"damage_taken":0},{"event_name":"Masked Bandits","player_choice":"Fought over 567 gold","floor":19,"damage_taken":0},{"event_name":"Forgotten Altar","player_choice":"Smashed Altar","floor":20,"damage_taken":0},{"event_name":"Vampires","player_choice":"Ignored","floor":25,"damage_taken":0}],"boss_relics":[{"not_picked":["Eternal Feather","Ectoplasm"],"picked":"Cursed Key"}],"items_purged_floors":[22],"is_endless":false,"potions_floor_spawned":[13,14,16,19,27],"killed_by":"Book of Stabbing","ascension_level":13}