{"gold_per_floor":[114,125,125,200,43,43,62,62,62,81,81,101,118,118,118,215,215,230,243,203,46,46,74,74,107,107,18,18,37,57,57,57,57],"floor_reached":33,"playtime":851,"items_purged":[],"score":344,"play_id":"259b96e2-2284-4d5d-b911-f1570c689a7d","local_time":"20190303192629","is_ascension_mode":true,"campfire_choices":[{"data":"White Noise","floor":6,"key":"SMITH"},{"data":"Storm","floor":8,"key":"SMITH"},{"data":"Self Repair","floor":11,"key":"SMITH"},{"data":"Static Discharge","floor":15,"key":"SMITH"},{"floor":24,"key":"REST"},{"floor":32,"key":"REST"}],"neow_cost":"NONE","seed_source_timestamp":157577903992021,"circlet_count":0,"master_deck":["Strike_B+1","Defend_B+1","Defend_B+1","Defend_B","Defend_B","Zap+1","Dualcast","Self Repair+1","White Noise+1","Static Discharge+1","Consume","Storm+1","Ball Lightning","Core Surge+1","Creative AI+1","Coolheaded","Leap","Reinforced Body+1","Thunder Strike"],"relics":["Cracked Core","War Paint","Shuriken","Empty Cage","Omamori","PreservedInsect","Pen Nib","Toxic Egg 2"],"potions_floor_usage":[25,25,30],"damage_taken":[{"damage":7,"enemies":"Jaw Worm","floor":1,"turns":3},{"damage":9,"enemies":"2 Louse","floor":2,"turns":3},{"damage":0,"enemies":"Small Slimes","floor":7,"turns":3},{"damage":8,"enemies":"Blue Slaver","floor":10,"turns":3},{"damage":16,"enemies":"Exordium Thugs","floor":12,"turns":4},{"damage":5,"enemies":"2 Fungi Beasts","floor":13,"turns":3},{"damage":14,"enemies":"The Guardian","floor":16,"turns":8},{"damage":7,"enemies":"3 Byrds","floor":18,"turns":2},{"damage":27,"enemies":"Shell Parasite","floor":19,"turns":5},{"damage":42,"enemies":"Slavers","floor":23,"turns":3},{"damage":30,"enemies":"Book of Stabbing","floor":25,"turns":5},{"damage":13,"enemies":"Snake Plant","floor":29,"turns":4},{"damage":7,"enemies":"Cultist and Chosen","floor":30,"turns":6},{"damage":48,"enemies":"Collector","floor":33,"turns":3}],"seed_played":"-1199281042274574158","potions_obtained":[{"floor":7,"key":"FocusPotion"},{"floor":10,"key":"Ancient Potion"},{"floor":12,"key":"Poison Potion"},{"floor":30,"key":"Energy Potion"}],"is_trial":false,"path_per_floor":["M","M","?","?","$","R","M","R","T","M","R","M","M","?","R","B",null,"M","M","?","$","?","E","R","E","T","$","?","M","M","?","R","B"],"character_chosen":"DEFECT","items_purchased":["War Paint","Omamori","Reinforced Body+1","Block Potion"],"campfire_rested":2,"item_purchase_floors":[5,21,27,27],"current_hp_per_floor":[75,73,73,62,62,62,69,69,69,68,68,62,75,60,60,56,70,63,46,46,46,46,14,36,16,16,16,16,13,16,16,38,0],"gold":57,"neow_bonus":"THREE_CARDS","is_prod":false,"is_daily":false,"chose_seed":false,"campfire_upgraded":4,"win_rate":0,"timestamp":1551662789,"path_taken":["M","M","?","?","$","R","M","R","T","M","R","M","M","?","R","BOSS","M","M","?","?","?","E","R","E","T","$","?","?","M","?","R","BOSS"],"build_version":"2019-01-23","purchased_purges":0,"victory":false,"max_hp_per_floor":[75,75,75,75,75,75,75,75,75,75,75,75,75,75,75,75,75,75,75,75,75,75,75,75,75,75,75,75,75,75,75,75,75],"card_choices":[{"not_picked":["Redo","Hologram"],"picked":"Self Repair","floor":0},{"not_picked":["Sweeping Beam","Leap"],"picked":"White Noise","floor":1},{"not_picked":["Skim","Reprogram"],"picked":"Static Discharge","floor":2},{"not_picked":["Cold Snap","Hello World"],"picked":"Storm","floor":7},{"not_picked":["Aggregate","Leap"],"picked":"Ball Lightning","floor":10},{"not_picked":["Self Repair","Static Discharge"],"picked":"Core Surge","floor":12},{"not_picked":["Beam Cell","Cold Snap","Go for the Eyes"],"picked":"SKIP","floor":13},{"not_picked":["Machine Learning","Meteor Strike"],"picked":"Creative AI","floor":16},{"not_picked":["Reprogram","Streamline"],"picked":"Coolheaded","floor":18},{"not_picked":["Go for the Eyes","Chill"],"picked":"Leap","floor":19},{"not_picked":["Scrape+1","Cold Snap+1","Core Surge"],"picked":"SKIP","floor":23},{"not_picked":["Streamline","Beam Cell","Barrage+1"],"picked":"SKIP","floor":25},{"not_picked":["Leap+1","Turbo+1","FTL"],"picked":"SKIP","floor":29},{"not_picked":["Skim+1","Barrage+1"],"picked":"Thunder Strike","floor":30}],"player_experience":293307,"relics_obtained":[{"floor":9,"key":"Shuriken"},{"floor":23,"key":"Pen Nib"},{"floor":25,"key":"Toxic Egg 2"}],"event_choices":[{"damage_healed":0,"gold_gain":0,"cards_transformed":["Strike_B"],"player_choice":"Change","damage_taken":0,"max_hp_gain":0,"max_hp_loss":0,"event_name":"Living Wall","floor":3,"gold_loss":0,"cards_obtained":["Consume"]},{"damage_healed":0,"gold_gain":75,"player_choice":"Gather Gold","damage_taken":11,"max_hp_gain":0,"max_hp_loss":0,"event_name":"World of Goop","floor":4,"gold_loss":0},{"damage_healed":0,"gold_gain":0,"player_choice":"Entered Light","damage_taken":15,"max_hp_gain":0,"max_hp_loss":0,"event_name":"Shining Light","floor":14,"gold_loss":0,"cards_upgraded":["Strike_B","Defend_B"]},{"damage_healed":0,"gold_gain":0,"player_choice":"Upgraded Two","damage_taken":0,"max_hp_gain":0,"max_hp_loss":0,"event_name":"Designer","floor":20,"gold_loss":40,"cards_upgraded":["Creative AI","Core Surge"]},{"damage_healed":0,"gold_gain":0,"player_choice":"Opened","damage_taken":0,"relics_obtained":["PreservedInsect"],"max_hp_gain":0,"max_hp_loss":0,"event_name":"The Mausoleum","floor":22,"gold_loss":0},{"damage_healed":0,"gold_gain":0,"player_choice":"Ignored","damage_taken":0,"max_hp_gain":0,"max_hp_loss":0,"event_name":"Cursed Tome","floor":31,"gold_loss":0}],"is_beta":false,"boss_relics":[{"not_picked":["Pandora\u0027s Box","Astrolabe"],"picked":"Empty Cage"}],"items_purged_floors":[],"is_endless":false,"potions_floor_spawned":[7,10,12,13,18,30],"killed_by":"Collector","ascension_level":5}