{"gold_per_floor":[119,44,44,44,61,61,61,61,61,61,81,97,97,113,113,212,212,229,48,61,61,81,81,92,106,106,126,137,137,163,38,38,140,140,154,64,84,84,2,31,31,48,48,48,48,0,11,11,11,11],"floor_reached":51,"playtime":3954,"items_purged":["Strike_R","Defend_R","Strike_R"],"score":712,"play_id":"286323a9-fbc3-4ffb-8ebb-d564bc75c25c","local_time":"20190306003713","is_ascension_mode":false,"campfire_choices":[{"data":"Bash","floor":6,"key":"SMITH"},{"data":"Anger","floor":8,"key":"SMITH"},{"data":"Pommel Strike","floor":10,"key":"SMITH"},{"data":"Feed","floor":15,"key":"SMITH"},{"data":"Disarm","floor":23,"key":"SMITH"},{"data":"Clothesline","floor":29,"key":"SMITH"},{"data":"Reckless Charge","floor":32,"key":"SMITH"},{"data":"Metallicize","floor":41,"key":"SMITH"},{"data":"Exhume","floor":45,"key":"SMITH"},{"data":"Warcry","floor":49,"key":"SMITH"}],"neow_cost":"NONE","seed_source_timestamp":34009866172276,"circlet_count":0,"master_deck":["Defend_R+1","Defend_R+1","Bash+1","Pommel Strike+1","Anger+1","Feed+1","Iron Wave+1","Exhume+1","Disarm+1","Warcry+1","Battle Trance+1","Clothesline+1","Reckless Charge+1","Limit Break","Shrug It Off+1","Metallicize+1","True Grit+1","Shrug It Off+1"],"relics":["Burning Blood","Self Forming Clay","Pantograph","Cursed Key","Prayer Wheel","Coffee Dripper","Letter Opener","Red Mask"],"potions_floor_usage":[24,30,33,50,50],"damage_taken":[{"damage":4,"enemies":"2 Louse","floor":1,"turns":4},{"damage":0,"enemies":"Jaw Worm","floor":5,"turns":4},{"damage":0,"enemies":"Cultist","floor":11,"turns":2},{"damage":0,"enemies":"Blue Slaver","floor":12,"turns":2},{"damage":7,"enemies":"Exordium Thugs","floor":14,"turns":6},{"damage":16,"enemies":"The Guardian","floor":16,"turns":12},{"damage":2,"enemies":"Shell Parasite","floor":18,"turns":3},{"damage":0,"enemies":"3 Byrds","floor":20,"turns":5},{"damage":18,"enemies":"Snake Plant","floor":22,"turns":5},{"damage":12,"enemies":"Centurion and Healer","floor":24,"turns":4},{"damage":14,"enemies":"Shelled Parasite and Fungi","floor":25,"turns":6},{"damage":17,"enemies":"Snake Plant","floor":27,"turns":4},{"damage":3,"enemies":"Cultist and Chosen","floor":28,"turns":5},{"damage":26,"enemies":"Gremlin Leader","floor":30,"turns":9},{"damage":64,"enemies":"Collector","floor":33,"turns":11},{"damage":18,"enemies":"Orb Walker","floor":35,"turns":4},{"damage":29,"enemies":"3 Darklings","floor":37,"turns":6},{"damage":16,"enemies":"Reptomancer","floor":40,"turns":9},{"damage":13,"enemies":"4 Shapes","floor":42,"turns":6},{"damage":0,"enemies":"Transient","floor":47,"turns":5},{"damage":12,"enemies":"Awakened One","floor":50,"turns":28}],"seed_played":"7342072616528634707","potions_obtained":[{"floor":1,"key":"Weak Potion"},{"floor":5,"key":"Poison Potion"},{"floor":12,"key":"Regen Potion"},{"floor":22,"key":"FairyPotion"},{"floor":27,"key":"Poison Potion"},{"floor":28,"key":"Weak Potion"},{"floor":30,"key":"AttackPotion"},{"floor":33,"key":"Explosive Potion"},{"floor":42,"key":"Regen Potion"}],"is_trial":false,"path_per_floor":["M","$","?","?","M","R","?","R","T","R","M","M","?","M","R","B",null,"M","$","M","?","M","R","M","M","T","M","M","R","E","$","R","B",null,"M","?","M","?","$","E","R","M","T","?","R","?","M","T","R","B",null],"character_chosen":"IRONCLAD","items_purchased":["Disarm","Metallicize"],"campfire_rested":0,"item_purchase_floors":[19,39],"current_hp_per_floor":[88,88,81,63,69,69,69,69,69,69,75,81,81,83,83,81,91,95,95,103,103,91,91,105,105,105,98,109,109,89,89,89,60,135,127,127,104,104,104,94,94,95,95,95,95,95,101,101,101,135],"gold":11,"neow_bonus":"TEN_PERCENT_HP_BONUS","is_prod":false,"is_daily":false,"chose_seed":false,"campfire_upgraded":10,"win_rate":0,"timestamp":1551850633,"path_taken":["M","$","?","?","M","R","?","R","T","R","?","M","?","?","R","BOSS","M","$","?","?","?","R","M","M","T","M","M","R","E","$","R","BOSS","M","?","?","?","?","E","R","M","T","?","R","?","M","?","R","BOSS"],"build_version":"2019-01-23","purchased_purges":3,"victory":true,"max_hp_per_floor":[88,88,88,88,88,88,88,88,88,88,88,88,88,91,91,91,91,95,95,103,103,103,103,111,119,119,123,131,131,131,131,131,135,135,139,139,139,139,139,139,139,147,147,147,147,147,147,147,147,147],"card_choices":[{"not_picked":["Entrench","Shrug It Off"],"picked":"Pommel Strike","floor":1},{"not_picked":["Pommel Strike","Perfected Strike"],"picked":"Anger","floor":5},{"not_picked":["Headbutt","Cleave"],"picked":"Warcry","floor":11},{"not_picked":["Shrug It Off","Power Through"],"picked":"Feed","floor":12},{"not_picked":["Sentinel","Armaments"],"picked":"Iron Wave","floor":14},{"not_picked":["Offering","Brutality"],"picked":"Exhume","floor":16},{"not_picked":["Thunderclap","Seeing Red","Heavy Blade"],"picked":"SKIP","floor":18},{"not_picked":["Flex+1","Sentinel"],"picked":"Warcry","floor":20},{"not_picked":["Perfected Strike","Infernal Blade+1","Havoc"],"picked":"SKIP","floor":22},{"not_picked":["Havoc","Anger"],"picked":"Battle Trance+1","floor":24},{"not_picked":["Dark Embrace","Wild Strike"],"picked":"Clothesline","floor":25},{"not_picked":["Cleave","Flex","Headbutt+1"],"picked":"SKIP","floor":27},{"not_picked":["Wild Strike","Blood for Blood"],"picked":"Reckless Charge","floor":28},{"not_picked":["Clothesline","Perfected Strike","Wild Strike+1"],"picked":"SKIP","floor":30},{"not_picked":["Berserk","Brutality"],"picked":"Limit Break","floor":33},{"not_picked":["Armaments","Iron Wave+1","Headbutt+1"],"picked":"SKIP","floor":35},{"not_picked":["Pummel+1","Sword Boomerang+1","Havoc"],"picked":"SKIP","floor":35},{"not_picked":["Cleave","Thunderclap+1"],"picked":"Shrug It Off+1","floor":37},{"not_picked":["Sentinel+1","Warcry","True Grit"],"picked":"SKIP","floor":37},{"not_picked":["Intimidate","Pummel+1","Brutality"],"picked":"SKIP","floor":40},{"not_picked":["Pummel","Entrench+1","Dropkick"],"picked":"SKIP","floor":42},{"not_picked":["Pommel Strike","Entrench+1","Cleave+1"],"picked":"SKIP","floor":42},{"not_picked":["Wild Strike+1","Sentinel"],"picked":"True Grit+1","floor":47},{"not_picked":["Anger","Pommel Strike"],"picked":"Shrug It Off+1","floor":47}],"player_experience":536668,"relics_obtained":[{"floor":9,"key":"Self Forming Clay"},{"floor":30,"key":"Prayer Wheel"},{"floor":40,"key":"Letter Opener"}],"event_choices":[{"cards_removed":["Strike_R"],"damage_healed":0,"gold_gain":0,"player_choice":"Card Removal","damage_taken":7,"max_hp_gain":0,"max_hp_loss":0,"event_name":"Golden Wing","floor":3,"gold_loss":0},{"damage_healed":0,"gold_gain":0,"player_choice":"Entered Light","damage_taken":18,"max_hp_gain":0,"max_hp_loss":0,"event_name":"Shining Light","floor":4,"gold_loss":0,"cards_upgraded":["Defend_R","Defend_R"]},{"cards_removed":["Strike_R"],"damage_healed":0,"gold_gain":0,"player_choice":"Purged","damage_taken":0,"max_hp_gain":0,"max_hp_loss":0,"event_name":"Purifier","floor":7,"gold_loss":0},{"damage_healed":0,"gold_gain":0,"player_choice":"Gave Potion","damage_taken":0,"relics_obtained":["Pantograph"],"max_hp_gain":0,"max_hp_loss":0,"event_name":"WeMeetAgain","floor":13,"gold_loss":0},{"cards_removed":["Defend_R"],"damage_healed":0,"gold_gain":0,"player_choice":"Offered Basic","damage_taken":0,"max_hp_gain":0,"max_hp_loss":0,"event_name":"Bonfire Elementals","floor":21,"gold_loss":0},{"cards_removed":["Strike_R"],"damage_healed":0,"gold_gain":0,"player_choice":"Upgrade and Remove","damage_taken":0,"max_hp_gain":0,"max_hp_loss":0,"event_name":"Designer","floor":36,"gold_loss":90,"cards_upgraded":["Iron Wave"]},{"damage_healed":0,"gold_gain":0,"player_choice":"Bought 0 Potions","damage_taken":0,"max_hp_gain":0,"max_hp_loss":0,"event_name":"The Woman in Blue","floor":38,"gold_loss":0},{"cards_removed":["Warcry"],"damage_healed":0,"gold_gain":0,"player_choice":"Removed Skill","damage_taken":0,"max_hp_gain":0,"max_hp_loss":0,"event_name":"Falling","floor":44,"gold_loss":0},{"damage_healed":0,"gold_gain":0,"player_choice":"Paid","damage_taken":0,"relics_obtained":["Red Mask"],"max_hp_gain":0,"max_hp_loss":0,"event_name":"Tomb of Lord Red Mask","floor":46,"gold_loss":48}],"is_beta":false,"boss_relics":[{"not_picked":["Runic Dome","Pandora\u0027s Box"],"picked":"Cursed Key"},{"not_picked":["Philosopher\u0027s Stone","Busted Crown"],"picked":"Coffee Dripper"}],"items_purged_floors":[2,19,31],"is_endless":false,"potions_floor_spawned":[1,5,12,22,27,28,30,33,42,47],"ascension_level":0}