{"path_per_floor":["M","?","?","$","M","R","E","M","T","M","?","$","R","M","R","B",null,"M","$","M","?","?"],"character_chosen":"IRONCLAD","items_purchased":["Regal Pillow","Headbutt","Spot Weakness","Flash of Steel"],"gold_per_floor":[215,215,215,59,75,75,119,138,138,159,409,230,230,249,249,370,370,393,204,222,222,222],"floor_reached":23,"campfire_rested":2,"playtime":1144,"current_hp_per_floor":[73,73,58,58,57,74,39,44,44,32,32,32,32,38,74,47,74,55,55,43,43,43],"items_purged":["Regret","Strike_R"],"gold":222,"score":208,"play_id":"bc6a1c54-f967-456e-b06b-735532d89d84","is_prod":false,"is_daily":false,"is_ascension_mode":true,"campfire_upgraded":1,"path_taken":["M","?","?","$","?","R","E","M","T","M","?","$","R","M","R","BOSS","M","$","M","?","?","E"],"build_version":"2018-02-15-PROD1","purchased_purges":2,"victory":false,"master_deck":["Strike_R","Strike_R+1","Strike_R","Strike_R","Defend_R","Defend_R","Defend_R","Defend_R","Bash+1","Corruption","Clash","Twin Strike","Rampage+1","Headbutt","Spot Weakness","Shrug It Off","Offering","Flame Barrier","Flash of Steel","Warcry"],"max_hp_per_floor":[80,74,74,74,74,74,74,74,74,74,74,74,74,74,74,74,74,74,74,74,74,74],"relics":["Burning Blood","Golden Idol","Regal Pillow","Shuriken","Vajra","Black Star"],"card_choices":[{"not_picked":["Hemokinesis","Reckless Charge"],"picked":"Corruption"},{"not_picked":["Disarm","True Grit"],"picked":"Clash"},{"not_picked":["Wild Strike","Body Slam"],"picked":"Twin Strike"},{"not_picked":["Warcry","Iron Wave"],"picked":"Rampage"},{"not_picked":["Headbutt","Sentinel"],"picked":"Shrug It Off"},{"not_picked":["Brutality","Limit Break"],"picked":"Offering"},{"not_picked":["Seeing Red","Cleave"],"picked":"Flame Barrier"},{"not_picked":["Pommel Strike","Searing Blow"],"picked":"Warcry"}],"player_experience":158041,"potions_floor_usage":[18,18,23],"damage_taken":[{"damage":13,"enemies":"Small Slimes","floor":1,"turns":4},{"damage":7,"enemies":"Jaw Worm","floor":5,"turns":4},{"damage":41,"enemies":"3 Sentries","floor":7,"turns":9},{"damage":1,"enemies":"2 Louse","floor":8,"turns":3},{"damage":18,"enemies":"Red Slaver","floor":10,"turns":5},{"damage":0,"enemies":"Large Slime","floor":14,"turns":3},{"damage":33,"enemies":"The Guardian","floor":16,"turns":9},{"damage":25,"enemies":"2 Thieves","floor":18,"turns":4},{"damage":18,"enemies":"Shell Parasite","floor":20,"turns":5},{"damage":51,"enemies":"Slavers","floor":23,"turns":3}],"event_choices":[{"event_name":"Golden Idol","player_choice":"Lose Max HP","floor":2,"damage_taken":0},{"event_name":"Shining Light","player_choice":"Entered Light","floor":3,"damage_taken":0},{"event_name":"Golden Shrine","player_choice":"Desecrate","floor":11,"damage_taken":0},{"event_name":"Drug Dealer","player_choice":"Ignored","floor":21,"damage_taken":0},{"event_name":"The Woman in Blue","player_choice":"Bought 0 Potions","floor":22,"damage_taken":0}],"boss_relics":[{"not_picked":["White Beast Statue","Philosopher\u0027s Stone"],"picked":"Black Star"}],"potions_floor_spawned":[1,16,18,20],"seed_played":"2134996397825554912","killed_by":"Slavers","ascension_level":2,"is_trial":false}