{"gold_per_floor":[215,215,232,232,247,247,268,268,291,315,6,6,6,6,6,129,129,148,148,97,47,68,68,86,106,154,69,94,94,94],"floor_reached":30,"playtime":1268,"items_purged":["Strike_R"],"score":297,"play_id":"e350f6d6-74e1-4d2c-88b9-81e82c41479a","local_time":"20190313002953","is_ascension_mode":true,"campfire_choices":[{"data":"Uppercut","floor":6,"key":"SMITH"},{"data":"Disarm","floor":8,"key":"SMITH"},{"data":"Metallicize","floor":13,"key":"SMITH"},{"data":"Sadistic Nature","floor":15,"key":"SMITH"},{"data":"Intimidate","floor":23,"key":"SMITH"}],"neow_cost":"NONE","seed_source_timestamp":1018595538725120,"circlet_count":0,"master_deck":["Strike_R+1","Strike_R","Strike_R","Defend_R","Defend_R","Defend_R+1","Defend_R","Bash","Uppercut+1","Corruption","Disarm+1","Spot Weakness","Sadistic Nature+1","Metallicize+1","Shrug It Off","Intimidate+1"],"relics":["Burning Blood","Golden Idol","Bag of Preparation","Eternal Feather","Anchor","Bag of Marbles","MutagenicStrength"],"potions_floor_usage":[30],"damage_taken":[{"damage":10,"enemies":"Jaw Worm","floor":1,"turns":5},{"damage":0,"enemies":"2 Louse","floor":3,"turns":2},{"damage":5,"enemies":"Cultist","floor":5,"turns":4},{"damage":8,"enemies":"Large Slime","floor":7,"turns":6},{"damage":10,"enemies":"Exordium Thugs","floor":10,"turns":5},{"damage":0,"enemies":"Hexaghost","floor":16,"turns":11},{"damage":33,"enemies":"3 Byrds","floor":18,"turns":8},{"damage":4,"enemies":"Chosen","floor":22,"turns":6},{"damage":18,"enemies":"Snake Plant","floor":24,"turns":5},{"damage":20,"enemies":"3 Cultists","floor":25,"turns":6},{"damage":33,"enemies":"Cultist and Chosen","floor":28,"turns":9},{"damage":21,"enemies":"Sentry and Sphere","floor":30,"turns":3}],"seed_played":"-532160103150339015","potions_obtained":[{"floor":1,"key":"Explosive Potion"},{"floor":5,"key":"AttackPotion"},{"floor":16,"key":"Strength Potion"}],"is_trial":false,"path_per_floor":["M","?","M","?","M","R","M","R","T","M","$","?","R","$","R","B",null,"M","?","$","?","M","R","M","M","T","?","M","?","M"],"character_chosen":"IRONCLAD","items_purchased":["Sadistic Nature","Metallicize","Shrug It Off"],"campfire_rested":0,"item_purchase_floors":[11,11,20],"current_hp_per_floor":[76,60,66,46,47,47,45,45,45,41,41,34,34,34,34,40,80,53,53,53,53,55,64,52,38,38,38,11,11,0],"gold":94,"neow_bonus":"HUNDRED_GOLD","is_prod":false,"is_daily":false,"chose_seed":false,"campfire_upgraded":5,"win_rate":0,"timestamp":1552451393,"path_taken":["M","?","M","?","M","R","M","R","T","M","$","?","R","?","R","BOSS","M","?","$","?","M","R","M","?","T","?","M","?","M"],"build_version":"2019-01-23","purchased_purges":1,"victory":false,"max_hp_per_floor":[80,80,80,80,80,80,80,80,80,80,80,80,80,80,80,80,80,80,80,80,80,80,80,80,80,80,80,80,80,80],"card_choices":[{"not_picked":["Sever Soul","Havoc"],"picked":"Uppercut","floor":1},{"not_picked":["Anger","Evolve"],"picked":"Corruption","floor":3},{"not_picked":["Rupture","Blood for Blood","Seeing Red"],"picked":"SKIP","floor":5},{"not_picked":["Entrench","Burning Pact"],"picked":"Disarm","floor":7},{"not_picked":["Hemokinesis","Ghostly Armor"],"picked":"Spot Weakness","floor":10},{"not_picked":["True Grit","Cleave","Headbutt+1"],"picked":"SKIP","floor":18},{"not_picked":["Thunderclap","Headbutt"],"picked":"Intimidate","floor":22},{"not_picked":["Reckless Charge","Headbutt","Perfected Strike"],"picked":"SKIP","floor":24},{"not_picked":["Twin Strike","Warcry","Havoc"],"picked":"SKIP","floor":25},{"not_picked":["Combust","Power Through+1","Clash+1"],"picked":"SKIP","floor":28}],"player_experience":1225931,"relics_obtained":[{"floor":9,"key":"Bag of Preparation"},{"floor":26,"key":"Anchor"}],"event_choices":[{"damage_healed":0,"gold_gain":0,"player_choice":"Entered Light","damage_taken":16,"max_hp_gain":0,"max_hp_loss":0,"event_name":"Shining Light","floor":2,"gold_loss":0,"cards_upgraded":["Defend_R","Strike_R"]},{"damage_healed":0,"gold_gain":0,"player_choice":"Take Damage","damage_taken":20,"relics_obtained":["Golden Idol"],"max_hp_gain":0,"max_hp_loss":0,"event_name":"Golden Idol","floor":4,"gold_loss":0},{"cards_removed":["Strike_R"],"damage_healed":0,"gold_gain":0,"player_choice":"Card Removal","damage_taken":7,"max_hp_gain":0,"max_hp_loss":0,"event_name":"Golden Wing","floor":12,"gold_loss":0},{"damage_healed":0,"gold_gain":0,"player_choice":"Ignored","damage_taken":0,"max_hp_gain":0,"max_hp_loss":0,"event_name":"Vampires","floor":19,"gold_loss":0},{"damage_healed":0,"gold_gain":0,"player_choice":"Bet on Murderer","damage_taken":0,"max_hp_gain":0,"max_hp_loss":0,"event_name":"The Joust","floor":21,"gold_loss":50},{"damage_healed":0,"gold_gain":0,"player_choice":"Obtained Relic","damage_taken":0,"relics_obtained":["Bag of Marbles"],"max_hp_gain":0,"max_hp_loss":0,"event_name":"Addict","floor":27,"gold_loss":85},{"damage_healed":0,"gold_gain":0,"player_choice":"Inject Mutagens","damage_taken":0,"relics_obtained":["MutagenicStrength"],"max_hp_gain":0,"max_hp_loss":0,"event_name":"Drug Dealer","floor":29,"gold_loss":0}],"is_beta":false,"boss_relics":[{"not_picked":["Snecko Eye","Runic Dome"],"picked":"Eternal Feather"}],"items_purged_floors":[11],"is_endless":false,"potions_floor_spawned":[1,5,16,22,24,28],"killed_by":"Sentry and Sphere","ascension_level":2}