{"path_per_floor":["M","?","?","M","?","E","$","M","T","M","T","?","M","M","R","B",null,"M","?","M","M","M","R","M","R","T","M","$","M","?","?","R","B",null,"M","M","$","M","?","R","M","R","T","R","?","?","M","$","R"],"character_chosen":"IRONCLAD","items_purchased":["Toxic Egg 2","Rampage","Spot Weakness"],"gold_per_floor":[115,115,115,136,136,167,92,111,111,132,132,132,153,174,174,303,303,324,324,340,361,375,375,391,391,437,450,163,179,179,179,179,308,308,331,354,254,273,273,273,293,293,347,347,347,347,366,147,147],"floor_reached":50,"campfire_rested":1,"playtime":1408,"current_hp_per_floor":[80,84,63,69,62,68,68,73,73,79,79,79,70,58,58,29,87,83,83,77,73,57,57,55,55,55,30,30,27,27,27,53,36,87,84,66,66,62,62,62,47,47,47,47,47,47,52,52,52],"items_purged":["Defend_R","Searing Blow","Inflame","Twin Strike"],"gold":147,"score":471,"play_id":"da7cbfb2-3509-4ff7-979c-7c9a725646da","local_time":"20180318134512","is_prod":false,"is_daily":false,"is_ascension_mode":false,"campfire_upgraded":4,"timestamp":1521391512,"path_taken":["M","?","?","M","?","E","$","?","T","M","?","?","M","?","R","BOSS","M","?","M","M","M","R","M","R","T","M","$","M","?","?","R","BOSS","M","M","$","M","?","R","M","R","T","R","?","?","M","?","R","BOSS"],"build_version":"2018-03-15v3","purchased_purges":5,"victory":false,"master_deck":["Bash+1","Flex+1","Clash+1","Rage+1","Rampage+1","Spot Weakness+1"],"max_hp_per_floor":[80,87,87,87,87,87,87,87,87,87,87,87,87,87,87,87,87,87,87,87,87,87,87,87,87,87,87,87,87,87,87,87,87,87,87,87,87,87,87,87,87,87,87,87,87,87,87,87,87],"relics":["Burning Blood","NeowsBlessing","Strawberry","Golden Idol","Paper Frog","The Courier","Peace Pipe","Astrolabe","Dream Catcher","Toxic Egg 2","Sozu","Happy Flower"],"card_choices":[{"not_picked":["Armaments","Headbutt"],"picked":"Flex"},{"not_picked":["Headbutt","Entrench"],"picked":"Clash"},{"not_picked":["Carnage","Spot Weakness"],"picked":"Rage"},{"not_picked":["Sentinel","Armaments"],"picked":"Reckless Charge"}],"player_experience":596804,"potions_floor_usage":[16,20,27,33,50],"damage_taken":[{"damage":0,"enemies":"Small Slimes","floor":1,"turns":1},{"damage":0,"enemies":"2 Louse","floor":4,"turns":1},{"damage":0,"enemies":"3 Sentries","floor":6,"turns":1},{"damage":1,"enemies":"Jaw Worm","floor":8,"turns":3},{"damage":0,"enemies":"Large Slime","floor":10,"turns":4},{"damage":15,"enemies":"Looter","floor":13,"turns":3},{"damage":18,"enemies":"Lots of Slimes","floor":14,"turns":3},{"damage":35,"enemies":"Slime Boss","floor":16,"turns":8},{"damage":10,"enemies":"Spheric Guardian","floor":18,"turns":3},{"damage":12,"enemies":"Shell Parasite","floor":20,"turns":3},{"damage":10,"enemies":"Sentry and Sphere","floor":21,"turns":3},{"damage":22,"enemies":"Cultist and Chosen","floor":22,"turns":5},{"damage":8,"enemies":"Centurion and Healer","floor":24,"turns":3},{"damage":31,"enemies":"Sentry and Sphere","floor":27,"turns":5},{"damage":9,"enemies":"3 Cultists","floor":29,"turns":3},{"damage":23,"enemies":"Champ","floor":33,"turns":5},{"damage":9,"enemies":"Orb Walker","floor":35,"turns":2},{"damage":24,"enemies":"3 Darklings","floor":36,"turns":3},{"damage":10,"enemies":"Maw","floor":38,"turns":5},{"damage":21,"enemies":"4 Shapes","floor":41,"turns":3},{"damage":1,"enemies":"3 Darklings","floor":47,"turns":4},{"damage":60,"enemies":"Time Eater","floor":50,"turns":4}],"event_choices":[{"event_name":"Scrap Ooze","player_choice":"success","floor":2,"damage_taken":3},{"event_name":"Golden Idol","player_choice":"Take Damage","floor":3,"damage_taken":0},{"event_name":"Golden Wing","player_choice":"Card Removal","floor":5,"damage_taken":0},{"event_name":"Wheel of Change","player_choice":"Card Removal","floor":12,"damage_taken":0},{"event_name":"Vampires","player_choice":"Ignored","floor":19,"damage_taken":0},{"event_name":"Match and Keep!","player_choice":"1 cards matched","floor":30,"damage_taken":0},{"event_name":"Back to Basics","player_choice":"Elegance","floor":31,"damage_taken":0},{"event_name":"Accursed Blacksmith","player_choice":"Forge","floor":39,"damage_taken":0},{"event_name":"Tomb of Lord Red Mask","player_choice":"Ignored","floor":46,"damage_taken":0}],"boss_relics":[{"not_picked":["Calling Bell","Mark of Pain"],"picked":"Astrolabe"},{"not_picked":["Velvet Choker","Runic Dome"],"picked":"Sozu"}],"potions_floor_spawned":[4,8,10,16,18,27,29,35],"seed_played":"-3253328018686513147","killed_by":"Time Eater","ascension_level":0,"is_trial":false}