{"gold_per_floor":[119,130,147,247,260,293,303,303,372,372,382,332,332,343,343,343],"floor_reached":16,"playtime":1050,"items_purged":[],"score":114,"play_id":"662f1aa2-09b4-46a8-aa28-25fbdfbefdda","local_time":"20190310141441","is_ascension_mode":true,"campfire_choices":[{"data":"True Grit","floor":10,"key":"SMITH"},{"data":"Uppercut","floor":13,"key":"SMITH"},{"data":"Inflame","floor":15,"key":"SMITH"}],"neow_cost":"NONE","seed_source_timestamp":1187331179174943,"circlet_count":0,"master_deck":["Strike_R","Strike_R","Strike_R","Strike_R","Defend_R","Defend_R","Defend_R","Defend_R","Bash","Uppercut+1","Feed","True Grit+1","Inflame+1","Sentinel","Ghostly Armor"],"relics":["Burning Blood","Regal Pillow"],"potions_floor_usage":[6],"damage_taken":[{"damage":6,"enemies":"Cultist","floor":1,"turns":3},{"damage":7,"enemies":"Jaw Worm","floor":2,"turns":3},{"damage":0,"enemies":"Small Slimes","floor":3,"turns":3},{"damage":6,"enemies":"3 Louse","floor":5,"turns":3},{"damage":75,"enemies":"Lagavulin","floor":6,"turns":13},{"damage":7,"enemies":"Blue Slaver","floor":7,"turns":4},{"damage":5,"enemies":"2 Fungi Beasts","floor":11,"turns":4},{"damage":26,"enemies":"Lots of Slimes","floor":14,"turns":6},{"damage":46,"enemies":"Slime Boss","floor":16,"turns":7}],"seed_played":"-1022157541316103578","potions_obtained":[{"floor":2,"key":"Block Potion"},{"floor":5,"key":"FairyPotion"},{"floor":7,"key":"GamblersBrew"}],"is_trial":false,"path_per_floor":["M","M","M","?","M","E","M","?","T","R","M","?","R","M","R","B"],"character_chosen":"IRONCLAD","items_purchased":[],"campfire_rested":0,"item_purchase_floors":[],"current_hp_per_floor":[80,79,80,80,83,14,13,33,33,33,37,37,37,20,20,0],"gold":343,"neow_bonus":"TRANSFORM_CARD","is_prod":false,"is_daily":false,"chose_seed":false,"campfire_upgraded":3,"win_rate":0,"timestamp":1552241681,"path_taken":["M","M","M","?","?","E","M","?","T","R","M","?","R","M","R","BOSS"],"build_version":"2019-01-23","purchased_purges":0,"victory":false,"max_hp_per_floor":[80,80,80,80,83,83,83,83,83,83,86,83,83,86,86,86],"card_choices":[{"not_picked":["Iron Wave","Thunderclap","Cleave"],"picked":"SKIP","floor":1},{"not_picked":["Body Slam","Twin Strike","Perfected Strike"],"picked":"SKIP","floor":2},{"not_picked":["Havoc","True Grit"],"picked":"Feed","floor":3},{"not_picked":["Clothesline","Reckless Charge"],"picked":"True Grit","floor":5},{"not_picked":["Infernal Blade","Impervious"],"picked":"Inflame","floor":6},{"not_picked":["Sever Soul","Havoc"],"picked":"Sentinel","floor":7},{"not_picked":["Twin Strike","Iron Wave"],"picked":"Ghostly Armor","floor":11},{"not_picked":["Sword Boomerang","Searing Blow","Blood for Blood"],"picked":"SKIP","floor":14}],"player_experience":182209,"relics_obtained":[{"floor":6,"key":"Regal Pillow"}],"event_choices":[{"damage_healed":0,"gold_gain":100,"player_choice":"Pray","damage_taken":0,"max_hp_gain":0,"max_hp_loss":0,"event_name":"Golden Shrine","floor":4,"gold_loss":0},{"damage_healed":20,"gold_gain":0,"player_choice":"Healed and dodged fight","damage_taken":0,"max_hp_gain":0,"max_hp_loss":0,"event_name":"Mushrooms","floor":8,"gold_loss":0,"cards_obtained":["Parasite"]},{"cards_removed":["Parasite"],"damage_healed":0,"gold_gain":0,"player_choice":"Card Removal","damage_taken":0,"max_hp_gain":0,"max_hp_loss":0,"event_name":"The Cleric","floor":12,"gold_loss":50}],"is_beta":false,"boss_relics":[],"items_purged_floors":[],"is_endless":false,"potions_floor_spawned":[2,5,7],"killed_by":"Slime Boss","ascension_level":2}