{"path_per_floor":["M","?","M","M","M","R","M","M","T","?","M","M","$","?","R","B",null,"M","M"],"character_chosen":"IRONCLAD","items_purchased":[],"gold_per_floor":[211,211,229,243,260,260,270,289,314,414,430,449,374,374,374,495,495,508,524],"floor_reached":20,"campfire_rested":1,"playtime":581,"current_hp_per_floor":[80,64,64,64,48,48,54,42,42,42,36,34,34,34,71,37,74,74,48],"items_purged":["Defend_R"],"gold":524,"score":170,"play_id":"b03d0ff1-e8ab-454c-a1c2-a7aa295d6fcf","local_time":"20180318230625","is_prod":false,"is_daily":false,"is_ascension_mode":false,"campfire_upgraded":1,"timestamp":1521425185,"path_taken":["M","?","M","M","M","R","M","?","T","?","M","M","$","?","R","BOSS","M","M","M"],"build_version":"2018-03-15v3","purchased_purges":2,"victory":false,"master_deck":["Strike_R","Strike_R","Strike_R","Strike_R","Strike_R","Defend_R","Defend_R+1","Defend_R+1","Bash","Dual Wield","Flex+1","Thunderclap","Double Tap","Rage"],"max_hp_per_floor":[80,80,80,80,80,80,80,80,80,80,80,80,80,74,74,74,74,74,74],"relics":["Burning Blood","Regal Pillow","Golden Idol","Runic Dome"],"card_choices":[{"not_picked":["Shockwave","Armaments"],"picked":"Dual Wield"},{"not_picked":["Havoc","Iron Wave"],"picked":"Flex"},{"not_picked":["Iron Wave","Sword Boomerang"],"picked":"Thunderclap"},{"not_picked":["Exhume","Bludgeon"],"picked":"Double Tap"},{"not_picked":["Twin Strike","Flex"],"picked":"Rage"}],"player_experience":613915,"potions_floor_usage":[7,7,16],"damage_taken":[{"damage":6,"enemies":"Cultist","floor":1,"turns":3},{"damage":6,"enemies":"2 Louse","floor":3,"turns":3},{"damage":6,"enemies":"Small Slimes","floor":4,"turns":3},{"damage":22,"enemies":"Gremlin Gang","floor":5,"turns":7},{"damage":0,"enemies":"Large Slime","floor":7,"turns":2},{"damage":18,"enemies":"Lots of Slimes","floor":8,"turns":4},{"damage":12,"enemies":"Looter","floor":11,"turns":3},{"damage":8,"enemies":"Large Slime","floor":12,"turns":5},{"damage":40,"enemies":"Slime Boss","floor":16,"turns":12},{"damage":5,"enemies":"3 Byrds","floor":18,"turns":4},{"damage":32,"enemies":"2 Thieves","floor":19,"turns":4},{"damage":54,"enemies":"Cultist and Chosen","floor":20,"turns":5}],"event_choices":[{"event_name":"Shining Light","player_choice":"Entered Light","floor":2,"damage_taken":0},{"event_name":"Golden Shrine","player_choice":"Pray","floor":10,"damage_taken":0},{"event_name":"Golden Idol","player_choice":"Lose Max HP","floor":14,"damage_taken":0}],"boss_relics":[{"not_picked":["Runic Cube","Lizard Tail"],"picked":"Runic Dome"}],"potions_floor_spawned":[1,3,5,12,18],"seed_played":"3459171047649263948","killed_by":"Cultist and Chosen","ascension_level":0,"is_trial":false}