{"gold_per_floor":[115,133,133,145,156,156,187,187,187,4,4,32,49,68,68,142,142,161,173,192,107,107,107],"floor_reached":23,"playtime":897,"items_purged":[],"score":355,"play_id":"a126dae4-3639-4c57-b484-1f1631770984","local_time":"20190304004130","is_ascension_mode":true,"campfire_choices":[{"data":"Go for the Eyes","floor":6,"key":"SMITH"},{"data":"Zap","floor":8,"key":"SMITH"},{"floor":11,"key":"REST"},{"floor":15,"key":"REST"}],"neow_cost":"NONE","seed_source_timestamp":166983263270040,"circlet_count":0,"master_deck":["AscendersBane","Strike_B","Strike_B","Strike_B","Defend_B","Defend_B","Defend_B","Defend_B","Zap+1","Dualcast","Cold Snap","Go for the Eyes+1","Loop","BootSequence","Loop","Conserve Battery","Darkness","Core Surge","Self Repair","Loop","Conserve Battery"],"relics":["Cracked Core","Calipers","Blue Candle","Art of War","Ornamental Fan","Coffee Dripper","Orichalcum","Enchiridion"],"potions_floor_usage":[7,16,18,20],"damage_taken":[{"damage":0,"enemies":"Jaw Worm","floor":1,"turns":4},{"damage":0,"enemies":"Cultist","floor":2,"turns":4},{"damage":2,"enemies":"2 Louse","floor":4,"turns":3},{"damage":1,"enemies":"Blue Slaver","floor":5,"turns":3},{"damage":40,"enemies":"Gremlin Nob","floor":7,"turns":5},{"damage":13,"enemies":"Lagavulin","floor":12,"turns":8},{"damage":0,"enemies":"2 Fungi Beasts","floor":13,"turns":5},{"damage":18,"enemies":"3 Louse","floor":14,"turns":4},{"damage":29,"enemies":"The Guardian","floor":16,"turns":9},{"damage":11,"enemies":"3 Byrds","floor":18,"turns":7},{"damage":22,"enemies":"Chosen","floor":19,"turns":6},{"damage":18,"enemies":"Centurion and Healer","floor":20,"turns":9},{"damage":27,"enemies":"Gremlin Leader","floor":23,"turns":4}],"seed_played":"7034756070326467047","potions_obtained":[{"floor":4,"key":"Weak Potion"},{"floor":7,"key":"LiquidBronze"},{"floor":14,"key":"FairyPotion"},{"floor":16,"key":"Dexterity Potion"},{"floor":18,"key":"SkillPotion"},{"floor":19,"key":"Regen Potion"}],"is_trial":false,"path_per_floor":["M","M","?","M","M","R","E","R","T","$","R","E","M","M","R","B",null,"M","M","M","?","?","E"],"character_chosen":"DEFECT","items_purchased":["Art of War","Loop"],"campfire_rested":2,"item_purchase_floors":[10,10],"current_hp_per_floor":[64,64,64,62,61,61,21,21,21,21,42,29,29,11,32,3,54,43,28,32,32,11,0],"gold":107,"neow_bonus":"THREE_CARDS","is_prod":false,"is_daily":false,"chose_seed":false,"campfire_upgraded":2,"win_rate":0,"timestamp":1551656490,"path_taken":["M","M","?","M","M","R","E","R","T","$","R","E","M","M","R","BOSS","M","M","M","?","?","E"],"build_version":"2019-01-23","purchased_purges":0,"victory":false,"max_hp_per_floor":[71,71,71,71,71,71,71,71,71,71,71,71,71,71,71,71,71,71,71,71,71,71,71],"card_choices":[{"not_picked":["Coolheaded","Consume"],"picked":"Cold Snap","floor":0},{"not_picked":["Chaos","Sweeping Beam"],"picked":"Go for the Eyes","floor":1},{"not_picked":["Stack","Leap","Reprogram"],"picked":"SKIP","floor":2},{"not_picked":["Streamline","Coolheaded"],"picked":"BootSequence","floor":4},{"not_picked":["Turbo","Heatsinks","Scrape"],"picked":"SKIP","floor":5},{"not_picked":["Leap","Barrage","Fusion"],"picked":"SKIP","floor":7},{"not_picked":["Hologram","Barrage"],"picked":"Conserve Battery","floor":12},{"not_picked":["BootSequence","Hello World"],"picked":"Darkness","floor":13},{"not_picked":["Stack","Compile Driver","Machine Learning"],"picked":"SKIP","floor":14},{"not_picked":["Rainbow","Buffer"],"picked":"Core Surge","floor":16},{"not_picked":["Heatsinks","Compile Driver"],"picked":"Self Repair","floor":18},{"not_picked":["Consume","Leap"],"picked":"Loop","floor":19},{"not_picked":["Doom and Gloom","Barrage"],"picked":"Conserve Battery","floor":20}],"player_experience":814583,"relics_obtained":[{"floor":7,"key":"Calipers"},{"floor":9,"key":"Blue Candle"},{"floor":12,"key":"Ornamental Fan"},{"floor":22,"key":"Enchiridion"}],"event_choices":[{"damage_healed":0,"gold_gain":0,"cards_transformed":["Strike_B"],"player_choice":"Transformed","damage_taken":0,"max_hp_gain":0,"max_hp_loss":0,"event_name":"Transmorgrifier","floor":3,"gold_loss":0,"cards_obtained":["Loop"]},{"damage_healed":0,"gold_gain":0,"player_choice":"Obtained Relic","damage_taken":0,"relics_obtained":["Orichalcum"],"max_hp_gain":0,"max_hp_loss":0,"event_name":"Addict","floor":21,"gold_loss":85},{"damage_healed":0,"gold_gain":0,"player_choice":"Obtained Book","damage_taken":21,"max_hp_gain":0,"max_hp_loss":0,"event_name":"Cursed Tome","floor":22,"gold_loss":0}],"is_beta":false,"boss_relics":[{"not_picked":["Pandora\u0027s Box","Fusion Hammer"],"picked":"Coffee Dripper"}],"items_purged_floors":[],"is_endless":false,"potions_floor_spawned":[4,7,14,16,18,19],"killed_by":"Gremlin Leader","ascension_level":15}