{"gold_per_floor":[363,0,10,10,10,10,40,40,86,118,118,130,130,161,161,266,266,285,18,33,33,33,33,53,53],"floor_reached":25,"playtime":883,"items_purged":["Strike_G","Strike_G"],"score":238,"play_id":"e9da5daa-a6dd-4c57-a44f-efd494da85dc","local_time":"20190216003214","is_ascension_mode":true,"campfire_choices":[{"data":"Noxious Fumes","floor":6,"key":"SMITH"},{"data":"Neutralize","floor":8,"key":"SMITH"},{"data":"Deadly Poison","floor":13,"key":"SMITH"},{"floor":15,"key":"REST"},{"data":"Envenom","floor":23,"key":"SMITH"}],"neow_cost":"PERCENT_DAMAGE","seed_source_timestamp":95908962017842,"circlet_count":0,"master_deck":["Defend_G","Defend_G","Defend_G","Defend_G","Defend_G","Strike_G","Strike_G","Strike_G","Survivor","Neutralize+1","Noxious Fumes+1","Infinite Blades+1","Escape Plan","Dagger Spray","Deadly Poison+1","Corpse Explosion","Envenom+1","Terror","Deflect","Noxious Fumes+1","Blade Dance"],"relics":["Ring of the Snake","Pantograph","Bag of Marbles","Regal Pillow","Bronze Scales","Ancient Tea Set","Bottled Flame","Coffee Dripper","Tiny Chest"],"potions_floor_usage":[10,14,25],"damage_taken":[{"damage":4,"enemies":"2 Louse","floor":1,"turns":4},{"damage":14,"enemies":"Jaw Worm","floor":3,"turns":5},{"damage":22,"enemies":"Lagavulin","floor":10,"turns":6},{"damage":0,"enemies":"Small Slimes","floor":12,"turns":3},{"damage":17,"enemies":"3 Sentries","floor":14,"turns":5},{"damage":17,"enemies":"The Guardian","floor":16,"turns":8},{"damage":15,"enemies":"Shell Parasite","floor":18,"turns":4},{"damage":8,"enemies":"Spheric Guardian","floor":20,"turns":4},{"damage":26,"enemies":"Centurion and Healer","floor":24,"turns":4},{"damage":28,"enemies":"Gremlin Leader","floor":25,"turns":4}],"seed_played":"8705841902619870847","potions_obtained":[{"floor":1,"key":"Swift Potion"},{"floor":12,"key":"SkillPotion"},{"floor":20,"key":"SkillPotion"}],"is_trial":false,"path_per_floor":["M","$","M","?","?","R","?","R","T","E","T","M","R","E","R","B",null,"M","$","M","$","?","R","M","E"],"character_chosen":"THE_SILENT","items_purchased":["Pantograph","Infinite Blades","Tiny Chest","Deflect"],"campfire_rested":1,"item_purchase_floors":[2,2,19,19],"current_hp_per_floor":[45,45,31,31,54,54,54,54,54,32,32,32,32,15,51,53,70,55,55,47,47,47,47,21,0],"gold":53,"neow_bonus":"TWO_FIFTY_GOLD","is_prod":false,"is_daily":false,"chose_seed":false,"campfire_upgraded":4,"win_rate":0,"timestamp":1550298734,"path_taken":["M","$","M","?","?","R","?","R","T","E","?","M","R","E","R","BOSS","M","?","?","$","?","R","?","E"],"build_version":"2019-01-23","purchased_purges":2,"victory":false,"max_hp_per_floor":[70,70,70,70,70,70,70,70,70,70,70,70,70,70,70,70,70,70,70,70,70,70,70,70,70],"card_choices":[{"not_picked":["Skewer","Slice"],"picked":"Noxious Fumes","floor":1},{"not_picked":["Dagger Throw","Acrobatics"],"picked":"Escape Plan","floor":3},{"not_picked":["Setup","Doppelganger"],"picked":"Dagger Spray","floor":10},{"not_picked":["Flying Knee","Acrobatics"],"picked":"Deadly Poison","floor":12},{"not_picked":["Deadly Poison","Underhanded Strike"],"picked":"Corpse Explosion","floor":14},{"not_picked":["Bullet Time","Wraith Form v2"],"picked":"Envenom","floor":16},{"not_picked":["PiercingWail","Slice+1"],"picked":"Terror","floor":18},{"not_picked":["Poisoned Stab","Wraith Form v2","Underhanded Strike+1"],"picked":"SKIP","floor":20},{"not_picked":["Deflect+1","Infinite Blades"],"picked":"Blade Dance","floor":24}],"player_experience":189147,"relics_obtained":[{"floor":9,"key":"Regal Pillow"},{"floor":10,"key":"Bronze Scales"},{"floor":11,"key":"Ancient Tea Set"},{"floor":14,"key":"Bottled Flame"}],"event_choices":[{"damage_healed":0,"gold_gain":0,"player_choice":"Grow","damage_taken":0,"max_hp_gain":0,"max_hp_loss":0,"event_name":"Living Wall","floor":4,"gold_loss":0,"cards_upgraded":["Infinite Blades"]},{"damage_healed":23,"gold_gain":0,"player_choice":"Banana","damage_taken":0,"max_hp_gain":0,"max_hp_loss":0,"event_name":"Big Fish","floor":5,"gold_loss":0},{"damage_healed":0,"gold_gain":30,"player_choice":"Searched \u00272\u0027 times","damage_taken":0,"relics_obtained":["Bag of Marbles"],"max_hp_gain":0,"max_hp_loss":0,"event_name":"Dead Adventurer","floor":7,"gold_loss":0},{"damage_healed":0,"gold_gain":0,"player_choice":"Copied","damage_taken":0,"max_hp_gain":0,"max_hp_loss":0,"event_name":"Duplicator","floor":22,"gold_loss":0,"cards_obtained":["Noxious Fumes"]}],"is_beta":false,"boss_relics":[{"not_picked":["Black Star","Orrery"],"picked":"Coffee Dripper"}],"items_purged_floors":[2,19],"is_endless":false,"potions_floor_spawned":[1,12,20],"killed_by":"Gremlin Leader","ascension_level":3}