{"gold_per_floor":[111,111,111,34,50,75,0,34,34,34,34,54,66,89,89,184,184,195,195,3,3,3,3,21,21,68,99,24,24,24,24,24,123,173,187,32,0,100,100,100],"floor_reached":40,"playtime":1393,"items_purged":["Strike_R"],"score":500,"play_id":"411535ab-e206-435d-915b-affc3edcc21a","local_time":"20190213134524","is_ascension_mode":true,"campfire_choices":[{"data":"Reaper","floor":10.0,"key":"SMITH"},{"data":"Armaments","floor":15.0,"key":"SMITH"},{"data":"Metallicize","floor":23.0,"key":"SMITH"},{"data":"Juggernaut","floor":30.0,"key":"SMITH"},{"floor":32.0,"key":"DIG"}],"neow_cost":"NONE","seed_source_timestamp":13695163231967,"circlet_count":0,"master_deck":["Defend_R","Defend_R","Defend_R+1","Defend_R","Bash","Shrug It Off","Reaper+1","Disarm","Juggernaut+1","Cleave","Armaments+1","Iron Wave","Feed","Metallicize+1","Pommel Strike","Bite+1","Bite","Bite+1","Bite+1","Bite","True Grit","Pommel Strike+1","Inflame+1","Inflame"],"special_seed":0,"relics":["Burning Blood","NeowsBlessing","Shovel","Bronze Scales","Magic Flower","Ginger","Odd Mushroom","Black Star","Medical Kit","Pantograph","Potion Belt","Boot","Gremlin Horn","Molten Egg 2","Pen Nib","Tiny House","Whetstone","Red Mask","FossilizedHelix"],"potions_floor_usage":[],"damage_taken":[{"damage":0.0,"enemies":"Jaw Worm","floor":1.0,"turns":1.0},{"damage":0.0,"enemies":"2 Louse","floor":5.0,"turns":2.0},{"damage":0.0,"enemies":"3 Sentries","floor":6.0,"turns":1.0},{"damage":33.0,"enemies":"Lagavulin","floor":8.0,"turns":7.0},{"damage":9.0,"enemies":"Cultist","floor":12.0,"turns":4.0},{"damage":20.0,"enemies":"2 Fungi Beasts","floor":13.0,"turns":4.0},{"damage":29.0,"enemies":"The Mushroom Lair","floor":14.0,"turns":4.0},{"damage":34.0,"enemies":"The Guardian","floor":16.0,"turns":12.0},{"damage":6.0,"enemies":"Chosen","floor":18.0,"turns":5.0},{"damage":20.0,"enemies":"2 Thieves","floor":24.0,"turns":4.0},{"damage":36.0,"enemies":"Book of Stabbing","floor":27.0,"turns":6.0},{"damage":84.0,"enemies":"Automaton","floor":33.0,"turns":12.0},{"damage":30.0,"enemies":"3 Darklings","floor":35.0,"turns":7.0},{"damage":11.0,"enemies":"Mind Bloom Boss Battle","floor":38.0,"turns":7.0},{"damage":67,"enemies":"Giant Head","floor":40,"turns":8}],"seed_played":"-3382291932698249797","potions_obtained":[{"floor":1.0,"key":"Strength Potion"},{"floor":5.0,"key":"Energy Potion"},{"floor":6.0,"key":"SpeedPotion"},{"floor":16.0,"key":"Energy Potion"},{"floor":24.0,"key":"LiquidBronze"},{"floor":33.0,"key":"AttackPotion"},{"floor":34.0,"key":"Explosive Potion"}],"is_trial":false,"path_per_floor":["M","?","?","$","M","E","$","E","T","R","?","M","M","?","R","B",null,"M","?","$","?","?","R","M","$","T","E","?","?","R","T","R","B",null,"M","$","?","?","?","E"],"character_chosen":"IRONCLAD","items_purchased":["Reaper","Medical Kit","Whetstone"],"campfire_rested":0,"item_purchase_floors":[4,20,36],"current_hp_per_floor":[80,64,57,57,65,74,74,47,47,47,47,55,55,62,62,45,80,80,80,80,80,80,80,69,69,69,42,42,42,42,42,42,29,61,43,43,43,64,64,0],"gold":100,"neow_bonus":"THREE_ENEMY_KILL","is_prod":false,"is_daily":false,"chose_seed":false,"campfire_upgraded":4,"win_rate":0,"timestamp":1550087124,"path_taken":["M","?","?","?","M","E","$","E","T","R","?","?","M","?","R","BOSS","M","?","$","?","?","R","M","$","T","E","?","?","R","?","R","BOSS","M","$","?","?","?","E"],"build_version":"2019-01-23","purchased_purges":1,"victory":false,"max_hp_per_floor":[80,80,80,80,80,80,80,80,80,80,80,80,80,80,80,80,80,80,80,80,80,80,80,80,80,80,80,80,56,56,56,56,56,61,61,61,61,64,64,64],"card_choices":[{"not_picked":["Cleave","Twin Strike"],"picked":"Shrug It Off","floor":1.0},{"not_picked":["Blood for Blood","Heavy Blade","Rupture"],"picked":"SKIP","floor":5.0},{"not_picked":["Bloodletting","Flex"],"picked":"Disarm","floor":6.0},{"not_picked":["Body Slam","Bludgeon"],"picked":"Juggernaut","floor":8.0},{"not_picked":["Blood for Blood","Headbutt"],"picked":"Cleave","floor":12.0},{"not_picked":["Shockwave","Intimidate"],"picked":"Armaments","floor":13.0},{"not_picked":["Pommel Strike","Clash"],"picked":"Iron Wave","floor":14.0},{"not_picked":["Bludgeon","Brutality"],"picked":"Feed","floor":16.0},{"not_picked":["Battle Trance","Hemokinesis","Shrug It Off"],"picked":"SKIP","floor":18.0},{"not_picked":["Twin Strike","Perfected Strike+1"],"picked":"Pommel Strike","floor":24.0},{"not_picked":["Warcry","Double Tap","Havoc+1"],"picked":"SKIP","floor":27.0},{"not_picked":["Impervious","Reaper+1"],"picked":"Demon Form","floor":33.0},{"not_picked":["Combust","Cleave+1"],"picked":"True Grit","floor":34.0},{"not_picked":["Power Through","Warcry"],"picked":"Pommel Strike+1","floor":35.0},{"not_picked":["Flex","Anger+1"],"picked":"Inflame+1","floor":38.0}],"player_experience":155081,"relics_obtained":[{"floor":6.0,"key":"Bronze Scales"},{"floor":8.0,"key":"Magic Flower"},{"floor":9.0,"key":"Ginger"},{"floor":14.0,"key":"Odd Mushroom"},{"floor":26.0,"key":"Potion Belt"},{"floor":27.0,"key":"Boot"},{"floor":27.0,"key":"Gremlin Horn"},{"floor":31.0,"key":"Molten Egg 2"},{"floor":32.0,"key":"Pen Nib"},{"floor":38.0,"key":"FossilizedHelix"}],"event_choices":[{"damage_healed":0.0,"max_hp_gain":0.0,"max_hp_loss":0.0,"gold_gain":0.0,"event_name":"Shining Light","player_choice":"Entered Light","floor":2.0,"gold_loss":0.0,"damage_taken":16.0,"cards_upgraded":["Defend_R","Strike_R"]},{"damage_healed":0.0,"max_hp_gain":0.0,"max_hp_loss":0.0,"gold_gain":0.0,"event_name":"Scrap Ooze","player_choice":"Success","floor":3.0,"gold_loss":0.0,"damage_taken":7.0,"relics_obtained":["Shovel"]},{"damage_healed":0.0,"max_hp_gain":0.0,"max_hp_loss":0.0,"gold_gain":0.0,"event_name":"Wheel of Change","player_choice":"Cursed","floor":11.0,"gold_loss":0.0,"damage_taken":0.0,"cards_obtained":["Decay"]},{"damage_healed":0.0,"max_hp_gain":0.0,"max_hp_loss":0.0,"gold_gain":0.0,"event_name":"Mushrooms","player_choice":"Fought Mushrooms","floor":14.0,"gold_loss":0.0,"damage_taken":0.0},{"damage_healed":0.0,"max_hp_gain":0.0,"max_hp_loss":0.0,"gold_gain":0.0,"event_name":"The Library","player_choice":"Read","floor":19.0,"gold_loss":0.0,"damage_taken":0.0,"cards_obtained":["Metallicize"]},{"damage_healed":0.0,"max_hp_gain":0.0,"max_hp_loss":0.0,"gold_gain":0.0,"event_name":"The Mausoleum","player_choice":"Opened","floor":22.0,"gold_loss":0.0,"damage_taken":0.0,"relics_obtained":["Pantograph"]},{"cards_removed":["Decay"],"damage_healed":0.0,"max_hp_gain":0.0,"max_hp_loss":0.0,"gold_gain":0.0,"event_name":"Beggar","player_choice":"Gave Gold","floor":28.0,"gold_loss":75.0,"damage_taken":0.0},{"damage_healed":0.0,"max_hp_gain":0.0,"max_hp_loss":24.0,"gold_gain":0.0,"event_name":"Vampires","player_choice":"Became a vampire","floor":29.0,"gold_loss":0.0,"damage_taken":0.0,"cards_obtained":["Bite","Bite","Bite","Bite","Bite"]},{"damage_healed":0.0,"max_hp_gain":0.0,"max_hp_loss":0.0,"gold_gain":0.0,"event_name":"Tomb of Lord Red Mask","player_choice":"Paid","floor":37.0,"gold_loss":32.0,"damage_taken":0.0,"relics_obtained":["Red Mask"]},{"damage_healed":0.0,"max_hp_gain":0.0,"max_hp_loss":0.0,"gold_gain":0.0,"event_name":"MindBloom","player_choice":"Fight","floor":38.0,"gold_loss":0.0,"damage_taken":0.0},{"damage_healed":0.0,"max_hp_gain":0.0,"max_hp_loss":0.0,"gold_gain":0.0,"cards_transformed":["Demon Form"],"event_name":"Transmorgrifier","player_choice":"Transformed","floor":39.0,"gold_loss":0.0,"damage_taken":0.0,"cards_obtained":["Inflame"]}],"is_beta":false,"boss_relics":[{"not_picked":["Busted Crown","Ectoplasm"],"picked":"Black Star"},{"not_picked":["Eternal Feather","Runic Cube"],"picked":"Tiny House"}],"items_purged_floors":[7],"is_endless":false,"potions_floor_spawned":[1,5,6,16,24,33],"killed_by":"Giant Head","ascension_level":1}