{"path_per_floor":["M","?","M","$","M","R","?","$","T","R","M","M","E","$","R","B",null,"M","$","M","M","M","R","?","E","T","?"],"character_chosen":"THE_SILENT","items_purchased":["Footwork","Noxious Fumes","Footwork"],"gold_per_floor":[119,194,213,58,68,68,68,0,0,0,10,23,54,54,54,154,154,164,84,98,116,129,129,129,154,179,179],"floor_reached":28,"campfire_rested":2,"playtime":1683,"current_hp_per_floor":[61,50,49,49,49,49,49,49,49,49,49,36,20,20,41,26,59,57,57,43,35,28,49,49,38,38,38],"items_purged":["Strike_G"],"gold":179,"score":309,"play_id":"c6b6eac9-93ad-4aba-86b3-c3ee900bc477","is_prod":false,"is_daily":false,"is_ascension_mode":true,"campfire_upgraded":1,"path_taken":["M","?","M","?","M","R","?","$","T","R","?","M","E","?","R","BOSS","M","$","?","M","?","R","?","E","T","?","?"],"build_version":"2018-02-22-PROD1","purchased_purges":1,"victory":false,"master_deck":["Defend_G+1","Defend_G+1","Defend_G+1","Defend_G+1","Defend_G+1","Strike_G+1","Strike_G+1","Strike_G+1","Survivor","Neutralize","Caltrops","Footwork+1","Cloak And Dagger","Noxious Fumes","Blade Dance","Footwork","Die Die Die","Cloak And Dagger+1","Footwork","Backstab","PiercingWail","Dagger Spray+1","Pain"],"max_hp_per_floor":[70,70,70,70,70,70,70,70,70,70,70,70,70,70,70,70,70,70,70,70,70,70,70,70,70,70,70],"relics":["Ring of the Snake","Shovel","Mummified Hand","Matryoshka","Cursed Key","Blue Candle","Blood Vial","Bronze Scales"],"card_choices":[{"not_picked":["Cloak And Dagger","Skewer"],"picked":"Caltrops"},{"not_picked":["Infinite Blades","Outmaneuver"],"picked":"Cloak And Dagger"},{"not_picked":["Crippling Poison","Dagger Throw"],"picked":"Blade Dance"},{"not_picked":["Noxious Fumes","Deflect"],"picked":"Footwork"},{"not_picked":["Night Terror","Doppelganger"],"picked":"Die Die Die"},{"not_picked":["Outmaneuver","Acrobatics"],"picked":"Cloak And Dagger"},{"not_picked":["Slice","Flying Knee"],"picked":"Backstab"},{"not_picked":["Backflip","Masterful Stab"],"picked":"PiercingWail"},{"not_picked":["Distraction","Masterful Stab"],"picked":"Dagger Spray"}],"player_experience":240170,"potions_floor_usage":[13,16,16,20,20,22],"damage_taken":[{"damage":2,"enemies":"2 Louse","floor":1,"turns":4},{"damage":1,"enemies":"Small Slimes","floor":3,"turns":4},{"damage":0,"enemies":"Cultist","floor":5,"turns":5},{"damage":0,"enemies":"3 Louse","floor":11,"turns":4},{"damage":13,"enemies":"Exordium Thugs","floor":12,"turns":6},{"damage":16,"enemies":"Lagavulin","floor":13,"turns":9},{"damage":15,"enemies":"Hexaghost","floor":16,"turns":11},{"damage":2,"enemies":"Spheric Guardian","floor":18,"turns":6},{"damage":14,"enemies":"2 Thieves","floor":20,"turns":5},{"damage":8,"enemies":"Slaver and Parasite","floor":21,"turns":9},{"damage":7,"enemies":"Centurion and Healer","floor":22,"turns":8},{"damage":11,"enemies":"Slavers","floor":25,"turns":7},{"damage":41,"enemies":"Chosen and Byrds","floor":28,"turns":5}],"event_choices":[{"event_name":"World of Goop","player_choice":"Gather Gold","floor":2,"damage_taken":0},{"event_name":"The Lab","player_choice":"Got Potions","floor":7,"damage_taken":0},{"event_name":"Back to Basics","player_choice":"Simplicity","floor":24,"damage_taken":0},{"event_name":"Drug Dealer","player_choice":"Ignored","floor":27,"damage_taken":0}],"boss_relics":[{"not_picked":["Runic Dome","Question Card"],"picked":"Cursed Key"}],"potions_floor_spawned":[11,13,16,18,21,22],"seed_played":"8248121397219276565","killed_by":"Chosen and Byrds","ascension_level":6,"is_trial":false}