{"path_per_floor":["M","?","M","M","?","R","E","?","T","$","?","M","?","?","R","B",null,"M","M","$","?","?","R","M","E","T","?","M"],"character_chosen":"THE_SILENT","items_purchased":["Snake Skull","Acrobatics"],"gold_per_floor":[110,110,120,136,136,136,163,163,163,6,81,96,96,96,96,197,197,213,229,131,131,231,231,241,571,621,621,636],"floor_reached":29,"campfire_rested":3,"playtime":1875,"current_hp_per_floor":[62,62,59,56,43,61,25,40,40,40,29,20,20,20,38,26,77,45,44,44,30,30,54,54,47,47,31,20],"items_purged":["Injury"],"gold":636,"score":277,"play_id":"2d7af0c2-3fab-495e-b2e8-690f138f5a21","is_prod":false,"is_daily":false,"is_ascension_mode":true,"campfire_upgraded":0,"path_taken":["M","?","M","M","?","R","E","?","T","$","?","M","?","?","R","BOSS","M","M","$","?","?","R","M","E","T","?","M","M"],"build_version":"2018-02-15-PROD1","purchased_purges":1,"victory":false,"master_deck":["Defend_G","Defend_G","Defend_G","Defend_G","Defend_G","Strike_G","Strike_G","Strike_G","Strike_G+1","Strike_G","Survivor","Neutralize+1","Unload","Infinite Blades","Cloak And Dagger","Noxious Fumes","Parasite","Finisher","Wraith Form","Injury","Writhe","Leg Sweep","Noxious Fumes","Acrobatics","Necronomicurse"],"max_hp_per_floor":[63,63,63,63,63,63,63,63,63,63,63,63,63,63,63,63,77,77,77,77,82,82,82,82,82,82,82,82],"relics":["Ring of the Snake","Juzu Bracelet","Paper Crane","Ice Cream","Snake Skull","Calling Bell","Mango","Happy Flower","Molten Egg 2","Old Coin","Regal Pillow","Necronomicon"],"card_choices":[{"not_picked":["Venomology","Envenom"],"picked":"Unload"},{"not_picked":["Dodge and Roll","Underhanded Strike"],"picked":"Infinite Blades"},{"not_picked":["Outmaneuver","Dagger Throw"],"picked":"Cloak And Dagger"},{"not_picked":["Underhanded Strike","Flying Knee"],"picked":"Noxious Fumes"},{"not_picked":["Eviscerate","Expertise"],"picked":"Finisher"},{"not_picked":["Grand Finale","Doppelganger"],"picked":"Wraith Form"},{"not_picked":["All Out Attack","Cloak And Dagger"],"picked":"Leg Sweep"},{"not_picked":["Outmaneuver","PiercingWail"],"picked":"Noxious Fumes"}],"player_experience":203650,"potions_floor_usage":[7,16,19,25,25,29,29],"damage_taken":[{"damage":1,"enemies":"Small Slimes","floor":1,"turns":4},{"damage":3,"enemies":"Jaw Worm","floor":3,"turns":3},{"damage":3,"enemies":"Cultist","floor":4,"turns":3},{"damage":36,"enemies":"Lagavulin","floor":7,"turns":8},{"damage":9,"enemies":"Lots of Slimes","floor":12,"turns":6},{"damage":27,"enemies":"The Guardian","floor":16,"turns":12},{"damage":32,"enemies":"Shell Parasite","floor":18,"turns":7},{"damage":1,"enemies":"3 Byrds","floor":19,"turns":4},{"damage":0,"enemies":"Centurion and Healer","floor":24,"turns":6},{"damage":7,"enemies":"Gremlin Leader","floor":25,"turns":8},{"damage":11,"enemies":"Snecko","floor":28,"turns":7},{"damage":37,"enemies":"Chosen and Byrds","floor":29,"turns":5}],"event_choices":[{"event_name":"Big Fish","player_choice":"Box","floor":2,"damage_taken":0},{"event_name":"Shining Light","player_choice":"Entered Light","floor":5,"damage_taken":0},{"event_name":"Mushrooms","player_choice":"Healed and dodged fight","floor":8,"damage_taken":0},{"event_name":"World of Goop","player_choice":"Gather Gold","floor":11,"damage_taken":0},{"event_name":"Living Wall","player_choice":"Forget","floor":13,"damage_taken":0},{"event_name":"Golden Idol","player_choice":"Ignored","floor":14,"damage_taken":0},{"event_name":"Forgotten Altar","player_choice":"Shed Blood","floor":21,"damage_taken":0},{"event_name":"Golden Shrine","player_choice":"Pray","floor":22,"damage_taken":0},{"event_name":"Cursed Tome","player_choice":"Obtained Book","floor":27,"damage_taken":0}],"boss_relics":[{"not_picked":["Sozu","Pandora\u0027s Box"],"picked":"Calling Bell"}],"potions_floor_spawned":[1,4,7,18,19,24,28],"seed_played":"-2310528754278313786","killed_by":"Chosen and Byrds","ascension_level":3,"is_trial":false}