{"path_per_floor":["M","T","M","M","?","R","?","M","T","R","E","?","$","T","R","B",null,"M","?","M","$","T","R","M","T","T","M","M","M","T"],"character_chosen":"IRONCLAD","items_purchased":["Flex"],"gold_per_floor":[114,138,157,171,171,171,171,195,225,225,269,303,228,228,228,356,356,379,379,392,266,293,293,313,337,360,380,394,409,409],"floor_reached":31,"campfire_rested":0,"playtime":1056,"current_hp_per_floor":[70,77,65,71,71,71,71,77,77,77,59,65,65,65,65,26,81,64,64,66,66,66,66,26,26,26,9,14,12,12],"items_purged":["Strike_R","Defend_R"],"gold":409,"score":270,"play_id":"22bd279e-1886-4539-a69d-736c7e7c1384","local_time":"20180304190503","is_prod":false,"is_daily":false,"is_ascension_mode":true,"campfire_upgraded":2,"timestamp":1520201103,"path_taken":["M","?","M","M","?","R","?","M","T","R","E","?","$","?","R","BOSS","M","?","M","$","?","R","M","?","T","M","M","M","?","M"],"build_version":"2018-03-01-PROD1","purchased_purges":2,"victory":false,"master_deck":["Strike_R","Defend_R","Defend_R","Bash+1","Whirlwind+1","Double Tap+1","Flex+1","Rage"],"max_hp_per_floor":[80,87,87,87,87,87,81,81,81,81,81,81,81,81,81,81,81,81,81,81,81,81,81,81,81,81,81,83,85,85],"relics":["Burning Blood","Strawberry","Golden Idol","Tiny Chest","Peace Pipe","Odd Mushroom","Sundial","Runic Pyramid","War Paint","Pen Nib","Singing Bowl","Girya"],"card_choices":[{"not_picked":["Flame Barrier","Flex"],"picked":"Whirlwind"},{"not_picked":["Power Through","Twin Strike"],"picked":"Double Tap"},{"not_picked":["Bloodletting","Flex"],"picked":"Rage"}],"player_experience":416198,"potions_floor_usage":[16,16,16,27,29,31],"damage_taken":[{"damage":16,"enemies":"Cultist","floor":1,"turns":4},{"damage":18,"enemies":"Jaw Worm","floor":3,"turns":4},{"damage":0,"enemies":"2 Louse","floor":4,"turns":1},{"damage":0,"enemies":"2 Fungi Beasts","floor":8,"turns":2},{"damage":24,"enemies":"Gremlin Nob","floor":11,"turns":4},{"damage":0,"enemies":"The Mushroom Lair","floor":12,"turns":1},{"damage":45,"enemies":"Hexaghost","floor":16,"turns":8},{"damage":23,"enemies":"Spheric Guardian","floor":18,"turns":4},{"damage":4,"enemies":"3 Byrds","floor":20,"turns":3},{"damage":46,"enemies":"Slaver and Parasite","floor":24,"turns":4},{"damage":23,"enemies":"Centurion and Healer","floor":27,"turns":3},{"damage":3,"enemies":"Sentry and Sphere","floor":28,"turns":3},{"damage":10,"enemies":"Snecko","floor":29,"turns":3},{"damage":13,"enemies":"Cultist and Chosen","floor":31,"turns":2}],"event_choices":[{"event_name":"Living Wall","player_choice":"Forget","floor":5,"damage_taken":0},{"event_name":"Golden Idol","player_choice":"Lose Max HP","floor":7,"damage_taken":0},{"event_name":"Mushrooms","player_choice":"Fought Mushrooms","floor":12,"damage_taken":0},{"event_name":"Cursed Tome","player_choice":"Ignored","floor":19,"damage_taken":0}],"boss_relics":[{"not_picked":["Velvet Choker","Mark of Pain"],"picked":"Runic Pyramid"}],"potions_floor_spawned":[1,3,11,12,18,24,27],"seed_played":"4393063954208942439","killed_by":"Cultist and Chosen","ascension_level":3,"is_trial":false}