{"path_per_floor":["M","$","?","?","?","E","R","$","T","M","M","$","?","M","R","B",null,"M","?","$","M","M","R"],"character_chosen":"IRONCLAD","items_purchased":["Armaments","Clash","Dual Wield","True Grit","Apotheosis"],"gold_per_floor":[112,13,188,188,188,227,227,29,56,76,99,51,51,64,64,194,194,210,210,7,21,37,37],"floor_reached":24,"campfire_rested":1,"playtime":1228,"current_hp_per_floor":[72,72,72,65,65,63,63,63,63,67,67,67,67,67,67,29,67,53,37,37,25,31,51],"items_purged":["Strike_R","Strike_R"],"gold":37,"score":233,"play_id":"d7316ca1-42e9-4b91-ad2e-3c87da048320","local_time":"20180306235924","is_prod":false,"is_daily":false,"is_ascension_mode":true,"campfire_upgraded":2,"timestamp":1520391564,"path_taken":["M","$","?","?","?","E","R","$","T","M","?","?","?","M","R","BOSS","M","?","$","?","M","R","M"],"build_version":"2018-03-01-PROD1","purchased_purges":3,"victory":false,"master_deck":["Strike_R","Strike_R","Strike_R","Defend_R","Defend_R","Defend_R","Defend_R","Bash","Fiend Fire","Armaments+1","Clash","Dual Wield","Warcry","Disarm","True Grit+1","Regret","Burning Pact","Demon Form","Apotheosis"],"max_hp_per_floor":[72,72,72,72,67,67,67,67,67,67,67,67,67,67,67,67,67,67,67,67,67,67,67],"relics":["Burning Blood","Charon\u0027s Ashes","Golden Idol","Dream Catcher","Anchor","Shuriken","Black Star","Enchiridion"],"card_choices":[{"not_picked":["Power Through","True Grit"],"picked":"Fiend Fire"},{"not_picked":["Sword Boomerang","Perfected Strike"],"picked":"Warcry"},{"not_picked":["Clash","Thunderclap"],"picked":"Disarm"},{"not_picked":["Dual Wield","Fire Breathing"],"picked":"Burning Pact"},{"not_picked":["Immolate","Bludgeon"],"picked":"Demon Form"}],"player_experience":510112,"potions_floor_usage":[16,16,18,22],"damage_taken":[{"damage":4,"enemies":"Small Slimes","floor":1,"turns":5},{"damage":8,"enemies":"Gremlin Nob","floor":6,"turns":3},{"damage":0,"enemies":"Jaw Worm","floor":10,"turns":1},{"damage":0,"enemies":"2 Louse","floor":11,"turns":1},{"damage":0,"enemies":"Looter","floor":14,"turns":2},{"damage":44,"enemies":"The Guardian","floor":16,"turns":19},{"damage":20,"enemies":"Spheric Guardian","floor":18,"turns":4},{"damage":18,"enemies":"Shell Parasite","floor":21,"turns":5},{"damage":0,"enemies":"Centurion and Healer","floor":22,"turns":4},{"damage":51,"enemies":"Chosen and Byrds","floor":24,"turns":3}],"event_choices":[{"event_name":"Liars Game","player_choice":"agreed","floor":3,"damage_taken":0},{"event_name":"Golden Wing","player_choice":"Card Removal","floor":4,"damage_taken":0},{"event_name":"Golden Idol","player_choice":"Lose Max HP","floor":5,"damage_taken":0},{"event_name":"Big Fish","player_choice":"Box","floor":13,"damage_taken":0},{"event_name":"Cursed Tome","player_choice":"Obtained Book","floor":19,"damage_taken":0}],"boss_relics":[{"not_picked":["Eternal Feather","Snecko Eye"],"picked":"Black Star"}],"potions_floor_spawned":[1,6,16,21,22],"seed_played":"-4064779373615748396","killed_by":"Chosen and Byrds","ascension_level":4,"is_trial":false}