{"path_per_floor":["M","?","M","M","$","R","M","R","T","M","M","R","?","E","R","B",null,"M","?","M","?","$","R","M","M","T","R","M","M","?","$","R","B",null,"M","?","$","M","M","R","?","M","T","M"],"character_chosen":"IRONCLAD","items_purchased":["Feel No Pain","Warcry","Offering","Whirlwind","Apotheosis","True Grit","Master of Strategy","Bronze Scales","True Grit"],"gold_per_floor":[115,365,378,398,45,45,65,65,90,110,127,127,127,166,166,295,295,315,515,535,450,15,15,39,64,89,89,103,116,116,116,116,239,239,258,591,93,110,124,124,124,135,208,223],"floor_reached":45,"campfire_rested":3,"playtime":3008,"current_hp_per_floor":[74,74,73,76,76,76,80,80,80,73,71,71,71,56,56,33,80,61,61,37,37,37,76,70,36,36,75,72,74,74,74,74,58,80,66,66,66,55,38,77,67,61,61,11],"items_purged":["Strike_R","Regret","Perfected Strike"],"gold":223,"score":394,"play_id":"18e910fe-ad0d-4215-85fa-90f96162e762","is_prod":false,"is_daily":false,"is_ascension_mode":false,"campfire_upgraded":5,"path_taken":["M","?","M","M","$","R","M","R","T","M","M","R","?","E","R","BOSS","M","?","M","?","$","R","M","M","T","R","?","M","?","$","R","BOSS","M","?","$","M","M","R","?","M","T","M","M"],"build_version":"2018-02-15-PROD1","purchased_purges":3,"victory":false,"master_deck":["Bash+1","Armaments+1","Anger+1","Feel No Pain","Warcry","Offering+1","Spot Weakness","Injury","Headbutt","Demon Form","Sword Boomerang","Combust","Headbutt","Blood for Blood","Spot Weakness","Body Slam","Iron Wave","Flex","Shrug It Off+1","Whirlwind","Apotheosis+1","True Grit","Warcry","Whirlwind","Warcry+1","Master of Strategy","True Grit","Shrug It Off+1","Madness","Madness","Metallicize+1","Shrug It Off+1"],"max_hp_per_floor":[80,80,80,80,80,80,80,80,80,80,80,80,80,80,80,80,80,80,80,80,80,80,80,80,80,80,80,80,80,80,80,80,80,80,80,80,80,80,80,80,80,80,80,80],"relics":["Burning Blood","Vajra","Regal Pillow","Pandora\u0027s Box","Torii","Pen Nib","Question Card","Bronze Scales","Ornamental Fan"],"card_choices":[{"not_picked":["Anger","Burning Pact"],"picked":"Armaments"},{"not_picked":["Armaments","Warcry"],"picked":"Anger"},{"not_picked":["Battle Trance","Thunderclap"],"picked":"Spot Weakness"},{"not_picked":["Blood for Blood","Armaments"],"picked":"Headbutt"},{"not_picked":["Reaper","Dark Embrace"],"picked":"Demon Form"},{"not_picked":["Clothesline","Body Slam"],"picked":"Flex"},{"not_picked":["Clash","Flex"],"picked":"Shrug It Off"},{"not_picked":["Thunderclap","Flex"],"picked":"Warcry"},{"not_picked":["Warcry","Heavy Blade"],"picked":"Whirlwind"},{"not_picked":["Pommel Strike","Corruption"],"picked":"Warcry"},{"not_picked":["Uppercut","Intimidate","Sword Boomerang"],"picked":"Shrug It Off"},{"not_picked":["Cleave","Armaments","Warcry"],"picked":"Metallicize"},{"not_picked":["Searing Blow","Fiend Fire","Cleave"],"picked":"Shrug It Off"}],"player_experience":53780,"potions_floor_usage":[7,16,33,35,44],"damage_taken":[{"damage":12,"enemies":"Cultist","floor":1,"turns":5},{"damage":7,"enemies":"2 Louse","floor":3,"turns":5},{"damage":3,"enemies":"Small Slimes","floor":4,"turns":3},{"damage":2,"enemies":"3 Louse","floor":7,"turns":2},{"damage":13,"enemies":"Blue Slaver","floor":10,"turns":4},{"damage":8,"enemies":"Exordium Thugs","floor":11,"turns":4},{"damage":21,"enemies":"3 Sentries","floor":14,"turns":7},{"damage":29,"enemies":"Hexaghost","floor":16,"turns":8},{"damage":25,"enemies":"2 Thieves","floor":18,"turns":3},{"damage":30,"enemies":"Spheric Guardian","floor":20,"turns":4},{"damage":12,"enemies":"Chosen and Byrds","floor":24,"turns":4},{"damage":40,"enemies":"Snake Plant","floor":25,"turns":3},{"damage":9,"enemies":"Cultist and Chosen","floor":28,"turns":5},{"damage":4,"enemies":"Sentry and Sphere","floor":29,"turns":3},{"damage":22,"enemies":"Champ","floor":33,"turns":8},{"damage":20,"enemies":"3 Darklings","floor":35,"turns":4},{"damage":17,"enemies":"Orb Walker","floor":38,"turns":3},{"damage":23,"enemies":"3 Darklings","floor":39,"turns":3},{"damage":12,"enemies":"Maw","floor":42,"turns":6},{"damage":56,"enemies":"4 Shapes","floor":44,"turns":5},{"damage":11,"enemies":"Sphere and 2 Shapes","floor":45,"turns":2}],"event_choices":[{"event_name":"Golden Shrine","player_choice":"Desecrate","floor":2,"damage_taken":0},{"event_name":"Golden Idol","player_choice":"Take Wound","floor":13,"damage_taken":0},{"event_name":"Wheel of Change","player_choice":"Gold","floor":19,"damage_taken":0},{"event_name":"Addict","player_choice":"Obtained Relic","floor":21,"damage_taken":0},{"event_name":"Accursed Blacksmith","player_choice":"Forge","floor":30,"damage_taken":0},{"event_name":"The Moai Head","player_choice":"Gave Idol","floor":36,"damage_taken":0},{"event_name":"Winding Halls","player_choice":"Embrace Madness","floor":41,"damage_taken":0}],"boss_relics":[{"not_picked":["Runic Dome","Snecko Eye"],"picked":"Pandora\u0027s Box"},{"not_picked":["Mark of Pain","Lizard Tail"],"picked":"Question Card"}],"potions_floor_spawned":[1,3,7,10,18,24,28,38,39,42],"seed_played":"8626289114856002604","killed_by":"Sphere and 2 Shapes","ascension_level":0,"is_trial":false}