{"gold_per_floor":[117,130,143,160,160,188,188,188,235,235,253,253,271,304,304,406,406,421,116,130,149,149,474,474,486,510,510,522,522,547,558,558,654,654,667,667,667,679,679,679,229,256,256,156,156,170,170,187,187,187,187,187,36,66,66],"floor_reached":55,"playtime":4272,"items_purged":["Strike_B","Defend_B","Parasite"],"score":1061,"play_id":"093fd847-0bbc-4a5a-9a91-a950c7c94345","local_time":"20190310161925","is_ascension_mode":true,"campfire_choices":[{"data":"Zap","floor":7.0,"key":"SMITH"},{"data":"Loop","floor":10.0,"key":"SMITH"},{"data":"Leap","floor":12.0,"key":"SMITH"},{"floor":15.0,"key":"REST"},{"floor":24.0,"key":"REST"},{"floor":27.0,"key":"REST"},{"floor":29.0,"key":"REST"},{"floor":32.0,"key":"REST"},{"floor":40.0,"key":"REST"},{"floor":45.0,"key":"RECALL"},{"floor":47.0,"key":"REST"},{"floor":49.0,"key":"REST"},{"floor":52.0,"key":"REST"}],"neow_cost":"NONE","seed_source_timestamp":578654798664472,"circlet_count":0,"master_deck":["Defend_B","Defend_B+1","Defend_B","Zap+1","Dualcast","Gash","FTL","Loop+1","Leap+1","Thunder Strike","Glacier","Chill+1","Go for the Eyes","Conserve Battery","Echo Form","Steam+1","Apotheosis","Tempest+1","Gash","Redo","Melter","Go for the Eyes","Doom and Gloom+1","Capacitor","Gash","Chill","All For One","Go for the Eyes+1","Panache","Redo+1","Fusion","Barrage","Loop","Hologram","Barrage+1","Echo Form","Coolheaded+1","Coolheaded","Force Field+1"],"special_seed":0,"relics":["Cracked Core","Letter Opener","Juzu Bracelet","Bag of Preparation","Sozu","Tiny Chest","War Paint","Old Coin","Dream Catcher","Bag of Marbles","Nuclear Battery","Bottled Lightning","Happy Flower","Toolbox","Molten Egg 2","StoneCalendar"],"potions_floor_usage":[],"damage_taken":[{"damage":1.0,"enemies":"2 Louse","floor":1.0,"turns":2.0},{"damage":2.0,"enemies":"Jaw Worm","floor":2.0,"turns":3.0},{"damage":7.0,"enemies":"Small Slimes","floor":3.0,"turns":3.0},{"damage":6.0,"enemies":"Blue Slaver","floor":4.0,"turns":3.0},{"damage":11.0,"enemies":"Lagavulin","floor":6.0,"turns":6.0},{"damage":2.0,"enemies":"Large Slime","floor":11.0,"turns":8.0},{"damage":0.0,"enemies":"Exordium Thugs","floor":13.0,"turns":5.0},{"damage":15.0,"enemies":"Gremlin Nob","floor":14.0,"turns":4.0},{"damage":22.0,"enemies":"The Guardian","floor":16.0,"turns":13.0},{"damage":0.0,"enemies":"Shell Parasite","floor":18.0,"turns":7.0},{"damage":1.0,"enemies":"Spheric Guardian","floor":20.0,"turns":5.0},{"damage":0.0,"enemies":"Centurion and Healer","floor":21.0,"turns":8.0},{"damage":20.0,"enemies":"Gremlin Leader","floor":23.0,"turns":8.0},{"damage":9.0,"enemies":"Chosen and Byrds","floor":25.0,"turns":6.0},{"damage":8.0,"enemies":"Snake Plant","floor":28.0,"turns":3.0},{"damage":1.0,"enemies":"Book of Stabbing","floor":30.0,"turns":6.0},{"damage":41.0,"enemies":"Shelled Parasite and Fungi","floor":31.0,"turns":5.0},{"damage":13.0,"enemies":"Champ","floor":33.0,"turns":11.0},{"damage":0.0,"enemies":"3 Shapes","floor":35.0,"turns":6.0},{"damage":6.0,"enemies":"3 Darklings","floor":38.0,"turns":4.0},{"damage":8.0,"enemies":"Nemesis","floor":42.0,"turns":7.0},{"damage":27.0,"enemies":"Writhing Mass","floor":46.0,"turns":4.0},{"damage":10.0,"enemies":"Spire Growth","floor":48.0,"turns":3.0},{"damage":44.0,"enemies":"Time Eater","floor":50.0,"turns":9.0},{"damage":62,"enemies":"Shield and Spear","floor":54,"turns":5},{"damage":11,"enemies":"The Heart","floor":55,"turns":2}],"seed_played":"-8876597889454425503","potions_obtained":[{"floor":2.0,"key":"Fire Potion"},{"floor":3.0,"key":"SteroidPotion"},{"floor":6.0,"key":"GamblersBrew"},{"floor":14.0,"key":"SpeedPotion"}],"is_trial":false,"path_per_floor":["M","M","M","M","?","E","R","?","T","R","M","R","M","E","R","B",null,"M","$","M","M","?","E","R","M","T","R","M","R","E","M","R","B",null,"M","?","T","M","?","R","$","E","T","$","R","M","R","M","R","B",null,"R","$","E","B"],"character_chosen":"DEFECT","items_purchased":["Apotheosis","Tiny Chest","Happy Flower","Toolbox","Barrage","Coolheaded"],"campfire_rested":9,"item_purchase_floors":[19,19,41,41,41,53],"current_hp_per_floor":[67,65,58,52,45,34,34,34,34,34,32,32,32,17,39,17,61,61,61,60,60,60,40,62,53,53,75,67,75,74,33,55,42,67,67,67,67,61,61,75,75,67,67,67,67,40,62,52,74,30,64,75,72,10,0],"gold":66,"neow_bonus":"REMOVE_CARD","is_prod":false,"is_daily":false,"chose_seed":false,"campfire_upgraded":3,"win_rate":0,"timestamp":1552259965,"path_taken":["M","M","M","M","?","E","R","?","T","R","M","R","M","E","R","BOSS","M","$","M","M","?","E","R","M","T","R","M","R","E","M","R","BOSS","M","?","?","M","?","R","$","E","T","?","R","M","R","M","R","BOSS","R","$","E","BOSS"],"build_version":"2019-01-23","purchased_purges":3,"victory":false,"max_hp_per_floor":[75,75,75,75,75,75,75,75,75,75,75,75,75,75,75,75,75,75,75,75,75,75,75,75,75,75,75,75,75,75,75,75,75,75,75,75,75,75,75,75,75,75,75,75,75,75,75,75,75,75,75,75,72,72,72],"card_choices":[{"not_picked":["Compile Driver","Reprogram"],"picked":"Gash","floor":1.0},{"not_picked":["Beam Cell","Aggregate"],"picked":"FTL","floor":2.0},{"not_picked":["Steam","Reinforced Body"],"picked":"Loop","floor":3.0},{"not_picked":["Stack","Sunder"],"picked":"Leap","floor":4.0},{"not_picked":["Tempest","Lockon"],"picked":"Thunder Strike","floor":6.0},{"not_picked":["Undo","Steam"],"picked":"Chill","floor":11.0},{"not_picked":["Streamline","Sweeping Beam"],"picked":"Go for the Eyes","floor":13.0},{"not_picked":["Rebound","Heatsinks"],"picked":"Conserve Battery","floor":14.0},{"not_picked":["Machine Learning","Core Surge"],"picked":"Echo Form","floor":16.0},{"not_picked":["Stack","Heatsinks"],"picked":"Steam+1","floor":18.0},{"not_picked":["Barrage","Steam","Compile Driver"],"picked":"SKIP","floor":20.0},{"not_picked":["Reinforced Body","Turbo"],"picked":"Tempest+1","floor":21.0},{"not_picked":["Hello World","Seek"],"picked":"Gash","floor":23.0},{"not_picked":["Leap","Turbo"],"picked":"Redo","floor":25.0},{"not_picked":["Barrage","White Noise"],"picked":"Melter","floor":27.0},{"not_picked":["Scrape","Static Discharge+1"],"picked":"Go for the Eyes","floor":28.0},{"not_picked":["Sunder+1","Sweeping Beam"],"picked":"Doom and Gloom+1","floor":29.0},{"not_picked":["Genetic Algorithm","Streamline"],"picked":"Capacitor","floor":30.0},{"not_picked":["Doom and Gloom","Hologram"],"picked":"Gash","floor":31.0},{"not_picked":["Leap","Aggregate"],"picked":"Chill","floor":32.0},{"not_picked":["Thunder Strike","Biased Cognition"],"picked":"All For One","floor":33.0},{"not_picked":["Rebound+1","Sweeping Beam+1"],"picked":"Go for the Eyes+1","floor":35.0},{"not_picked":["Apotheosis","Magnetism"],"picked":"Panache","floor":36.0},{"not_picked":["Darkness","Sunder"],"picked":"Redo+1","floor":38.0},{"not_picked":["Compile Driver","Turbo"],"picked":"Fusion","floor":40.0},{"not_picked":["Melter","Steam"],"picked":"Loop","floor":42.0},{"not_picked":["Sweeping Beam+1","Coolheaded"],"picked":"Hologram","floor":46.0},{"not_picked":["Streamline+1","Sweeping Beam+1"],"picked":"Barrage+1","floor":47.0},{"not_picked":["Turbo+1","Sweeping Beam+1","Barrage+1"],"picked":"SKIP","floor":48.0},{"not_picked":["Barrage+1","Hologram+1"],"picked":"Echo Form","floor":49.0},{"not_picked":["Cold Snap+1","Aggregate"],"picked":"Coolheaded+1","floor":52.0},{"not_picked":["Turbo+1","Cold Snap+1"],"picked":"Force Field+1","floor":54}],"player_experience":446172,"relics_obtained":[{"floor":6.0,"key":"Letter Opener"},{"floor":9.0,"key":"Juzu Bracelet"},{"floor":14.0,"key":"Bag of Preparation"},{"floor":23.0,"key":"Old Coin"},{"floor":26.0,"key":"Dream Catcher"},{"floor":30.0,"key":"Bag of Marbles"},{"floor":37.0,"key":"Bottled Lightning"},{"floor":42.0,"key":"Molten Egg 2"},{"floor":54,"key":"StoneCalendar"}],"event_choices":[{"cards_removed":["Strike_B"],"damage_healed":0.0,"max_hp_gain":0.0,"max_hp_loss":0.0,"gold_gain":0.0,"event_name":"Golden Wing","player_choice":"Card Removal","floor":5.0,"gold_loss":0.0,"damage_taken":7.0},{"damage_healed":0.0,"max_hp_gain":0.0,"max_hp_loss":0.0,"gold_gain":0.0,"cards_transformed":["Strike_B"],"event_name":"Living Wall","player_choice":"Change","floor":8.0,"gold_loss":0.0,"damage_taken":0.0,"cards_obtained":["Glacier"]},{"damage_healed":0.0,"max_hp_gain":0.0,"max_hp_loss":0.0,"gold_gain":0.0,"event_name":"The Mausoleum","player_choice":"Opened","floor":22.0,"gold_loss":0.0,"damage_taken":0.0,"relics_obtained":["War Paint"]},{"damage_healed":0.0,"max_hp_gain":0.0,"max_hp_loss":0.0,"gold_gain":0.0,"event_name":"SensoryStone","player_choice":"Memory 1","floor":36.0,"gold_loss":0.0,"damage_taken":0.0},{"damage_healed":0.0,"max_hp_gain":0.0,"max_hp_loss":0.0,"gold_gain":0.0,"event_name":"Tomb of Lord Red Mask","player_choice":"Ignored","floor":39.0,"gold_loss":0.0,"damage_taken":0.0}],"is_beta":false,"boss_relics":[{"not_picked":["Runic Pyramid","Orrery"],"picked":"Sozu"},{"not_picked":["Cursed Key","Coffee Dripper"],"picked":"Nuclear Battery"}],"items_purged_floors":[41,44,53],"is_endless":false,"potions_floor_spawned":[2,3,6,14,18,23,28,33,42,46],"killed_by":"The Heart","ascension_level":9}