{"path_per_floor":["M","$","M","M","?","?","M","M","T","E","R","$","T","E","R","B",null,"M","?","?","T","$","E","M","R","T","M","M","$","E","M","R","B",null,"M","T","?","M","?","R","E","$","T","R","M","M","R","M","R","B"],"character_chosen":"IRONCLAD","items_purchased":["Flex","Double Tap","Champion Belt","Master of Strategy"],"gold_per_floor":[110,58,76,86,86,86,103,121,169,203,203,30,30,56,56,158,158,171,171,171,252,2,36,52,52,135,155,175,95,122,132,132,234,234,244,268,268,281,281,281,314,68,68,68,83,103,103,122,122,122],"floor_reached":51,"campfire_rested":2,"playtime":2637,"current_hp_per_floor":[74,74,66,61,61,61,60,43,43,40,40,40,40,36,62,32,87,71,71,71,71,71,57,57,57,57,39,32,32,14,4,30,12,87,87,87,87,87,76,76,81,81,81,81,62,52,52,87,87,44],"items_purged":["Regret","Strike_R","Strike_R"],"gold":122,"score":625,"play_id":"ad17a1bd-987d-4064-a825-f8c7aa7f5bce","is_prod":false,"is_daily":false,"is_ascension_mode":false,"campfire_upgraded":4,"path_taken":["M","?","M","M","?","?","M","?","T","E","R","$","?","E","R","BOSS","M","?","?","?","$","E","?","R","T","M","?","?","E","?","R","BOSS","M","?","?","?","?","R","E","?","T","R","M","M","R","?","R","BOSS"],"build_version":"2018-02-15-PROD1","purchased_purges":3,"victory":true,"master_deck":["Strike_R","Strike_R","Defend_R","Defend_R","Defend_R","Defend_R","Bash","Shrug It Off","Flex","Armaments+1","Demon Form+1","Heavy Blade+1","Reaper","Double Tap+1","Whirlwind","Sword Boomerang","Clash","Shrug It Off","Flame Barrier","Reaper","Pommel Strike","Madness","Madness","Whirlwind+1","Master of Strategy","Pummel"],"max_hp_per_floor":[80,80,80,80,80,80,80,80,80,80,80,80,80,87,87,87,87,87,87,87,87,87,87,87,87,87,87,87,87,87,87,87,87,87,87,87,87,87,87,87,87,87,87,87,87,87,87,87,87,87],"relics":["Philosopher\u0027s Stone","Orichalcum","Bronze Scales","The Courier","Paper Frog","Strawberry","Sozu","Bottled Tornado","Champion Belt","Art of War","Tiny Chest","Vajra","Runic Cube","Ancient Tea Set","Blood Vial","Girya"],"card_choices":[{"not_picked":["Iron Wave","Perfected Strike"],"picked":"Shrug It Off"},{"not_picked":["Iron Wave","Evolve"],"picked":"Armaments"},{"not_picked":["Bloodletting","Shrug It Off"],"picked":"Demon Form"},{"not_picked":["Wild Strike","Seeing Red"],"picked":"Heavy Blade"},{"not_picked":["Headbutt","Body Slam"],"picked":"Reaper"},{"not_picked":["Dual Wield","Second Wind"],"picked":"Whirlwind"},{"not_picked":["Burning Pact","Combust"],"picked":"Clash"},{"not_picked":["Evolve","Armaments"],"picked":"Shrug It Off"},{"not_picked":["Brutality","Warcry"],"picked":"Flame Barrier"},{"not_picked":["Double Tap","Dark Embrace"],"picked":"Reaper"},{"not_picked":["Perfected Strike","Sword Boomerang"],"picked":"Pommel Strike"},{"not_picked":["Headbutt","Spot Weakness"],"picked":"Whirlwind"},{"not_picked":["Flame Barrier","Thunderclap"],"picked":"Pummel"}],"player_experience":94702,"potions_floor_usage":[10,16,16],"damage_taken":[{"damage":6,"enemies":"Cultist","floor":1,"turns":4},{"damage":8,"enemies":"2 Louse","floor":3,"turns":2},{"damage":5,"enemies":"Small Slimes","floor":4,"turns":3},{"damage":1,"enemies":"3 Louse","floor":7,"turns":4},{"damage":17,"enemies":"Large Slime","floor":8,"turns":5},{"damage":15,"enemies":"3 Sentries","floor":10,"turns":8},{"damage":25,"enemies":"Gremlin Nob","floor":14,"turns":4},{"damage":39,"enemies":"The Guardian","floor":16,"turns":8},{"damage":16,"enemies":"Chosen","floor":18,"turns":5},{"damage":14,"enemies":"Book of Stabbing","floor":23,"turns":3},{"damage":0,"enemies":"Spheric Guardian","floor":24,"turns":3},{"damage":18,"enemies":"Centurion and Healer","floor":27,"turns":3},{"damage":7,"enemies":"Cultist and Chosen","floor":28,"turns":4},{"damage":27,"enemies":"Gremlin Leader","floor":30,"turns":5},{"damage":10,"enemies":"3 Cultists","floor":31,"turns":3},{"damage":18,"enemies":"Automaton","floor":33,"turns":6},{"damage":9,"enemies":"3 Shapes","floor":35,"turns":4},{"damage":15,"enemies":"3 Darklings","floor":38,"turns":4},{"damage":43,"enemies":"2 Orb Walkers","floor":41,"turns":3},{"damage":21,"enemies":"Maw","floor":45,"turns":4},{"damage":12,"enemies":"Sphere and 2 Shapes","floor":46,"turns":2},{"damage":33,"enemies":"4 Shapes","floor":48,"turns":3},{"damage":81,"enemies":"Time Eater","floor":50,"turns":6}],"event_choices":[{"event_name":"Living Wall","player_choice":"Forget","floor":5,"damage_taken":0},{"event_name":"Big Fish","player_choice":"Box","floor":6,"damage_taken":0},{"event_name":"Drug Dealer","player_choice":"Ignored","floor":19,"damage_taken":0},{"event_name":"The Library","player_choice":"Read","floor":20,"damage_taken":0},{"event_name":"Tomb of Lord Red Mask","player_choice":"Ignored","floor":37,"damage_taken":0},{"event_name":"Winding Halls","player_choice":"Embrace Madness","floor":39,"damage_taken":0}],"boss_relics":[{"not_picked":["Orrery","Lizard Tail"],"picked":"Sozu"},{"not_picked":["Tiny House","Calling Bell"],"picked":"Runic Cube"}],"potions_floor_spawned":[4,7,8,14,16,27,28,30,33,35,38,41,48],"seed_played":"-6549361090007897122","ascension_level":0,"is_trial":false}