{"path_per_floor":["M","?","M","M","?","E","$","R","T","M","M","$","R","$","R","B",null,"M","?","?","M","$","R","$","R","T"],"character_chosen":"THE_SILENT","items_purchased":["Bullet Time","Well Laid Plans"],"gold_per_floor":[112,112,132,145,145,178,33,33,33,49,61,61,61,61,61,164,164,184,184,109,129,54,54,18,18,18],"floor_reached":27,"campfire_rested":3,"playtime":1464,"current_hp_per_floor":[59,59,59,57,67,37,37,37,37,11,9,9,30,30,51,7,64,42,42,42,23,23,23,23,47,47],"items_purged":["Decay"],"gold":18,"score":272,"play_id":"d32b12c5-f2fc-4a9b-b072-57961fe5f57e","is_prod":false,"is_daily":false,"is_ascension_mode":true,"campfire_upgraded":0,"path_taken":["M","?","M","M","?","E","$","R","T","M","?","?","R","$","R","BOSS","M","?","?","M","$","R","?","R","T","E"],"build_version":"2018-02-22-PROD1","purchased_purges":1,"victory":false,"master_deck":["Defend_G","Defend_G","Defend_G","Defend_G","Defend_G","Strike_G","Strike_G","Strike_G","Strike_G","Strike_G","Survivor","Neutralize+1","Dash","Terror","Infinite Blades","Bullet Time","Leg Sweep","Burst","Parasite","Writhe","Predator","Escape Plan","Well Laid Plans+1","Wraith Form+1"],"max_hp_per_floor":[63,63,63,63,73,73,73,73,73,73,73,73,73,73,73,73,80,80,80,80,80,80,80,80,80,80],"relics":["Ring of the Snake","Shovel","Pear","Ancient Tea Set","Frozen Egg 2","Blood Vial","Calling Bell","Bag of Preparation","Happy Flower","Strawberry","Prayer Wheel","Blue Candle"],"card_choices":[{"not_picked":["Blade Dance","Prepared"],"picked":"Dash"},{"not_picked":["Concentrate","Blade Dance"],"picked":"Terror"},{"not_picked":["Escape Plan","Malaise"],"picked":"Infinite Blades"},{"not_picked":["Dodge and Roll","Infinite Blades"],"picked":"Leg Sweep"},{"not_picked":["Phantasmal Killer","Corpse Explosion"],"picked":"Burst"},{"not_picked":["Underhanded Strike","Acrobatics"],"picked":"Predator"},{"not_picked":["Slice","Backflip"],"picked":"Escape Plan"},{"not_picked":["Underhanded Strike","Riddle With Holes"],"picked":"Wraith Form"}],"player_experience":242500,"potions_floor_usage":[16,18,21,27],"damage_taken":[{"damage":4,"enemies":"Small Slimes","floor":1,"turns":4},{"damage":0,"enemies":"2 Louse","floor":3,"turns":3},{"damage":2,"enemies":"Jaw Worm","floor":4,"turns":3},{"damage":30,"enemies":"3 Sentries","floor":6,"turns":11},{"damage":28,"enemies":"Large Slime","floor":10,"turns":5},{"damage":4,"enemies":"Exordium Wildlife","floor":11,"turns":6},{"damage":46,"enemies":"The Guardian","floor":16,"turns":15},{"damage":24,"enemies":"Shell Parasite","floor":18,"turns":10},{"damage":21,"enemies":"Spheric Guardian","floor":21,"turns":8},{"damage":42,"enemies":"Gremlin Leader","floor":27,"turns":10}],"event_choices":[{"event_name":"Living Wall","player_choice":"Grow","floor":2,"damage_taken":0},{"event_name":"Big Fish","player_choice":"Box","floor":5,"damage_taken":0},{"event_name":"Drug Dealer","player_choice":"Ignored","floor":19,"damage_taken":0},{"event_name":"Beggar","player_choice":"Gave Gold","floor":20,"damage_taken":0}],"boss_relics":[{"not_picked":["Pandora\u0027s Box","Ectoplasm"],"picked":"Calling Bell"}],"potions_floor_spawned":[1,6,10,11,16,21],"seed_played":"-2403533847599147989","killed_by":"Gremlin Leader","ascension_level":6,"is_trial":false}