{"gold_per_floor":[118,132,207,62,62,95,95,95,95,122,22,22,35,54,54,155,155,169,184,19,33,44,78,78,112,112,211,230,230,230,240,240,240],"floor_reached":33,"playtime":1466,"items_purged":["Strike_B","Strike_B","Heatsinks"],"score":384,"play_id":"05889050-de92-4ab2-8433-2bdb3bea83c7","local_time":"20190302175041","is_ascension_mode":true,"campfire_choices":[{"data":"1","floor":7,"key":"LIFT"},{"data":"Go for the Eyes","floor":12,"key":"SMITH"},{"data":"2","floor":15,"key":"LIFT"},{"floor":24,"key":"REST"},{"floor":30,"key":"REST"},{"data":"3","floor":32,"key":"LIFT"}],"neow_cost":"NONE","seed_source_timestamp":122577859141678,"circlet_count":0,"master_deck":["Zap","Dualcast","Gash","Sweeping Beam","Go for the Eyes+1","Ball Lightning","Leap","Seek","Rip and Tear","Hologram","Static Discharge","Stack","Skim","Coolheaded","Self Repair","Scrape","BootSequence","Gash","Coolheaded+1","Beam Cell"],"relics":["Cracked Core","NeowsBlessing","Girya","Bag of Preparation","Centennial Puzzle","Orichalcum","Pandora\u0027s Box","Mummified Hand","Pen Nib","Peace Pipe","GremlinMask"],"potions_floor_usage":[14,23,23,33],"damage_taken":[{"damage":0,"enemies":"Cultist","floor":1,"turns":1},{"damage":0,"enemies":"Jaw Worm","floor":2,"turns":1},{"damage":0,"enemies":"Lagavulin","floor":6,"turns":1},{"damage":13,"enemies":"Gremlin Nob","floor":10,"turns":3},{"damage":0,"enemies":"2 Louse","floor":13,"turns":2},{"damage":5,"enemies":"Red Slaver","floor":14,"turns":2},{"damage":16,"enemies":"Hexaghost","floor":16,"turns":9},{"damage":22,"enemies":"2 Thieves","floor":18,"turns":4},{"damage":2,"enemies":"Shell Parasite","floor":19,"turns":6},{"damage":23,"enemies":"Snecko","floor":21,"turns":5},{"damage":14,"enemies":"3 Cultists","floor":22,"turns":4},{"damage":20,"enemies":"Slavers","floor":23,"turns":5},{"damage":19,"enemies":"Book of Stabbing","floor":25,"turns":7},{"damage":11,"enemies":"Sentry and Sphere","floor":28,"turns":4},{"damage":10,"enemies":"Centurion and Healer","floor":31,"turns":5},{"damage":47,"enemies":"Collector","floor":33,"turns":5}],"seed_played":"-6933057340563997780","potions_obtained":[{"floor":2,"key":"EssenceOfSteel"},{"floor":10,"key":"EssenceOfSteel"},{"floor":19,"key":"FearPotion"},{"floor":22,"key":"SkillPotion"},{"floor":31,"key":"Energy Potion"}],"is_trial":false,"path_per_floor":["M","M","?","$","?","E","R","?","T","E","$","R","M","M","R","B",null,"M","M","$","M","M","E","R","E","T","?","M","?","R","M","R","B"],"character_chosen":"DEFECT","items_purchased":["Go for the Eyes","Ball Lightning","Scrape"],"campfire_rested":2,"item_purchase_floors":[4,4,20],"current_hp_per_floor":[75,75,64,64,64,64,64,64,64,51,51,51,51,46,46,30,75,53,51,51,35,28,15,37,25,25,25,21,21,43,40,40,0],"gold":240,"neow_bonus":"THREE_ENEMY_KILL","is_prod":false,"is_daily":false,"chose_seed":false,"campfire_upgraded":1,"win_rate":0,"timestamp":1551570641,"path_taken":["M","M","?","$","?","E","R","?","T","E","$","R","?","M","R","BOSS","M","M","$","M","M","E","R","E","T","?","M","?","R","?","R","BOSS"],"build_version":"2019-01-23","purchased_purges":3,"victory":false,"max_hp_per_floor":[75,75,75,75,75,75,75,75,75,75,75,75,75,75,75,75,75,75,75,75,75,75,75,75,75,75,75,75,75,75,75,75,75],"card_choices":[{"not_picked":["Compile Driver","Cold Snap"],"picked":"Gash","floor":1},{"not_picked":["Hello World","Steam"],"picked":"Sweeping Beam","floor":2},{"not_picked":["Compile Driver","Stack","Recycle"],"picked":"SKIP","floor":6},{"not_picked":["Core Surge","Loop","Redo"],"picked":"SKIP","floor":10},{"not_picked":["Steam Power","Compile Driver","Double Energy"],"picked":"SKIP","floor":13},{"not_picked":["Redo","Ball Lightning"],"picked":"Leap","floor":14},{"not_picked":["Electrodynamics","Rainbow"],"picked":"Seek","floor":16},{"not_picked":["Heatsinks+1","Ball Lightning"],"picked":"Coolheaded","floor":18},{"not_picked":["Cold Snap","Tempest"],"picked":"Self Repair","floor":19},{"not_picked":["Undo","Sweeping Beam","Compile Driver"],"picked":"SKIP","floor":21},{"not_picked":["Blizzard","Ball Lightning+1"],"picked":"BootSequence","floor":22},{"not_picked":["Defragment","Lockon"],"picked":"Gash","floor":23},{"not_picked":["Streamline","Conserve Battery"],"picked":"Coolheaded+1","floor":25},{"not_picked":["Stack","Doom and Gloom"],"picked":"Beam Cell","floor":28},{"not_picked":["Coolheaded","Ball Lightning","Compile Driver"],"picked":"SKIP","floor":31}],"player_experience":277080,"relics_obtained":[{"floor":6,"key":"Girya"},{"floor":9,"key":"Centennial Puzzle"},{"floor":10,"key":"Orichalcum"},{"floor":23,"key":"Mummified Hand"},{"floor":25,"key":"Pen Nib"},{"floor":26,"key":"Peace Pipe"}],"event_choices":[{"damage_healed":0,"gold_gain":75,"player_choice":"Gather Gold","damage_taken":11,"max_hp_gain":0,"max_hp_loss":0,"event_name":"World of Goop","floor":3,"gold_loss":0},{"damage_healed":0,"gold_gain":0,"player_choice":"Ignored","damage_taken":0,"max_hp_gain":0,"max_hp_loss":0,"event_name":"Liars Game","floor":5,"gold_loss":0},{"damage_healed":0,"gold_gain":0,"player_choice":"Gave Potion","damage_taken":0,"relics_obtained":["Bag of Preparation"],"max_hp_gain":0,"max_hp_loss":0,"event_name":"WeMeetAgain","floor":8,"gold_loss":0},{"damage_healed":0,"gold_gain":99,"player_choice":"Stole From Cult","damage_taken":0,"max_hp_gain":0,"max_hp_loss":0,"event_name":"Nest","floor":27,"gold_loss":0},{"damage_healed":0,"gold_gain":0,"player_choice":"Trade","damage_taken":0,"relics_obtained":["GremlinMask"],"max_hp_gain":0,"max_hp_loss":0,"event_name":"FaceTrader","floor":29,"gold_loss":0}],"is_beta":false,"boss_relics":[{"not_picked":["Cursed Key","Nuclear Battery"],"picked":"Pandora\u0027s Box"}],"items_purged_floors":[4,11,20],"is_endless":false,"potions_floor_spawned":[2,10,19,22,31],"killed_by":"Collector","ascension_level":4}