{"path_per_floor":["M","?","$","?","?","R","T","M","T","E","M","?","M","M","R","B",null,"M","M","?","T","$","R","M","M","T","M","?","$","M","M","R","B",null,"M","?","M","M","M","M","M","?","T","M","$","M","R","M","R","B"],"character_chosen":"IRONCLAD","items_purchased":["Bludgeon"],"gold_per_floor":[118,118,43,43,43,43,43,63,63,94,117,67,85,103,103,223,223,247,272,187,212,112,112,132,150,150,163,163,38,53,68,68,189,189,204,204,225,245,263,283,306,406,460,479,183,206,206,230,230,230],"floor_reached":51,"campfire_rested":2,"playtime":1401,"current_hp_per_floor":[67,67,67,67,67,67,67,67,67,41,47,47,47,47,47,44,67,64,56,56,56,56,56,46,40,47,49,49,49,51,55,55,37,86,88,88,70,65,59,30,27,27,27,18,18,16,61,23,68,10],"items_purged":["Strike_R","Defend_R","Strike_R","Strike_R"],"gold":230,"score":632,"play_id":"b677521c-a202-436a-87f7-8090dd41505b","local_time":"20180309111823","is_prod":false,"is_daily":false,"is_ascension_mode":false,"campfire_upgraded":3,"timestamp":1520605103,"path_taken":["M","?","?","?","?","R","?","M","T","E","M","?","M","M","R","BOSS","M","M","?","?","?","R","M","?","T","M","?","$","M","M","R","BOSS","M","?","M","M","M","M","M","?","T","?","$","M","R","M","R","BOSS"],"build_version":"2018-03-01-PROD1","purchased_purges":4,"victory":true,"master_deck":["Bash","Double Tap+1","Clash","Flex+1","Thunderclap","Offering+1","Rampage+1","Bludgeon"],"max_hp_per_floor":[72,67,67,67,67,67,67,67,67,67,67,67,67,67,67,67,67,67,67,67,67,67,67,69,71,78,80,80,80,82,84,84,86,86,88,88,88,90,92,94,96,96,96,98,98,100,100,102,102,102],"relics":["Burning Blood","Golden Idol","Peace Pipe","Regal Pillow","Bag of Marbles","Velvet Choker","Anchor","Singing Bowl","Strawberry","Paper Frog","Mark of Pain","Oddly Smooth Stone"],"card_choices":[{"not_picked":["Warcry","Second Wind"],"picked":"Double Tap"},{"not_picked":["True Grit","Heavy Blade"],"picked":"Clash"},{"not_picked":["Thunderclap","Corruption"],"picked":"Flex"},{"not_picked":["Havoc","Reckless Charge"],"picked":"Thunderclap"},{"not_picked":["Juggernaut","Feed"],"picked":"Offering"},{"not_picked":["Combust","Corruption"],"picked":"Rampage"}],"player_experience":548322,"potions_floor_usage":[16,30,30,31,33,41,46,46,50,50],"damage_taken":[{"damage":11,"enemies":"Jaw Worm","floor":1,"turns":3},{"damage":0,"enemies":"2 Louse","floor":8,"turns":2},{"damage":32,"enemies":"Gremlin Nob","floor":10,"turns":4},{"damage":0,"enemies":"Cultist","floor":11,"turns":2},{"damage":6,"enemies":"3 Louse","floor":13,"turns":3},{"damage":6,"enemies":"2 Fungi Beasts","floor":14,"turns":2},{"damage":9,"enemies":"Slime Boss","floor":16,"turns":3},{"damage":9,"enemies":"2 Thieves","floor":18,"turns":2},{"damage":14,"enemies":"3 Byrds","floor":19,"turns":3},{"damage":18,"enemies":"Centurion and Healer","floor":24,"turns":3},{"damage":14,"enemies":"Chosen and Byrds","floor":25,"turns":3},{"damage":6,"enemies":"Slaver and Parasite","floor":27,"turns":2},{"damage":6,"enemies":"Centurion and Healer","floor":30,"turns":2},{"damage":4,"enemies":"Snecko","floor":31,"turns":3},{"damage":38,"enemies":"Automaton","floor":33,"turns":6},{"damage":4,"enemies":"3 Darklings","floor":35,"turns":2},{"damage":24,"enemies":"3 Shapes","floor":37,"turns":2},{"damage":13,"enemies":"3 Darklings","floor":38,"turns":2},{"damage":14,"enemies":"Sphere and 2 Shapes","floor":39,"turns":3},{"damage":37,"enemies":"Maw","floor":40,"turns":5},{"damage":11,"enemies":"3 Darklings","floor":41,"turns":3},{"damage":17,"enemies":"Sphere and 2 Shapes","floor":44,"turns":3},{"damage":10,"enemies":"Maw","floor":46,"turns":3},{"damage":46,"enemies":"4 Shapes","floor":48,"turns":4},{"damage":64,"enemies":"Time Eater","floor":50,"turns":5}],"event_choices":[{"event_name":"Golden Idol","player_choice":"Lose Max HP","floor":2,"damage_taken":0},{"event_name":"Match and Keep!","player_choice":"0 cards matched","floor":4,"damage_taken":0},{"event_name":"Living Wall","player_choice":"Forget","floor":5,"damage_taken":0},{"event_name":"The Cleric","player_choice":"Card Removal","floor":12,"damage_taken":0},{"event_name":"Addict","player_choice":"Obtained Relic","floor":20,"damage_taken":0},{"event_name":"The Mausoleum","player_choice":"Yes","floor":28,"damage_taken":0},{"event_name":"Wheel of Change","player_choice":"Full Heal","floor":36,"damage_taken":0},{"event_name":"Golden Shrine","player_choice":"Pray","floor":42,"damage_taken":0}],"boss_relics":[{"not_picked":["Lizard Tail","Black Blood"],"picked":"Velvet Choker"},{"not_picked":["Orrery","Pandora\u0027s Box"],"picked":"Mark of Pain"}],"potions_floor_spawned":[8,10,13,16,24,30,31,37,40,41,44,48],"seed_played":"4803521115851322687","ascension_level":0,"is_trial":false}