{"path_per_floor":["M","$","?","M","M","R","?","E","T","?","M","M","M","M","R","B",null,"M","?","$","M","$","M","R","?","T","$","M"],"character_chosen":"THE_SILENT","items_purchased":["Noxious Fumes","Ice Cream","PiercingWail"],"gold_per_floor":[118,43,43,58,75,75,75,402,402,402,427,447,466,480,480,605,605,624,624,145,163,38,63,63,63,63,15,30],"floor_reached":29,"campfire_rested":2,"playtime":1767,"current_hp_per_floor":[63,63,63,63,62,62,55,20,20,20,20,20,17,17,36,13,52,27,27,27,22,22,13,32,32,32,32,23],"items_purged":["Strike_G","Strike_G","Strike_G"],"gold":30,"score":329,"play_id":"d9820246-1067-43d0-87e5-c0639e05720a","is_prod":false,"is_daily":false,"is_ascension_mode":true,"campfire_upgraded":1,"path_taken":["M","$","?","M","M","R","?","E","T","?","M","?","M","M","R","BOSS","M","?","$","M","$","?","R","?","T","?","M","M"],"build_version":"2018-02-22-PROD2","purchased_purges":3,"victory":false,"master_deck":["Defend_G","Defend_G","Defend_G","Defend_G","Strike_G","Strike_G","Survivor","Neutralize+1","Deadly Poison+1","Acrobatics","All Out Attack","Prepared","Malaise","Die Die Die+1","Backflip","Noxious Fumes","Escape Plan","Pain","PiercingWail"],"max_hp_per_floor":[70,70,70,70,70,70,70,70,70,65,65,65,65,65,65,65,65,65,65,65,65,65,65,65,65,65,65,65],"relics":["Ring of the Snake","Molten Egg 2","Old Coin","Calipers","Golden Idol","Cursed Key","Orichalcum","Ice Cream","Lantern"],"card_choices":[{"not_picked":["Catalyst","Poisoned Stab"],"picked":"Deadly Poison"},{"not_picked":["Accuracy","Underhanded Strike"],"picked":"Acrobatics"},{"not_picked":["Acrobatics","Riddle With Holes"],"picked":"All Out Attack"},{"not_picked":["Dagger Throw","Expertise"],"picked":"Prepared"},{"not_picked":["Bane","Blur"],"picked":"Malaise"},{"not_picked":["Doppelganger","A Thousand Cuts"],"picked":"Die Die Die"},{"not_picked":["Sucker Punch","Flying Knee"],"picked":"Backflip"},{"not_picked":["Deadly Poison","Flying Knee"],"picked":"Escape Plan"}],"player_experience":348942,"potions_floor_usage":[8,11,14,18,23,28,29],"damage_taken":[{"damage":0,"enemies":"2 Louse","floor":1,"turns":3},{"damage":0,"enemies":"Cultist","floor":4,"turns":3},{"damage":1,"enemies":"Small Slimes","floor":5,"turns":4},{"damage":35,"enemies":"Gremlin Nob","floor":8,"turns":5},{"damage":0,"enemies":"Exordium Wildlife","floor":11,"turns":1},{"damage":0,"enemies":"3 Louse","floor":12,"turns":3},{"damage":3,"enemies":"Blue Slaver","floor":13,"turns":5},{"damage":0,"enemies":"2 Fungi Beasts","floor":14,"turns":2},{"damage":23,"enemies":"The Guardian","floor":16,"turns":15},{"damage":25,"enemies":"3 Byrds","floor":18,"turns":4},{"damage":5,"enemies":"Chosen","floor":21,"turns":6},{"damage":9,"enemies":"Snake Plant","floor":23,"turns":5},{"damage":9,"enemies":"Snecko","floor":28,"turns":6},{"damage":26,"enemies":"Slaver and Parasite","floor":29,"turns":4}],"event_choices":[{"event_name":"Bonfire Elementals","player_choice":"BASIC","floor":3,"damage_taken":0},{"event_name":"Scrap Ooze","player_choice":"success","floor":7,"damage_taken":7},{"event_name":"Golden Idol","player_choice":"Lose Max HP","floor":10,"damage_taken":0},{"event_name":"Wheel of Change","player_choice":"Relic","floor":19,"damage_taken":0},{"event_name":"Beggar","player_choice":"Ignored","floor":25,"damage_taken":0}],"boss_relics":[{"not_picked":["Philosopher\u0027s Stone","Tiny House"],"picked":"Cursed Key"}],"potions_floor_spawned":[1,8,11,14,16,18,21],"seed_played":"2390819347872941322","killed_by":"Slaver and Parasite","ascension_level":9,"is_trial":false}