{"path_per_floor":["M","?","?","?","M","R","?","M","T","M","M","R","$","M","R","B",null,"M","?","?","M","$","R","E","R","T","M","$","R","M","?","R","B",null,"M","?","?","M","$","R","$","M","T","M"],"character_chosen":"THE_SILENT","items_purchased":["Deadly Poison","Backstab","Blur"],"gold_per_floor":[111,286,236,236,250,250,250,263,263,279,298,298,223,223,223,320,320,337,337,337,352,124,124,156,156,182,202,9,9,29,29,29,128,128,148,148,148,168,18,18,18,34,34,51],"floor_reached":45,"campfire_rested":3,"playtime":1898,"current_hp_per_floor":[70,70,70,67,60,60,60,60,60,60,60,60,60,56,56,26,70,64,64,51,40,40,40,1,23,23,2,2,24,24,24,46,6,75,64,64,64,62,62,62,62,59,59,20],"items_purged":["Defend_G","Strike_G","Regret","Strike_G"],"gold":51,"score":373,"play_id":"d62f4c41-bbd3-400f-9c52-ae80e0b3d061","local_time":"20180304174353","is_prod":false,"is_daily":false,"is_ascension_mode":false,"campfire_upgraded":3,"timestamp":1520196233,"path_taken":["M","?","?","?","M","R","?","?","T","M","M","R","$","M","R","BOSS","M","?","?","M","$","R","E","R","T","M","$","R","M","?","R","BOSS","M","?","?","M","$","R","$","M","T","M","M"],"build_version":"2018-03-01-PROD1","purchased_purges":5,"victory":false,"master_deck":["Defend_G","Defend_G","Defend_G","Strike_G","Strike_G","Survivor","Neutralize+1","Noxious Fumes+1","Dagger Spray","Endless Agony+1","Burst+1","Escape Plan+1","Deadly Poison+1","Backstab+1","Blur","Decay"],"max_hp_per_floor":[70,70,70,70,70,70,70,70,70,70,70,70,70,70,70,70,70,70,70,75,75,75,75,75,75,75,75,75,75,75,75,75,75,75,75,75,75,75,75,75,75,75,75,75],"relics":["Ring of the Snake","Shovel","Art of War","Molten Egg 2","Anchor","Cursed Key","Snake Skull","Bag of Preparation","Sozu","Frozen Eye"],"card_choices":[{"not_picked":["Bane","Masterful Stab"],"picked":"Noxious Fumes"},{"not_picked":["Footwork","Sucker Punch"],"picked":"Endless Agony"},{"not_picked":["Glass Knife","Tools of the Trade"],"picked":"Burst"},{"not_picked":["Deadly Poison","Slice"],"picked":"Escape Plan"}],"player_experience":410588,"potions_floor_usage":[16,16,21,33,42],"damage_taken":[{"damage":0,"enemies":"Small Slimes","floor":1,"turns":4},{"damage":7,"enemies":"Cultist","floor":5,"turns":4},{"damage":0,"enemies":"2 Louse","floor":8,"turns":2},{"damage":0,"enemies":"Large Slime","floor":10,"turns":4},{"damage":0,"enemies":"3 Louse","floor":11,"turns":3},{"damage":4,"enemies":"2 Fungi Beasts","floor":14,"turns":3},{"damage":30,"enemies":"Hexaghost","floor":16,"turns":11},{"damage":6,"enemies":"Chosen","floor":18,"turns":7},{"damage":11,"enemies":"2 Thieves","floor":21,"turns":5},{"damage":39,"enemies":"Gremlin Leader","floor":24,"turns":7},{"damage":21,"enemies":"Cultist and Chosen","floor":27,"turns":4},{"damage":0,"enemies":"Snake Plant","floor":30,"turns":5},{"damage":40,"enemies":"Automaton","floor":33,"turns":10},{"damage":11,"enemies":"Orb Walker","floor":35,"turns":4},{"damage":2,"enemies":"3 Darklings","floor":38,"turns":4},{"damage":3,"enemies":"Maw","floor":42,"turns":8},{"damage":39,"enemies":"Sphere and 2 Shapes","floor":44,"turns":5},{"damage":21,"enemies":"4 Shapes","floor":45,"turns":4}],"event_choices":[{"event_name":"Liars Game","player_choice":"agreed","floor":2,"damage_taken":0},{"event_name":"The Cleric","player_choice":"Card Removal","floor":3,"damage_taken":0},{"event_name":"Scrap Ooze","player_choice":"success","floor":4,"damage_taken":3},{"event_name":"Transmorgrifier","player_choice":"Transform","floor":7,"damage_taken":0},{"event_name":"Upgrade Shrine","player_choice":"Upgraded","floor":19,"damage_taken":0},{"event_name":"Forgotten Altar","player_choice":"Shed Blood","floor":20,"damage_taken":0},{"event_name":"Vampires","player_choice":"Ignored","floor":31,"damage_taken":0},{"event_name":"Mysterious Sphere","player_choice":"Ignore","floor":36,"damage_taken":0},{"event_name":"Tomb of Lord Red Mask","player_choice":"Ignored","floor":37,"damage_taken":0}],"boss_relics":[{"not_picked":["Snecko Eye","Calling Bell"],"picked":"Cursed Key"},{"not_picked":["Pandora\u0027s Box","Tiny House"],"picked":"Sozu"}],"potions_floor_spawned":[1,5,8,30,33,38],"seed_played":"4981799615551390994","killed_by":"4 Shapes","ascension_level":0,"is_trial":false}