{"gold_per_floor":[114,140,65,65,80,80,105,123,123,123,123,136,136,149,149,149],"floor_reached":16,"playtime":383,"items_purged":[],"score":200,"play_id":"2e98a626-6f2e-4468-a024-ea84f9a58dff","local_time":"20190122162222","is_ascension_mode":true,"campfire_choices":[{"data":"Corruption","floor":6,"key":"SMITH"},{"data":"Dual Wield","floor":15,"key":"SMITH"}],"neow_cost":"NONE","seed_source_timestamp":17969536525758,"circlet_count":0,"master_deck":["AscendersBane","Strike_R","Strike_R","Strike_R","Strike_R","Strike_R","Defend_R+1","Defend_R","Defend_R","Defend_R","Bash","Corruption+1","Feed","Clash+1","Berserk","Armaments+1","Dual Wield+1","Flame Barrier"],"relics":["Burning Blood","NeowsBlessing","Oddly Smooth Stone","PreservedInsect","Letter Opener"],"potions_floor_usage":[12],"damage_taken":[{"damage":0,"enemies":"Cultist","floor":1,"turns":1},{"damage":0,"enemies":"2 Louse","floor":5,"turns":1},{"damage":0,"enemies":"3 Sentries","floor":7,"turns":1},{"damage":1,"enemies":"Jaw Worm","floor":8,"turns":4},{"damage":6,"enemies":"3 Louse","floor":12,"turns":2},{"damage":30,"enemies":"Exordium Wildlife","floor":14,"turns":5},{"damage":35,"enemies":"Hexaghost","floor":16,"turns":7}],"seed_played":"4977143453926469748","potions_obtained":[{"floor":1,"key":"Fire Potion"},{"floor":7,"key":"GamblersBrew"}],"is_trial":false,"path_per_floor":["T","?","M","?","T","?"],"character_chosen":"IRONCLAD","items_purchased":["Feed"],"campfire_rested":0,"item_purchase_floors":[3],"current_hp_per_floor":[78,78,78,78,83,83,86,89,89,71,71,71,71,50,50,15],"gold":149,"neow_bonus":"THREE_ENEMY_KILL","is_prod":false,"is_daily":false,"chose_seed":false,"campfire_upgraded":2,"win_rate":0,"timestamp":1548181342,"path_taken":["M","?","$","?","M","R","E","?","T","?","?","M","?","M","R","BOSS"],"build_version":"2019-01-20","purchased_purges":0,"victory":false,"max_hp_per_floor":[80,80,80,80,83,83,86,89,89,89,89,89,89,92,92,92],"card_choices":[{"not_picked":["Intimidate","Entrench"],"picked":"Corruption","floor":1},{"not_picked":["Twin Strike","Sword Boomerang"],"picked":"Clash","floor":5},{"not_picked":["Fire Breathing","Perfected Strike"],"picked":"Berserk","floor":7},{"not_picked":["Heavy Blade","True Grit"],"picked":"Armaments","floor":8},{"not_picked":["Flame Barrier","Bloodletting"],"picked":"Dual Wield","floor":12},{"not_picked":["Body Slam","Heavy Blade"],"picked":"Flame Barrier","floor":14}],"player_experience":936136,"relics_obtained":[{"floor":2,"key":"Oddly Smooth Stone"},{"floor":7,"key":"PreservedInsect"},{"floor":9,"key":"Letter Opener"}],"event_choices":[{"damage_healed":0,"gold_gain":0,"player_choice":"Ignored","damage_taken":0,"max_hp_gain":0,"max_hp_loss":0,"event_name":"Liars Game","floor":4,"gold_loss":0},{"damage_healed":0,"gold_gain":0,"player_choice":"Entered Light","damage_taken":18,"max_hp_gain":0,"max_hp_loss":0,"event_name":"Shining Light","floor":10,"gold_loss":0,"cards_upgraded":["Defend_R","Clash"]},{"damage_healed":0,"gold_gain":0,"player_choice":"Forge","damage_taken":0,"max_hp_gain":0,"max_hp_loss":0,"event_name":"Accursed Blacksmith","floor":13,"gold_loss":0,"cards_upgraded":["Armaments"]}],"is_beta":true,"boss_relics":[],"items_purged_floors":[],"is_endless":false,"potions_floor_spawned":[1,7,8],"killed_by":"Hexaghost","ascension_level":12}