{"gold_per_floor":[113,125,125,125,125,125,155,8,59,78,78,78,106,125,125,196,246,265,255,255,255,34,63,63,63,63,14,41,53,69,69],"floor_reached":31,"playtime":1183,"items_purged":["Defend_G+1"],"score":492,"play_id":"1f519ed2-9eb9-4f8d-b5fc-032462581ac0","local_time":"20190114204522","is_ascension_mode":true,"campfire_choices":[{"data":"Neutralize","floor":6.0,"key":"SMITH"},{"floor":12.0,"key":"REST"},{"floor":15.0,"key":"REST"},{"floor":25.0,"key":"REST"}],"neow_cost":"TEN_PERCENT_HP_LOSS","seed_source_timestamp":0,"circlet_count":0,"master_deck":["AscendersBane","Defend_G+1","Defend_G+1","Defend_G+1","Defend_G+1","Strike_G+1","Strike_G+1","Strike_G+1","Strike_G+1","Strike_G+1","Survivor+1","Neutralize+1","Accuracy","Leg Sweep","Infinite Blades","Adrenaline","Dagger Spray","Cloak And Dagger","Night Terror","Dagger Spray","Riddle With Holes","Finisher","Blade Dance","Adrenaline","Sucker Punch","Bullet Time"],"special_seed":0,"relics":["Ring of the Snake","Nunchaku","Shuriken","Ancient Tea Set","Art of War","Omamori","Tiny House","Orichalcum","Frozen Egg 2"],"potions_floor_usage":[31,31],"damage_taken":[{"damage":7.0,"enemies":"Jaw Worm","floor":1.0,"turns":7.0},{"damage":0.0,"enemies":"2 Louse","floor":2.0,"turns":2.0},{"damage":23.0,"enemies":"Lagavulin","floor":7.0,"turns":9.0},{"damage":0.0,"enemies":"Cultist","floor":10.0,"turns":4.0},{"damage":12.0,"enemies":"Gremlin Nob","floor":13.0,"turns":3.0},{"damage":7.0,"enemies":"3 Louse","floor":14.0,"turns":3.0},{"damage":6.0,"enemies":"Hexaghost","floor":16.0,"turns":8.0},{"damage":27.0,"enemies":"Spheric Guardian","floor":18.0,"turns":4.0},{"damage":12.0,"enemies":"2 Thieves","floor":19.0,"turns":4.0},{"damage":13.0,"enemies":"Gremlin Leader","floor":23.0,"turns":5.0},{"damage":12.0,"enemies":"Book of Stabbing","floor":28.0,"turns":4.0},{"damage":9.0,"enemies":"Snecko","floor":29.0,"turns":5.0},{"damage":0.0,"enemies":"Centurion and Healer","floor":30.0,"turns":3.0},{"damage":2,"enemies":"Gremlin Leader","floor":31,"turns":4}],"seed_played":"-8100070889085724138","potions_obtained":[{"floor":7.0,"key":"Regen Potion"},{"floor":10.0,"key":"Poison Potion"},{"floor":13.0,"key":"Energy Potion"},{"floor":17.0,"key":"EssenceOfSteel"},{"floor":28.0,"key":"Dexterity Potion"},{"floor":29.0,"key":"EssenceOfSteel"}],"is_trial":false,"path_per_floor":["M","M","?","?","?","R","E","$","T","M","?","R","E","M","R","B",null,"M","M","?","?","$","E","$","R","T","$","E","M","M","E"],"character_chosen":"THE_SILENT","items_purchased":["Adrenaline","Finisher","Blade Dance","Strength Potion","Sucker Punch"],"campfire_rested":3,"item_purchase_floors":[8,22,22,22,27],"current_hp_per_floor":[52,52,52,34,27,27,4,4,4,4,4,22,19,12,30,24,56,29,17,17,17,17,4,4,23,23,23,11,2,2,0],"gold":69,"neow_bonus":"ONE_RARE_RELIC","is_prod":false,"is_daily":false,"chose_seed":false,"campfire_upgraded":1,"win_rate":0,"timestamp":1547505922,"path_taken":["M","M","?","?","?","R","E","?","T","?","?","R","E","M","R","BOSS","M","?","?","?","$","E","?","R","T","$","E","M","?","E"],"build_version":"2019-01-10","purchased_purges":1,"victory":false,"max_hp_per_floor":[60,60,60,60,60,60,60,60,60,60,60,60,60,60,60,60,65,65,65,65,65,65,65,65,65,65,65,65,65,65,65],"card_choices":[{"not_picked":["Cloak And Dagger","Terror"],"picked":"Accuracy","floor":1.0},{"not_picked":["Backflip","Bane"],"picked":"Leg Sweep","floor":2.0},{"not_picked":["Setup","Flying Knee"],"picked":"Infinite Blades","floor":7.0},{"not_picked":["Quick Slash","PiercingWail"],"picked":"Dagger Spray","floor":10.0},{"not_picked":["Reflex","Dagger Spray","Dodge and Roll"],"picked":"SKIP","floor":13.0},{"not_picked":["Flying Knee","Dagger Throw"],"picked":"Cloak And Dagger","floor":14.0},{"not_picked":["Doppelganger","Unload"],"picked":"Night Terror","floor":16.0},{"not_picked":["Deadly Poison","Distraction"],"picked":"Dagger Spray","floor":17.0},{"not_picked":["Terror","Prepared"],"picked":"Riddle With Holes","floor":18.0},{"not_picked":["Bouncing Flask","Underhanded Strike","Deflect"],"picked":"SKIP","floor":19.0},{"not_picked":["Acrobatics","Bane+1"],"picked":"Adrenaline","floor":23.0},{"not_picked":["Flechettes","Noxious Fumes"],"picked":"Bullet Time","floor":28.0},{"not_picked":["Underhanded Strike","Heel Hook","Blade Dance"],"picked":"SKIP","floor":29.0},{"not_picked":["Slice","Blade Dance","Outmaneuver+1"],"picked":"SKIP","floor":30.0}],"player_experience":908250,"relics_obtained":[{"floor":7.0,"key":"Ancient Tea Set"},{"floor":9.0,"key":"Art of War"},{"floor":13.0,"key":"Omamori"},{"floor":23.0,"key":"Orichalcum"},{"floor":28.0,"key":"Frozen Egg 2"}],"event_choices":[{"damage_healed":0.0,"max_hp_gain":0.0,"max_hp_loss":0.0,"gold_gain":0.0,"event_name":"Big Fish","player_choice":"Box","floor":3.0,"gold_loss":0.0,"damage_taken":0.0,"relics_obtained":["Shuriken"],"cards_obtained":["Regret"]},{"damage_healed":0.0,"max_hp_gain":0.0,"max_hp_loss":0.0,"gold_gain":0.0,"event_name":"Shining Light","player_choice":"Entered Light","floor":4.0,"gold_loss":0.0,"damage_taken":18.0,"cards_upgraded":["Strike_G","Survivor"]},{"cards_removed":["Regret"],"damage_healed":0.0,"max_hp_gain":0.0,"max_hp_loss":0.0,"gold_gain":0.0,"event_name":"Golden Wing","player_choice":"Card Removal","floor":5.0,"gold_loss":0.0,"damage_taken":7.0},{"damage_healed":0.0,"max_hp_gain":0.0,"max_hp_loss":0.0,"gold_gain":0.0,"event_name":"Lab","player_choice":"Got Potions","floor":11.0,"gold_loss":0.0,"damage_taken":0.0},{"damage_healed":0.0,"max_hp_gain":0.0,"max_hp_loss":0.0,"gold_gain":0.0,"event_name":"Cursed Tome","player_choice":"Ignored","floor":20.0,"gold_loss":0.0,"damage_taken":0.0},{"damage_healed":0.0,"max_hp_gain":0.0,"max_hp_loss":0.0,"gold_gain":0.0,"event_name":"Back to Basics","player_choice":"Simplicity","floor":21.0,"gold_loss":0.0,"damage_taken":0.0,"cards_upgraded":["Defend_G","Defend_G","Defend_G","Defend_G","Strike_G","Strike_G","Strike_G","Strike_G"]}],"is_beta":true,"boss_relics":[{"not_picked":["Snecko Eye","Velvet Choker"],"picked":"Tiny House"}],"items_purged_floors":[22],"is_endless":false,"potions_floor_spawned":[7,10,13,28,29],"killed_by":"Gremlin Leader","ascension_level":15}