{"gold_per_floor":[110,285,171,171,182,182,82,82,82,82,95,95,95,105,105,203,203,219,245,265,355,366,392,392,63,113,125,138,138,53,53,53,153,153,164,174,174,185,202,202,18,18,18,18,31,62,62,14,14,14],"floor_reached":51,"playtime":4256,"items_purged":["Doubt","Regret","Strike_G","Regret"],"score":708,"play_id":"bef279d2-2b62-4228-8837-bd1e25353682","local_time":"20180721170026","is_ascension_mode":false,"campfire_choices":[{"data":"Noxious Fumes","floor":10,"key":"SMITH"},{"data":"Infinite Blades","floor":13,"key":"SMITH"},{"data":"Noxious Fumes","floor":15,"key":"SMITH"},{"data":"All Out Attack","floor":24,"key":"SMITH"},{"data":"Footwork","floor":29,"key":"SMITH"},{"data":"Catalyst","floor":32,"key":"SMITH"},{"data":"Tools of the Trade","floor":40,"key":"SMITH"},{"data":"Envenom","floor":42,"key":"SMITH"},{"data":"Catalyst","floor":44,"key":"SMITH"},{"data":"Tools of the Trade","floor":47,"key":"SMITH"},{"data":"Underhanded Strike","floor":49,"key":"SMITH"}],"neow_cost":"NONE","seed_source_timestamp":93722686344090,"circlet_count":0,"master_deck":["Defend_G","Defend_G","Defend_G","Strike_G","Strike_G","Strike_G","Strike_G","Survivor+1","Neutralize","Noxious Fumes+1","Poisoned Stab","Noxious Fumes+1","Deadly Poison","Leg Sweep+1","Infinite Blades+1","Catalyst+1","Tools of the Trade+1","Calculated Gamble+1","All Out Attack+1","Dash+1","Prepared+1","Footwork+1","Catalyst+1","Prepared+1","Envenom+1","Injury","Parasite","Poisoned Stab+1","Dagger Spray+1","Tools of the Trade+1","Catalyst+1","Caltrops","Dagger Spray","Underhanded Strike+1"],"relics":["Ring of the Snake","Gambling Chip","Tough Bandages","Incense Burner","Eternal Feather","Red Mask","Pantograph","TwistedFunnel","Dream Catcher","Strawberry","Calling Bell","Boot","Question Card","Bird Faced Urn","Mango"],"potions_floor_usage":[23,28,33,38,38,46,46,50,50,50,50,50],"damage_taken":[{"damage":1,"enemies":"Cultist","floor":1,"turns":4},{"damage":6,"enemies":"Jaw Worm","floor":5,"turns":4},{"damage":0,"enemies":"Small Slimes","floor":11,"turns":3},{"damage":2,"enemies":"2 Fungi Beasts","floor":14,"turns":3},{"damage":21,"enemies":"Hexaghost","floor":16,"turns":7},{"damage":2,"enemies":"Chosen","floor":18,"turns":5},{"damage":17,"floor":19,"turns":5},{"damage":0,"enemies":"3 Byrds","floor":20,"turns":4},{"damage":3,"enemies":"Centurion and Healer","floor":22,"turns":5},{"damage":7,"enemies":"Slavers","floor":23,"turns":5},{"damage":0,"enemies":"Chosen and Byrds","floor":27,"turns":4},{"damage":9,"enemies":"Snecko","floor":28,"turns":4},{"damage":8,"enemies":"Collector","floor":33,"turns":6},{"damage":5,"enemies":"3 Shapes","floor":35,"turns":4},{"damage":11,"enemies":"Flame Bruiser 1 Orb","floor":36,"turns":4},{"damage":3,"enemies":"Sphere and 2 Shapes","floor":38,"turns":3},{"damage":26,"enemies":"Flame Bruiser 2 Orb","floor":39,"turns":5},{"damage":13,"enemies":"3 Darklings","floor":45,"turns":3},{"damage":12,"enemies":"2 Orb Walkers","floor":46,"turns":4},{"damage":40,"enemies":"Donu and Deca","floor":50,"turns":7}],"seed_played":"-6827771072764294789","potions_obtained":[{"floor":11,"key":"SteroidPotion"},{"floor":16,"key":"AttackPotion"},{"floor":19,"key":"GamblersBrew"},{"floor":22,"key":"EssenceOfSteel"},{"floor":23,"key":"EssenceOfSteel"},{"floor":28,"key":"AttackPotion"},{"floor":33,"key":"Ancient Potion"},{"floor":36,"key":"GhostInAJar"},{"floor":38,"key":"Energy Potion"},{"floor":45,"key":"EntropicBrew"}],"is_trial":false,"path_per_floor":["M","?","$","?","M","?","$","T","T","R","M","?","R","M","R","B",null,"M","?","M","?","M","E","R","$","T","M","M","R","?","?","R","B",null,"M","M","?","M","M","R","$","R","T","R","M","E","R","$","R","B"],"character_chosen":"THE_SILENT","items_purchased":["Noxious Fumes","TwistedFunnel","Caltrops","Poison Potion"],"campfire_rested":0,"item_purchase_floors":[3,25,41,48],"current_hp_per_floor":[69,69,69,69,63,63,63,63,63,63,63,49,49,47,47,26,70,68,51,51,37,34,27,39,39,39,39,30,42,49,49,61,69,77,72,68,68,75,55,73,73,77,77,77,66,80,91,91,91,74],"gold":14,"neow_bonus":"TRANSFORM_CARD","is_prod":false,"is_daily":false,"chose_seed":false,"campfire_upgraded":11,"win_rate":0,"timestamp":1532217626,"path_taken":["M","?","$","?","?","?","?","?","T","R","?","?","R","M","R","BOSS","M","?","M","?","M","E","R","$","T","M","M","R","?","?","R","BOSS","M","?","?","M","M","R","$","R","T","R","?","E","R","?","R","BOSS"],"build_version":"2018-07-19v2","purchased_purges":4,"victory":true,"max_hp_per_floor":[70,70,70,70,70,70,70,70,70,70,70,70,70,70,70,70,70,70,70,70,70,70,70,70,70,70,70,70,70,77,77,77,77,77,77,77,77,77,77,77,77,77,77,77,77,91,91,91,91,91],"card_choices":[{"not_picked":["Acrobatics","Dagger Throw"],"picked":"Poisoned Stab","floor":1},{"not_picked":["Backstab","Blade Dance"],"picked":"Deadly Poison","floor":5},{"not_picked":["Endless Agony","Quick Slash"],"picked":"Infinite Blades","floor":11},{"not_picked":["Outmaneuver","Distraction"],"picked":"Catalyst","floor":14},{"not_picked":["Adrenaline","Night Terror"],"picked":"Tools of the Trade","floor":16},{"not_picked":["Underhanded Strike","Outmaneuver+1"],"picked":"Calculated Gamble+1","floor":18},{"not_picked":["Backflip","Deadly Poison"],"picked":"All Out Attack","floor":19},{"not_picked":["Slice","Expertise"],"picked":"Dash+1","floor":20},{"not_picked":["Well Laid Plans","Sucker Punch+1"],"picked":"Prepared+1","floor":22},{"not_picked":["Poisoned Stab+1","Dodge and Roll"],"picked":"Footwork","floor":23},{"not_picked":["Slice","Sucker Punch"],"picked":"Catalyst","floor":27},{"not_picked":["Quick Slash","Dagger Throw"],"picked":"Prepared+1","floor":28},{"not_picked":["Phantasmal Killer","Wraith Form v2"],"picked":"Envenom","floor":33},{"not_picked":["Dagger Spray","Choke+1","Acrobatics+1"],"picked":"Poisoned Stab+1","floor":35},{"not_picked":["Eviscerate+1","Deflect+1","Dagger Throw"],"picked":"Dagger Spray+1","floor":36},{"not_picked":["Blade Dance","Dagger Spray","Masterful Stab"],"picked":"Tools of the Trade","floor":38},{"not_picked":["Deadly Poison+1","Quick Slash+1","Outmaneuver+1"],"picked":"Catalyst+1","floor":39},{"not_picked":["Dagger Throw+1","Slice","Bouncing Flask"],"picked":"Dagger Spray","floor":45},{"not_picked":["Masterful Stab","Eviscerate","Sucker Punch+1"],"picked":"Underhanded Strike","floor":46}],"player_experience":58436,"relics_obtained":[{"floor":8,"key":"Tough Bandages"},{"floor":9,"key":"Incense Burner"},{"floor":19,"key":"Red Mask"},{"floor":23,"key":"Pantograph"},{"floor":26,"key":"Dream Catcher"},{"floor":34,"key":"Boot"},{"floor":34,"key":"Question Card"},{"floor":34,"key":"Bird Faced Urn"},{"floor":46,"key":"Mango"}],"event_choices":[{"event_name":"Liars Game","player_choice":"agreed","floor":2,"damage_taken":0},{"event_name":"Big Fish","player_choice":"Box","floor":4,"damage_taken":0},{"event_name":"Transmorgrifier","player_choice":"Transform","floor":6,"damage_taken":0},{"event_name":"Shining Light","player_choice":"Entered Light","floor":12,"damage_taken":0},{"event_name":"Masked Bandits","player_choice":"Fought over 219 gold","floor":19,"damage_taken":0},{"event_name":"Knowing Skull","player_choice":"GOLD ","floor":21,"damage_taken":0},{"event_name":"Addict","player_choice":"Obtained Relic","floor":30,"damage_taken":0},{"event_name":"Beggar","player_choice":"Ignored","floor":31,"damage_taken":0},{"event_name":"Accursed Blacksmith","player_choice":"Ignore","floor":37,"damage_taken":0}],"is_beta":false,"boss_relics":[{"not_picked":["HoveringKite","Ectoplasm"],"picked":"Eternal Feather"},{"not_picked":["Orrery","Snecko Eye"],"picked":"Calling Bell"}],"items_purged_floors":[3,7,25,41],"is_endless":false,"potions_floor_spawned":[11,16,19,22,23,28,33,36,38,45],"ascension_level":0}