{"path_per_floor":["M","?","?","M","?","R","M","M","T","M","M","M","R","M","R","B",null,"M","?","M","?","?","R","M","M","T","?","$","R","M","M","R"],"character_chosen":"IRONCLAD","items_purchased":[],"gold_per_floor":[115,115,190,203,203,203,216,236,288,301,312,329,329,342,342,447,447,458,458,475,390,390,390,402,413,413,413,338,338,358,374,374],"floor_reached":33,"campfire_rested":3,"playtime":1407,"current_hp_per_floor":[80,80,69,69,69,69,73,73,73,77,80,80,80,74,74,80,80,44,44,29,29,29,53,40,11,11,37,37,61,31,12,36],"items_purged":["Strike_R"],"gold":374,"score":337,"play_id":"bd7ceef1-2462-4dbb-b1fe-531c8b261e93","local_time":"20180304202228","is_prod":false,"is_daily":false,"is_ascension_mode":true,"campfire_upgraded":3,"timestamp":1520205748,"path_taken":["M","?","?","?","?","R","M","M","T","?","M","M","R","M","R","BOSS","M","?","M","?","?","R","?","M","T","?","$","R","M","M","R","BOSS"],"build_version":"2018-03-01-PROD1","purchased_purges":1,"victory":false,"master_deck":["Strike_R","Strike_R","Strike_R+1","Defend_R","Defend_R","Defend_R","Defend_R","Bash+1","Pommel Strike+1","Corruption+1","Flex","Sever Soul","Rampage+1","Offering","Offering","Iron Wave"],"max_hp_per_floor":[80,80,80,80,80,80,80,80,80,80,80,80,80,80,80,80,80,80,80,80,80,80,80,80,80,80,80,80,80,80,80,80],"relics":["Burning Blood","Whetstone","Black Star","Pantograph","Vajra"],"card_choices":[{"not_picked":["Heavy Blade","Sever Soul"],"picked":"Pommel Strike"},{"not_picked":["Disarm","Bloodletting"],"picked":"Corruption"},{"not_picked":["Intimidate","Pummel"],"picked":"Flex"},{"not_picked":["Pommel Strike","Blood for Blood"],"picked":"Sever Soul"},{"not_picked":["Shockwave","Thunderclap"],"picked":"Rampage"},{"not_picked":["Reaper","Brutality"],"picked":"Offering"},{"not_picked":["Searing Blow","Offering"],"picked":"Iron Wave"}],"player_experience":420389,"potions_floor_usage":[10,11,11,14,16,16,24,33],"damage_taken":[{"damage":4,"enemies":"2 Louse","floor":1,"turns":3},{"damage":6,"enemies":"Cultist","floor":4,"turns":3},{"damage":2,"enemies":"Jaw Worm","floor":7,"turns":3},{"damage":6,"enemies":"3 Louse","floor":8,"turns":3},{"damage":2,"enemies":"Exordium Wildlife","floor":10,"turns":3},{"damage":0,"enemies":"Gremlin Gang","floor":11,"turns":3},{"damage":2,"enemies":"Looter","floor":12,"turns":3},{"damage":12,"enemies":"Lots of Slimes","floor":14,"turns":3},{"damage":0,"enemies":"Slime Boss","floor":16,"turns":6},{"damage":42,"enemies":"Chosen","floor":18,"turns":4},{"damage":21,"enemies":"2 Thieves","floor":20,"turns":3},{"damage":19,"enemies":"Chosen and Byrds","floor":24,"turns":5},{"damage":35,"enemies":"Centurion and Healer","floor":25,"turns":5},{"damage":36,"enemies":"Snake Plant","floor":30,"turns":3},{"damage":25,"enemies":"3 Cultists","floor":31,"turns":5},{"damage":30,"enemies":"Champ","floor":33,"turns":7}],"event_choices":[{"event_name":"Liars Game","player_choice":"disagreed","floor":2,"damage_taken":0},{"event_name":"World of Goop","player_choice":"Gather Gold","floor":3,"damage_taken":0},{"event_name":"The Lab","player_choice":"Got Potions","floor":5,"damage_taken":0},{"event_name":"Duplicator","player_choice":"One dupe","floor":19,"damage_taken":0},{"event_name":"Addict","player_choice":"Obtained Relic","floor":21,"damage_taken":0},{"event_name":"The Mausoleum","player_choice":"No","floor":22,"damage_taken":0},{"event_name":"The Library","player_choice":"Heal","floor":27,"damage_taken":0}],"boss_relics":[{"not_picked":["Question Card","Ectoplasm"],"picked":"Black Star"}],"potions_floor_spawned":[4,10,12,14,20,31],"seed_played":"4871529771901256444","killed_by":"Champ","ascension_level":3,"is_trial":false}