{"gold_per_floor":[115,128,98,23,41,71,83,113,159,172,186,186,212,227,227,329,329,340,77,97,97,115,115],"floor_reached":23,"playtime":860,"items_purged":["Strike_B"],"score":250,"play_id":"a044ead8-7112-42a6-a91c-f0f72f56cf52","local_time":"20190225225128","is_ascension_mode":true,"campfire_choices":[{"data":"Streamline","floor":15,"key":"SMITH"}],"neow_cost":"NONE","seed_source_timestamp":19427008788169,"circlet_count":0,"master_deck":["Strike_B","Strike_B","Strike_B","Defend_B","Defend_B","Defend_B","Defend_B","Zap","Dualcast","Self Repair","Go for the Eyes","FTL","Streamline+1","Hologram","Self Repair","Rebound","Streamline","Go for the Eyes","Core Surge","Fusion","Creative AI","Hologram","Skim","Streamline"],"special_seed":0,"relics":["Cracked Core","PreservedInsect","Peace Pipe","Letter Opener","Blood Vial","Dream Catcher","Nuclear Battery","Juzu Bracelet"],"potions_floor_usage":[12,16,16,16,22,23],"damage_taken":[{"damage":0.0,"enemies":"2 Louse","floor":1.0,"turns":2.0},{"damage":6.0,"enemies":"Cultist","floor":2.0,"turns":4.0},{"damage":7.0,"enemies":"Jaw Worm","floor":5.0,"turns":3.0},{"damage":18.0,"enemies":"Gremlin Nob","floor":6.0,"turns":4.0},{"damage":13.0,"enemies":"2 Fungi Beasts","floor":7.0,"turns":3.0},{"damage":37,"enemies":"3 Sentries","floor":8,"turns":9},{"damage":13,"enemies":"Blue Slaver","floor":10,"turns":4},{"damage":0,"enemies":"3 Louse","floor":11,"turns":2},{"damage":0,"enemies":"Lots of Slimes","floor":12,"turns":1},{"damage":7,"enemies":"Gremlin Nob","floor":13,"turns":3},{"damage":12,"enemies":"2 Fungi Beasts","floor":14,"turns":3},{"damage":36,"enemies":"Hexaghost","floor":16,"turns":9},{"damage":4,"enemies":"Chosen","floor":18,"turns":4},{"damage":36,"enemies":"2 Thieves","floor":20,"turns":4},{"damage":29,"enemies":"Snecko","floor":22,"turns":4},{"damage":48,"enemies":"Snake Plant","floor":23,"turns":5}],"seed_played":"-5318166831265791815","potions_obtained":[{"floor":1.0,"key":"Block Potion"},{"floor":3.0,"key":"Weak Potion"},{"floor":3.0,"key":"SmokeBomb"},{"floor":13,"key":"AttackPotion"},{"floor":16,"key":"Poison Potion"},{"floor":18,"key":"Strength Potion"},{"floor":20,"key":"GamblersBrew"}],"is_trial":false,"path_per_floor":["M","M","?","$","M","E","M","E","T","M","M","M","E","M","R","B",null,"M","$","M","?","M","M"],"character_chosen":"DEFECT","items_purchased":["FTL","Creative AI","Hologram"],"campfire_rested":0,"item_purchase_floors":[4,19,19],"current_hp_per_floor":[75,75,75,75,75,64,58,35,35,38,40,56,65,69,69,49,75,75,75,53,53,40,0],"gold":115,"neow_bonus":"RANDOM_COMMON_RELIC","is_prod":false,"is_daily":false,"chose_seed":false,"campfire_upgraded":1,"win_rate":0,"timestamp":1551156688,"path_taken":["M","M","?","?","M","E","M","E","T","M","M","?","E","M","R","BOSS","M","$","M","?","M","M"],"build_version":"2019-01-23","purchased_purges":1,"victory":false,"max_hp_per_floor":[75,75,75,75,75,75,75,75,75,75,75,75,75,75,75,75,75,75,75,75,75,75,75],"card_choices":[{"not_picked":["Sweeping Beam","Gash"],"picked":"Self Repair","floor":1.0},{"not_picked":["Consume","Ball Lightning"],"picked":"Go for the Eyes","floor":2.0},{"not_picked":["Cold Snap","Skim"],"picked":"Streamline","floor":5.0},{"not_picked":["Heatsinks","Blizzard"],"picked":"Hologram","floor":6.0},{"not_picked":["Lockon","Leap"],"picked":"Self Repair","floor":7.0},{"not_picked":["Rainbow","Reinforced Body","Force Field"],"picked":"SKIP","floor":8},{"not_picked":["Sweeping Beam","Ball Lightning","Cold Snap"],"picked":"SKIP","floor":10},{"not_picked":["Reprogram","Fission"],"picked":"Rebound","floor":11},{"not_picked":["Chaos","Leap"],"picked":"Streamline","floor":13},{"not_picked":["Stack","Redo"],"picked":"Go for the Eyes","floor":14},{"not_picked":["Biased Cognition","Buffer"],"picked":"Core Surge","floor":16},{"not_picked":["Stack","Ball Lightning"],"picked":"Fusion","floor":18},{"not_picked":["Stack","Capacitor"],"picked":"Skim","floor":20},{"not_picked":["Defragment","Coolheaded"],"picked":"Streamline","floor":22}],"player_experience":244444,"relics_obtained":[{"floor":6.0,"key":"Peace Pipe"},{"floor":8,"key":"Letter Opener"},{"floor":9,"key":"Blood Vial"},{"floor":13,"key":"Dream Catcher"}],"event_choices":[{"damage_healed":0.0,"max_hp_gain":0.0,"max_hp_loss":0.0,"gold_gain":0.0,"event_name":"The Woman in Blue","player_choice":"Bought 2 Potions","floor":3.0,"gold_loss":0.0,"damage_taken":0.0},{"damage_healed":0,"gold_gain":0,"player_choice":"Opened","damage_taken":0,"relics_obtained":["Juzu Bracelet"],"max_hp_gain":0,"max_hp_loss":0,"event_name":"The Mausoleum","floor":21,"gold_loss":0}],"is_beta":false,"boss_relics":[{"not_picked":["Pandora\u0027s Box","Astrolabe"],"picked":"Nuclear Battery"}],"items_purged_floors":[19],"is_endless":false,"potions_floor_spawned":[1,5,13,16,18,20],"killed_by":"Snake Plant","ascension_level":3}