{"gold_per_floor":[111,131,81,41,53,78,88,88,88,104,104,139,157,332,332,332],"floor_reached":16,"playtime":781,"items_purged":[],"score":112,"play_id":"edf1d7cf-0d90-47ee-a233-245e0b4fb0c5","local_time":"20190107215452","is_ascension_mode":false,"campfire_choices":[{"floor":15,"key":"REST"}],"neow_cost":"NONE","seed_source_timestamp":200080775930212,"circlet_count":0,"master_deck":["Strike_R","Strike_R+1","Strike_R","Strike_R","Defend_R","Defend_R","Defend_R","Defend_R","Bash","Rampage","Intimidate+1","Armaments","Warcry","Corruption","Reckless Charge","True Grit","Wild Strike","Doubt"],"relics":["Mark of Pain","Centennial Puzzle","Ornamental Fan","Gremlin Horn"],"potions_floor_usage":[16],"damage_taken":[{"damage":0,"enemies":"Small Slimes","floor":1,"turns":2},{"damage":1,"enemies":"Cultist","floor":2,"turns":3},{"damage":0,"enemies":"2 Louse","floor":5,"turns":2},{"damage":17,"enemies":"3 Sentries","floor":6,"turns":9},{"damage":8,"enemies":"2 Fungi Beasts","floor":7,"turns":4},{"damage":6,"enemies":"Large Slime","floor":10,"turns":6},{"damage":17,"enemies":"Gremlin Nob","floor":12,"turns":5},{"damage":0,"enemies":"Blue Slaver","floor":13,"turns":4},{"damage":41,"enemies":"Hexaghost","floor":16,"turns":9}],"seed_played":"5180317037513369826","potions_obtained":[{"floor":2,"key":"Energy Potion"},{"floor":10,"key":"Explosive Potion"},{"floor":12,"key":"Dexterity Potion"}],"is_trial":false,"path_per_floor":["M","M","?","$","M","E","M","?","T","M","?","E","M","?","R","B"],"character_chosen":"IRONCLAD","items_purchased":["Intimidate"],"campfire_rested":1,"item_purchase_floors":[4],"current_hp_per_floor":[80,79,79,79,79,62,54,54,54,48,32,15,15,15,39,0],"gold":332,"neow_bonus":"BOSS_RELIC","is_prod":false,"is_daily":false,"chose_seed":false,"campfire_upgraded":0,"win_rate":0.0,"timestamp":1546916092,"path_taken":["M","M","?","$","M","E","M","?","T","?","?","E","M","?","R","BOSS"],"build_version":"2019-01-03v4","purchased_purges":0,"victory":false,"max_hp_per_floor":[80,80,80,80,80,80,80,80,80,80,80,80,80,80,80,80],"card_choices":[{"not_picked":["Warcry","Wild Strike"],"picked":"Rampage","floor":1},{"not_picked":["Combust","Cleave"],"picked":"Flex","floor":2},{"not_picked":["Clothesline","Headbutt"],"picked":"Armaments","floor":5},{"not_picked":["Rampage","Hemokinesis"],"picked":"Warcry","floor":6},{"not_picked":["Flex","Heavy Blade"],"picked":"Corruption","floor":7},{"not_picked":["Spot Weakness","Uppercut"],"picked":"Reckless Charge","floor":10},{"not_picked":["Headbutt","Rampage"],"picked":"True Grit","floor":12},{"not_picked":["Entrench","Clothesline"],"picked":"Wild Strike","floor":13}],"player_experience":27585,"relics_obtained":[{"floor":6,"key":"Centennial Puzzle"},{"floor":9,"key":"Ornamental Fan"},{"floor":12,"key":"Gremlin Horn"}],"event_choices":[{"cards_removed":["Strike_R"],"damage_healed":0,"gold_gain":0,"player_choice":"Card Removal","damage_taken":0,"max_hp_gain":0,"max_hp_loss":0,"event_name":"The Cleric","floor":3,"gold_loss":50},{"cards_removed":["Flex"],"damage_healed":0,"gold_gain":0,"player_choice":"Purged","damage_taken":0,"max_hp_gain":0,"max_hp_loss":0,"event_name":"Purifier","floor":8,"gold_loss":0},{"damage_healed":0,"gold_gain":0,"player_choice":"Entered Light","damage_taken":16,"max_hp_gain":0,"max_hp_loss":0,"event_name":"Shining Light","floor":11,"gold_loss":0,"cards_upgraded":["Strike_R","Intimidate"]},{"damage_healed":0,"gold_gain":175,"player_choice":"AGREE","damage_taken":0,"max_hp_gain":0,"max_hp_loss":0,"event_name":"Liars Game","floor":14,"gold_loss":0,"cards_obtained":["Doubt"]}],"is_beta":false,"boss_relics":[],"items_purged_floors":[],"is_endless":false,"potions_floor_spawned":[2,10,12],"killed_by":"Hexaghost","ascension_level":0}