{"path_per_floor":["M","?","$","?","M","R","?","R","T","E","?","$","M","M","R","B",null,"M","$","M","?","?","R","?","M","T","?"],"character_chosen":"DEFECT","items_purchased":["Glacier","Capacitor","Undo"],"gold_per_floor":[116,116,42,42,54,54,54,54,54,79,79,54,73,85,85,180,180,192,43,40,40,0,0,0,16,16,16,16],"floor_reached":28,"campfire_rested":1,"playtime":1481,"current_hp_per_floor":[75,60,60,60,60,60,60,60,60,26,19,19,19,11,33,5,75,56,56,30,30,30,30,30,21,21,21,0],"items_purged":["Defend_B"],"gold":16,"score":225,"play_id":"f4b4801b-b213-4449-b02b-056f52cef28b","local_time":"20180426220303","is_prod":false,"is_daily":false,"chose_seed":false,"is_ascension_mode":true,"campfire_upgraded":3,"timestamp":1524790983,"path_taken":["M","?","$","?","M","R","?","R","T","E","?","$","M","M","R","BOSS","M","$","M","?","?","R","?","?","T","?","M"],"build_version":"2018-04-26","seed_source_timestamp":59188811980031,"purchased_purges":3,"victory":false,"master_deck":["Strike_B","Strike_B+1","Defend_B+1","Zap+1","Dualcast+1","Leap","Glacier","Loop","Blizzard","Capacitor","Sweeping Beam","Conserve Battery","Amplify","Allocate+1","Undo+1","Blaster+1","Thunder Strike","Self Repair"],"max_hp_per_floor":[75,75,75,75,75,75,75,75,75,75,75,75,75,75,75,75,75,75,75,75,75,75,75,75,75,75,75,75],"relics":["Cracked Core","Bottled Flame","Matryoshka","Black Star","Lantern","Torii"],"card_choices":[{"not_picked":["Conserve Battery","Chaos"],"picked":"Leap","floor":1},{"not_picked":["Stack","Leap"],"picked":"Loop","floor":5},{"not_picked":["Hello World","Axe Kick"],"picked":"Blizzard","floor":10},{"not_picked":["Beam Cell","Axe Kick"],"picked":"Sweeping Beam","floor":13},{"not_picked":["Beam Cell","Chill"],"picked":"Conserve Battery","floor":14},{"not_picked":["Reboot","Prime"],"picked":"Amplify","floor":16},{"not_picked":["Hologram","Flux Capacitor"],"picked":"Allocate","floor":18},{"not_picked":["Chaos","Go for the Eyes"],"picked":"Blaster","floor":20},{"not_picked":["Hello World","Cold Snap"],"picked":"Self Repair","floor":25}],"player_experience":755227,"potions_floor_usage":[20,25],"damage_taken":[{"damage":0,"enemies":"Small Slimes","floor":1,"turns":3},{"damage":0,"enemies":"Jaw Worm","floor":5,"turns":3},{"damage":34,"enemies":"Gremlin Nob","floor":10,"turns":5},{"damage":0,"enemies":"Cultist","floor":13,"turns":3},{"damage":8,"enemies":"Blue Slaver","floor":14,"turns":3},{"damage":28,"enemies":"Slime Boss","floor":16,"turns":12},{"damage":19,"enemies":"Shell Parasite","floor":18,"turns":9},{"damage":26,"enemies":"2 Thieves","floor":20,"turns":5},{"damage":9,"enemies":"Centurion and Healer","floor":25,"turns":13},{"damage":24,"enemies":"Cultist and Chosen","floor":28,"turns":2}],"event_choices":[{"event_name":"Shining Light","player_choice":"Entered Light","floor":2,"damage_taken":0},{"event_name":"The Cleric","player_choice":"Leave","floor":4,"damage_taken":0},{"event_name":"Bonfire Elementals","player_choice":"BASIC","floor":7,"damage_taken":0},{"event_name":"Golden Wing","player_choice":"Card Removal","floor":11,"damage_taken":0},{"event_name":"Upgrade Shrine","player_choice":"Upgraded","floor":21,"damage_taken":0},{"event_name":"Masked Bandits","player_choice":"Paid Bandits 40 gold","floor":22,"damage_taken":0},{"event_name":"Transmorgrifier","player_choice":"Transform","floor":24,"damage_taken":0},{"event_name":"Ghosts","player_choice":"Ignored","floor":27,"damage_taken":0}],"boss_relics":[{"not_picked":["Eternal Feather","White Beast Statue"],"picked":"Black Star"}],"potions_floor_spawned":[1,16],"seed_played":"3468901460099698111","killed_by":"Cultist and Chosen","ascension_level":1,"is_trial":false}