{"path_per_floor":["M","?","M","?","$","R","E","R","T","?","R","M","M","T","R","B",null,"M","M","?","$","?","R","M","R","T","E"],"character_chosen":"THE_SILENT","items_purchased":["Infinite Blades"],"gold_per_floor":[112,112,127,202,54,54,83,83,140,140,140,159,173,173,173,270,270,280,295,210,110,110,110,124,124,198,532],"floor_reached":28,"campfire_rested":3,"playtime":1128,"current_hp_per_floor":[63,63,63,52,52,52,1,22,22,22,42,42,40,40,40,12,53,52,40,40,40,40,40,30,50,50,4],"items_purged":["Decay","Strike_G"],"gold":532,"score":374,"play_id":"adc6c89a-7277-4ad2-989d-db6599456f87","local_time":"20180313114448","is_prod":false,"is_daily":false,"is_ascension_mode":true,"campfire_upgraded":3,"timestamp":1520952288,"path_taken":["M","?","M","?","$","R","E","R","T","?","R","?","?","?","R","BOSS","M","M","?","$","?","R","?","R","T","E","M"],"build_version":"2018-03-09","purchased_purges":2,"victory":false,"master_deck":["Defend_G","Defend_G","Defend_G+1","Defend_G+1","Defend_G","Strike_G","Strike_G","Strike_G","Strike_G","Survivor","Neutralize+1","Dagger Spray","Backflip","Infinite Blades","Bullet Time+1","Predator","Dagger Spray","Glass Knife+1","Dash","Writhe"],"max_hp_per_floor":[70,70,70,70,70,70,70,70,70,67,67,67,67,67,67,67,67,67,67,67,67,67,67,67,67,67,67],"relics":["Ring of the Snake","War Paint","Bag of Preparation","Tiny Chest","Matryoshka","Black Star","Blood Vial","Bronze Scales","Prayer Wheel","Kunai","Gambling Chip","Old Coin"],"card_choices":[{"not_picked":["Backflip","PiercingWail"],"picked":"Dagger Spray"},{"not_picked":["Acrobatics","PiercingWail"],"picked":"Backflip"},{"not_picked":["PiercingWail","Blade Dance"],"picked":"Bullet Time"},{"not_picked":["Bane","Dagger Throw"],"picked":"Predator"},{"not_picked":["Underhanded Strike","Distraction"],"picked":"Dagger Spray"},{"not_picked":["Venomology","Grand Finale"],"picked":"Glass Knife"},{"not_picked":["Outmaneuver","Dodge and Roll"],"picked":"Dash"}],"player_experience":572212,"potions_floor_usage":[7,16,18,27,27],"damage_taken":[{"damage":0,"enemies":"Jaw Worm","floor":1,"turns":6},{"damage":0,"enemies":"Cultist","floor":3,"turns":4},{"damage":51,"enemies":"Lagavulin","floor":7,"turns":9},{"damage":0,"enemies":"2 Louse","floor":12,"turns":2},{"damage":2,"enemies":"Blue Slaver","floor":13,"turns":4},{"damage":28,"enemies":"Slime Boss","floor":16,"turns":10},{"damage":1,"enemies":"Chosen","floor":18,"turns":5},{"damage":12,"enemies":"Shell Parasite","floor":19,"turns":4},{"damage":12,"enemies":"Snake Plant","floor":24,"turns":4},{"damage":48,"enemies":"Slavers","floor":27,"turns":8},{"damage":6,"enemies":"Snecko","floor":28,"turns":2}],"event_choices":[{"event_name":"Wheel of Change","player_choice":"Curse","floor":2,"damage_taken":0},{"event_name":"World of Goop","player_choice":"Gather Gold","floor":4,"damage_taken":0},{"event_name":"Purifier","player_choice":"One Purge","floor":10,"damage_taken":0},{"event_name":"Addict","player_choice":"Obtained Relic","floor":20,"damage_taken":0},{"event_name":"The Mausoleum","player_choice":"Yes","floor":22,"damage_taken":0}],"boss_relics":[{"not_picked":["Pandora\u0027s Box","Orrery"],"picked":"Black Star"}],"potions_floor_spawned":[3,7,16,19,24],"seed_played":"-6438595397936520967","killed_by":"Snecko","ascension_level":12,"is_trial":false}