{"path_per_floor":["M","?","?","M","M","R","E","R","T","M","M","M","$","?","R","B",null,"M","?","?","?"],"character_chosen":"THE_SILENT","items_purchased":["Noxious Fumes"],"gold_per_floor":[114,114,114,131,147,147,177,177,177,188,198,218,68,243,243,342,342,325,325,325,325],"floor_reached":22,"campfire_rested":1,"playtime":968,"current_hp_per_floor":[56,49,67,60,60,60,25,45,45,43,40,40,40,40,40,28,57,41,25,25,25],"items_purged":["Defend_G"],"gold":325,"score":276,"play_id":"ae7663fd-374e-4d2e-96fc-41cb9a4baa7a","local_time":"20180305181030","is_prod":false,"is_daily":false,"is_ascension_mode":true,"campfire_upgraded":2,"timestamp":1520284230,"path_taken":["M","?","?","M","?","R","E","R","T","M","?","M","$","?","R","BOSS","M","?","?","?","?"],"build_version":"2018-03-01-PROD1","purchased_purges":1,"victory":false,"master_deck":["Defend_G+1","Defend_G+1","Defend_G+1","Defend_G+1","Strike_G+1","Strike_G+1","Strike_G+1","Strike_G+1","Strike_G+1","Survivor","Neutralize+1","Cloak And Dagger","Concentrate","Dagger Spray","Cloak And Dagger","Envenom","Noxious Fumes+1","Bullet Time","Swift Strike"],"max_hp_per_floor":[70,67,67,67,67,67,67,67,67,67,67,67,67,67,67,67,67,67,67,67,67],"relics":["Ring of the Snake","Vajra","War Paint","Bronze Scales","Cursed Key"],"card_choices":[{"not_picked":["Flechettes","Reflex"],"picked":"Cloak And Dagger"},{"not_picked":["Slice","Dodge and Roll"],"picked":"Concentrate"},{"not_picked":["Deflect","Underhanded Strike"],"picked":"Dagger Spray"},{"not_picked":["Accuracy","Concentrate"],"picked":"Cloak And Dagger"},{"not_picked":["Calculated Gamble","Predator"],"picked":"Envenom"},{"not_picked":["Phantasmal Killer","Envenom"],"picked":"Bullet Time"}],"player_experience":440391,"potions_floor_usage":[10,16,22],"damage_taken":[{"damage":7,"enemies":"Small Slimes","floor":1,"turns":4},{"damage":7,"enemies":"2 Louse","floor":4,"turns":4},{"damage":0,"enemies":"Cultist","floor":5,"turns":3},{"damage":35,"enemies":"Gremlin Nob","floor":7,"turns":6},{"damage":2,"enemies":"Gremlin Gang","floor":10,"turns":5},{"damage":3,"enemies":"Large Slime","floor":11,"turns":5},{"damage":0,"enemies":"3 Louse","floor":12,"turns":2},{"damage":12,"enemies":"The Guardian","floor":16,"turns":11},{"damage":16,"enemies":"2 Thieves","floor":18,"turns":4},{"damage":26,"enemies":"Chosen","floor":22,"turns":3}],"event_choices":[{"event_name":"Golden Wing","player_choice":"Card Removal","floor":2,"damage_taken":0},{"event_name":"Big Fish","player_choice":"Banana","floor":3,"damage_taken":0},{"event_name":"Liars Game","player_choice":"agreed","floor":14,"damage_taken":0},{"event_name":"Knowing Skull","player_choice":"CARD ","floor":19,"damage_taken":0},{"event_name":"Back to Basics","player_choice":"Simplicity","floor":20,"damage_taken":0},{"event_name":"Purifier","player_choice":"One Purge","floor":21,"damage_taken":0}],"boss_relics":[{"not_picked":["Eternal Feather","Tiny House"],"picked":"Cursed Key"}],"potions_floor_spawned":[7,10,16],"seed_played":"317584363784141642","killed_by":"Chosen","ascension_level":10,"is_trial":false}