{"path_per_floor":["M","?","?","?","M","R","E","R","T","R","$","$","M","M","R","B",null,"M","?","?","M","M","R","?","E","T","R","E","R","$","$","R","B",null,"M","?","M"],"character_chosen":"THE_SILENT","items_purchased":["Caltrops","Letter Opener","Bullet Time","Noxious Fumes"],"gold_per_floor":[109,109,59,59,75,75,407,407,407,407,10,10,23,36,36,137,137,118,118,118,131,151,151,76,102,129,129,163,163,163,9,9,111,111,121,121,133],"floor_reached":38,"campfire_rested":2,"playtime":2156,"current_hp_per_floor":[70,70,70,70,68,68,43,64,64,64,64,64,64,64,64,14,56,39,62,46,46,38,59,59,54,54,54,66,66,66,66,66,36,62,23,23,1],"items_purged":["Strike_G"],"gold":133,"score":479,"play_id":"8465fc9c-4f0b-42fd-acc5-fc7c40137014","is_prod":false,"is_daily":false,"is_ascension_mode":true,"campfire_upgraded":6,"path_taken":["M","?","?","?","M","R","E","R","T","R","?","$","M","?","R","BOSS","M","?","?","M","?","R","?","E","T","R","E","R","?","$","R","BOSS","M","?","M","M"],"build_version":"2018-02-15-PROD1","purchased_purges":1,"victory":false,"master_deck":["Defend_G","Defend_G","Defend_G","Defend_G","Defend_G","Strike_G","Survivor","Neutralize+1","Backstab","Backflip+1","Dagger Spray","Caltrops+1","Outmaneuver","Well Laid Plans","Wraith Form+1","Infinite Blades+1","Deflect+1","Burst+1","Blur+1","Bullet Time+1","Noxious Fumes","Envenom","Backflip+1"],"max_hp_per_floor":[70,70,70,70,70,70,70,70,70,70,70,70,70,70,70,70,70,70,70,70,70,70,70,70,70,70,70,70,70,70,70,70,70,70,70,70,70],"relics":["Ring of the Snake","Art of War","Old Coin","Mummified Hand","Letter Opener","Philosopher\u0027s Stone","Enchiridion","Gremlin Horn","Anchor","Orichalcum","White Beast Statue"],"card_choices":[{"not_picked":["Acrobatics","Underhanded Strike"],"picked":"Backstab"},{"not_picked":["Outmaneuver","Acrobatics"],"picked":"Backflip"},{"not_picked":["Deadly Poison","Envenom"],"picked":"Dagger Spray"},{"not_picked":["Quick Slash","Dagger Throw"],"picked":"Outmaneuver"},{"not_picked":["Underhanded Strike","Deadly Poison"],"picked":"Well Laid Plans"},{"not_picked":["Burst","Glass Knife"],"picked":"Wraith Form"},{"not_picked":["Quick Slash","Riddle With Holes"],"picked":"Infinite Blades"},{"not_picked":["Prepared","Flying Knee"],"picked":"Deflect"},{"not_picked":["Die Die Die","Dodge and Roll"],"picked":"Burst"},{"not_picked":["Deflect","Dagger Spray"],"picked":"Blur"},{"not_picked":["Storm of Steel","Unload"],"picked":"Envenom"},{"not_picked":["Flechettes","Bane"],"picked":"Backflip"}],"player_experience":228493,"potions_floor_usage":[7,21,28,37,38,38],"damage_taken":[{"damage":0,"enemies":"Jaw Worm","floor":1,"turns":6},{"damage":2,"enemies":"Small Slimes","floor":5,"turns":4},{"damage":25,"enemies":"Lagavulin","floor":7,"turns":10},{"damage":0,"enemies":"Cultist","floor":13,"turns":3},{"damage":0,"enemies":"2 Fungi Beasts","floor":14,"turns":3},{"damage":50,"enemies":"Slime Boss","floor":16,"turns":12},{"damage":17,"enemies":"2 Thieves","floor":18,"turns":4},{"damage":0,"enemies":"Chosen","floor":21,"turns":4},{"damage":8,"enemies":"Centurion and Healer","floor":22,"turns":3},{"damage":5,"enemies":"Book of Stabbing","floor":25,"turns":4},{"damage":0,"enemies":"Gremlin Leader","floor":28,"turns":5},{"damage":30,"enemies":"Collector","floor":33,"turns":8},{"damage":39,"enemies":"3 Darklings","floor":35,"turns":4},{"damage":22,"enemies":"3 Shapes","floor":37,"turns":4},{"damage":11,"enemies":"Sphere and 2 Shapes","floor":38,"turns":2}],"event_choices":[{"event_name":"Living Wall","player_choice":"Forget","floor":2,"damage_taken":0},{"event_name":"The Cleric","player_choice":"Card Removal","floor":3,"damage_taken":0},{"event_name":"The Woman in Blue","player_choice":"Bought 0 Potions","floor":4,"damage_taken":0},{"event_name":"The Library","player_choice":"Heal","floor":19,"damage_taken":0},{"event_name":"Cursed Tome","player_choice":"Obtained Book","floor":20,"damage_taken":0},{"event_name":"Beggar","player_choice":"Gave Gold","floor":24,"damage_taken":0},{"event_name":"Tomb of Lord Red Mask","player_choice":"Ignored","floor":36,"damage_taken":0}],"boss_relics":[{"not_picked":["Runic Dome","Orrery"],"picked":"Philosopher\u0027s Stone"},{"not_picked":["Pandora\u0027s Box","Tiny House"],"picked":"White Beast Statue"}],"potions_floor_spawned":[5,7,18,33,35,37],"seed_played":"-1527430978145904610","killed_by":"Sphere and 2 Shapes","ascension_level":5,"is_trial":false}