{"gold_per_floor":[109,59,59,77,77,77,117,137,163,206,206,229,249,174,174,298,298,312,312,337,337,190,214,282,282,282,297,297],"floor_reached":28,"playtime":791,"items_purged":["Cold Snap","Strike_B"],"score":228,"play_id":"ee73905e-c166-4a3d-bc42-f1c7513c2063","local_time":"20190310223153","is_ascension_mode":false,"campfire_choices":[{"data":"Go for the Eyes","floor":6,"key":"SMITH"},{"floor":15,"key":"REST"}],"neow_cost":"NONE","seed_source_timestamp":169477048315400,"circlet_count":0,"master_deck":["Strike_B+1","Strike_B+1","Defend_B","Defend_B","Defend_B","Zap","Dualcast","Go for the Eyes+1","Zap","Gash","Gash","Capacitor","Capacitor","Tempest","Thunder Strike","Gash+1","Barrage","Go for the Eyes","Machine Learning+1"],"relics":["Cracked Core","Golden Idol","Whetstone","Bag of Preparation","Question Card","Nuclear Battery","Frozen Egg 2","Toxic Egg 2","Boot"],"potions_floor_usage":[10,16],"damage_taken":[{"damage":1,"enemies":"Jaw Worm","floor":1,"turns":3},{"damage":0,"enemies":"Small Slimes","floor":4,"turns":2},{"damage":27,"enemies":"Lagavulin","floor":7,"turns":5},{"damage":0,"enemies":"Cultist","floor":8,"turns":2},{"damage":12,"enemies":"Gremlin Nob","floor":10,"turns":3},{"damage":3,"enemies":"3 Louse","floor":12,"turns":3},{"damage":8,"enemies":"Looter","floor":13,"turns":2},{"damage":19,"enemies":"Slime Boss","floor":16,"turns":7},{"damage":37,"enemies":"3 Byrds","floor":18,"turns":5},{"damage":0,"enemies":"Spheric Guardian","floor":20,"turns":3},{"damage":18,"enemies":"Cultist and Chosen","floor":23,"turns":4},{"damage":28,"enemies":"Centurion and Healer","floor":27,"turns":5},{"damage":14,"enemies":"Snake Plant","floor":28,"turns":1}],"seed_played":"6646572813788034035","potions_obtained":[{"floor":7,"key":"Block Potion"},{"floor":8,"key":"AttackPotion"},{"floor":27,"key":"Energy Potion"}],"is_trial":false,"path_per_floor":["M","?","?","M","?","R","E","M","T","E","?","M","M","$","R","B",null,"M","?","M","?","$","M","T","?","T","M","M"],"character_chosen":"DEFECT","items_purchased":["Barrage"],"campfire_rested":1,"item_purchase_floors":[22],"current_hp_per_floor":[74,74,74,74,69,69,42,42,42,30,53,50,42,42,62,43,69,32,55,55,55,55,37,37,37,37,9,0],"gold":297,"neow_bonus":"REMOVE_CARD","is_prod":false,"is_daily":false,"chose_seed":false,"campfire_upgraded":1,"win_rate":0.0,"timestamp":1552278713,"path_taken":["M","?","?","?","?","R","E","M","T","E","?","M","M","?","R","BOSS","M","?","M","?","?","M","?","?","T","M","M"],"build_version":"2019-01-23","purchased_purges":2,"victory":false,"max_hp_per_floor":[75,75,75,75,69,69,69,69,69,69,69,69,69,69,69,69,69,69,69,69,69,69,69,69,69,69,69,69],"card_choices":[{"not_picked":["Hologram","Reinforced Body"],"picked":"Go for the Eyes","floor":1},{"not_picked":["Steam","Conserve Battery"],"picked":"Gash","floor":4},{"not_picked":["Coolheaded","Cold Snap","Turbo"],"picked":"SKIP","floor":7},{"not_picked":["Amplify","Self Repair"],"picked":"Gash","floor":8},{"not_picked":["Coolheaded","Self Repair"],"picked":"Capacitor","floor":10},{"not_picked":["Stack","Undo","Force Field"],"picked":"Capacitor","floor":12},{"not_picked":["Sunder","Turbo","Auto Shields"],"picked":"Tempest","floor":13},{"not_picked":["Echo Form","All For One","Reboot"],"picked":"Thunder Strike","floor":16},{"not_picked":["Streamline","Ball Lightning","Conserve Battery"],"picked":"Gash+1","floor":18},{"not_picked":["Doom and Gloom","Sunder","Glacier","Stack"],"picked":"SKIP","floor":20},{"not_picked":["Redo","Leap","Glacier+1"],"picked":"Go for the Eyes","floor":23},{"not_picked":["Go for the Eyes+1","Loop+1","Genetic Algorithm+1"],"picked":"Machine Learning+1","floor":27}],"player_experience":312543,"relics_obtained":[{"floor":7,"key":"Whetstone"},{"floor":9,"key":"Bag of Preparation"},{"floor":10,"key":"Question Card"},{"floor":24,"key":"Frozen Egg 2"},{"floor":26,"key":"Boot"}],"event_choices":[{"cards_removed":["Strike_B"],"damage_healed":0,"gold_gain":0,"player_choice":"Card Removal","damage_taken":0,"max_hp_gain":0,"max_hp_loss":0,"event_name":"The Cleric","floor":2,"gold_loss":50},{"damage_healed":0,"gold_gain":0,"player_choice":"2 cards matched","damage_taken":0,"max_hp_gain":0,"max_hp_loss":0,"event_name":"Match and Keep!","floor":3,"gold_loss":0,"cards_obtained":["Cold Snap","Zap"]},{"damage_healed":0,"gold_gain":0,"player_choice":"Lose Max HP","damage_taken":0,"relics_obtained":["Golden Idol"],"max_hp_gain":0,"max_hp_loss":6,"event_name":"Golden Idol","floor":5,"gold_loss":0},{"damage_healed":23,"gold_gain":0,"player_choice":"Banana","damage_taken":0,"max_hp_gain":0,"max_hp_loss":0,"event_name":"Big Fish","floor":11,"gold_loss":0},{"damage_healed":23,"gold_gain":0,"player_choice":"Heal","damage_taken":0,"max_hp_gain":0,"max_hp_loss":0,"event_name":"The Library","floor":19,"gold_loss":0},{"damage_healed":0,"gold_gain":0,"player_choice":"Ignored","damage_taken":0,"max_hp_gain":0,"max_hp_loss":0,"event_name":"Ghosts","floor":21,"gold_loss":0},{"damage_healed":0,"gold_gain":0,"player_choice":"Opened","damage_taken":0,"relics_obtained":["Toxic Egg 2"],"max_hp_gain":0,"max_hp_loss":0,"event_name":"The Mausoleum","floor":25,"gold_loss":0}],"is_beta":false,"boss_relics":[{"not_picked":["Runic Dome","Coffee Dripper"],"picked":"Nuclear Battery"}],"items_purged_floors":[14,22],"is_endless":false,"potions_floor_spawned":[7,8,27],"killed_by":"Snake Plant","ascension_level":0}