{"path_per_floor":["M","$","?","M","?","R","M","E","T","R","M","E","M","?","R","B",null,"M","$","M","?","?","R","M","R","T","?","M","M","M","E","R"],"character_chosen":"IRONCLAD","items_purchased":["Whirlwind"],"gold_per_floor":[110,35,35,52,52,52,63,89,89,89,105,132,148,148,148,251,251,264,89,100,25,25,25,41,41,41,41,53,71,82,111,111],"floor_reached":33,"campfire_rested":2,"playtime":2051,"current_hp_per_floor":[80,80,80,77,70,70,73,44,44,80,80,79,85,85,85,51,87,87,87,69,69,69,69,49,87,87,71,71,57,58,47,47],"items_purged":["Strike_R","Twin Strike"],"gold":111,"score":332,"play_id":"5ea72a4d-9f91-43aa-821f-8def7186d6cd","local_time":"20180306190655","is_prod":false,"is_daily":false,"is_ascension_mode":true,"campfire_upgraded":4,"timestamp":1520374015,"path_taken":["M","?","?","?","?","R","M","E","T","R","?","E","?","?","R","BOSS","M","$","M","?","?","R","M","R","T","?","?","?","?","E","R","BOSS"],"build_version":"2018-03-01-PROD1","purchased_purges":2,"victory":false,"master_deck":["Bash","Headbutt","Inflame+1","Cleave+1","Barricade+1","Heavy Blade","Rage","Armaments+1","Uppercut","True Grit","Entrench","Whirlwind","Necronomicurse"],"max_hp_per_floor":[80,80,80,80,80,80,80,80,80,80,80,87,87,87,87,87,87,87,87,87,87,87,87,87,87,87,87,87,87,87,87,87],"relics":["Burning Blood","Bronze Scales","Regal Pillow","Matryoshka","Orichalcum","Anchor","Strawberry","Pandora\u0027s Box","Dream Catcher","Blood Vial","Necronomicon","Prayer Wheel"],"card_choices":[{"not_picked":["Corruption","True Grit"],"picked":"Headbutt"},{"not_picked":["Pummel","Shrug It Off"],"picked":"Inflame"},{"not_picked":["Metallicize","Wild Strike"],"picked":"Cleave"},{"not_picked":["Demon Form","Fiend Fire"],"picked":"Barricade"}],"player_experience":491999,"potions_floor_usage":[18,18,18,31,33,33],"damage_taken":[{"damage":1.0,"enemies":"Cultist","floor":1.0,"turns":3.0},{"damage":9.0,"enemies":"Jaw Worm","floor":4.0,"turns":3.0},{"damage":3.0,"enemies":"Small Slimes","floor":7.0,"turns":4.0},{"damage":35.0,"enemies":"Lagavulin","floor":8.0,"turns":6.0},{"damage":3.0,"enemies":"Blue Slaver","floor":11.0,"turns":2.0},{"damage":14.0,"enemies":"3 Sentries","floor":12.0,"turns":7.0},{"damage":0,"enemies":"Gremlin Gang","floor":13,"turns":3},{"damage":40,"enemies":"Slime Boss","floor":16,"turns":8},{"damage":5,"enemies":"Spheric Guardian","floor":18,"turns":5},{"damage":24,"enemies":"Shell Parasite","floor":20,"turns":7},{"damage":26,"enemies":"Centurion and Healer","floor":24,"turns":7},{"damage":8,"enemies":"Snake Plant","floor":28,"turns":2},{"damage":22,"enemies":"Sentry and Sphere","floor":29,"turns":4},{"damage":7,"enemies":"Snecko","floor":30,"turns":4},{"damage":34,"enemies":"Gremlin Leader","floor":31,"turns":6},{"damage":55,"enemies":"Champ","floor":33,"turns":9}],"event_choices":[{"event_name":"The Cleric","player_choice":"Leave","floor":3.0,"damage_taken":0.0},{"event_name":"Scrap Ooze","player_choice":"success","floor":5.0,"damage_taken":7.0},{"event_name":"Dead Adventurer","player_choice":"Searched \u00271\u0027 times","floor":14,"damage_taken":0},{"event_name":"Beggar","player_choice":"Gave Gold","floor":21,"damage_taken":0},{"event_name":"Vampires","player_choice":"Ignored","floor":22,"damage_taken":0},{"event_name":"Cursed Tome","player_choice":"Obtained Book","floor":27,"damage_taken":0}],"boss_relics":[{"not_picked":["Eternal Feather","Snecko Eye"],"picked":"Pandora\u0027s Box"}],"potions_floor_spawned":[7,8,12,16,20,24,28,29,30],"seed_played":"3154441204754502619","killed_by":"Champ","ascension_level":4,"is_trial":false}