{"gold_per_floor":[109,10,10,10,20,49,49,63,63,63,63,98,98,114,114,219,219,219,219,219,219,219,219,219,219,219,219,219,219,8,8,8,8,8,8,8,8,8,8,8,8,8,8,8,8,8,8,8,8,8],"floor_reached":51,"playtime":4295,"items_purged":["Strike_R"],"score":742,"play_id":"c07ec5cb-8ce0-4340-83b0-2ebf6edce94d","local_time":"20190308162858","is_ascension_mode":false,"campfire_choices":[{"data":"Hemokinesis","floor":7,"key":"SMITH"},{"data":"Bash","floor":10,"key":"SMITH"},{"data":"Limit Break","floor":13,"key":"SMITH"},{"data":"Inflame","floor":15,"key":"SMITH"},{"data":"Body Slam","floor":23,"key":"SMITH"},{"floor":29,"key":"REST"},{"data":"Havoc","floor":32,"key":"SMITH"},{"floor":44,"key":"REST"},{"data":"1","floor":49,"key":"LIFT"}],"neow_cost":"NONE","seed_source_timestamp":9440974406880,"circlet_count":0,"master_deck":["Strike_R","Strike_R","Defend_R","Defend_R","Defend_R","Bash+1","Hemokinesis+1","Shrug It Off","Limit Break+1","Battle Trance","Inflame+1","Offering","Offering","Feel No Pain+1","Feel No Pain+1","Sword Boomerang","Clothesline","Body Slam+1","Searing Blow","Shrug It Off+1","Seeing Red","Headbutt","Battle Trance","Corruption","Forethought+1","Havoc+1","Ghostly","Ghostly","Ghostly","Ghostly","Ghostly","Reaper","True Grit+1","Reaper","Feel No Pain","Armaments+1"],"relics":["Burning Blood","The Courier","Gremlin Horn","Strawberry","Ectoplasm","Red Mask","Question Card","Velvet Choker","Ancient Tea Set","Molten Egg 2","Art of War","Girya"],"potions_floor_usage":[6,21,21,24,42,42,50,50],"damage_taken":[{"damage":5,"enemies":"2 Louse","floor":1,"turns":3},{"damage":3,"enemies":"Cultist","floor":5,"turns":3},{"damage":25,"enemies":"3 Sentries","floor":6,"turns":12},{"damage":3,"enemies":"Jaw Worm","floor":8,"turns":3},{"damage":37,"enemies":"Gremlin Nob","floor":12,"turns":5},{"damage":9,"enemies":"Looter","floor":14,"turns":3},{"damage":23,"enemies":"Hexaghost","floor":16,"turns":8},{"damage":15,"enemies":"Chosen","floor":18,"turns":5},{"damage":28,"enemies":"Spheric Guardian","floor":19,"turns":4},{"damage":24,"enemies":"Shelled Parasite and Fungi","floor":20,"turns":5},{"damage":14,"enemies":"Masked Bandits","floor":21,"turns":2},{"damage":14,"enemies":"Sentry and Sphere","floor":24,"turns":3},{"damage":1,"enemies":"Snake Plant","floor":25,"turns":3},{"damage":12,"enemies":"Snecko","floor":27,"turns":6},{"damage":6,"enemies":"Centurion and Healer","floor":28,"turns":5},{"damage":22,"enemies":"Champ","floor":33,"turns":9},{"damage":3,"enemies":"3 Shapes","floor":35,"turns":7},{"damage":5,"enemies":"3 Darklings","floor":37,"turns":7},{"damage":19,"enemies":"4 Shapes","floor":38,"turns":10},{"damage":7,"enemies":"Maw","floor":39,"turns":9},{"damage":30,"enemies":"Reptomancer","floor":40,"turns":11},{"damage":102,"enemies":"Nemesis","floor":42,"turns":17},{"damage":14,"enemies":"Sphere and 2 Shapes","floor":46,"turns":17},{"damage":2,"enemies":"Mind Bloom Boss Battle","floor":47,"turns":10},{"damage":21,"enemies":"Awakened One","floor":50,"turns":12}],"seed_played":"-5395859156839456225","potions_obtained":[{"floor":5,"key":"Energy Potion"},{"floor":12,"key":"Energy Potion"},{"floor":14,"key":"Poison Potion"},{"floor":20,"key":"Poison Potion"},{"floor":24,"key":"EssenceOfSteel"},{"floor":25,"key":"FearPotion"},{"floor":38,"key":"Regen Potion"},{"floor":46,"key":"PowerPotion"}],"is_trial":false,"path_per_floor":["M","$","?","$","M","E","R","M","T","R","?","E","R","M","R","B",null,"M","M","M","?","?","R","M","M","T","M","M","R","$","?","R","B",null,"M","?","M","M","M","E","?","E","T","R","?","M","?","$","R","B",null],"character_chosen":"IRONCLAD","items_purchased":["Shrug It Off","Corruption","Dexterity Potion","Forethought","Havoc"],"campfire_rested":2,"item_purchase_floors":[2,30,30,30,30],"current_hp_per_floor":[88,88,88,88,88,69,69,72,72,72,72,48,48,45,45,28,95,86,64,46,38,38,38,30,35,35,29,29,57,57,47,47,31,47,47,47,47,46,45,47,47,9,9,23,23,45,45,45,45,32],"gold":8,"neow_bonus":"TEN_PERCENT_HP_BONUS","is_prod":false,"is_daily":false,"chose_seed":false,"campfire_upgraded":6,"win_rate":0,"timestamp":1552080538,"path_taken":["M","$","?","?","M","E","R","M","T","R","?","E","R","M","R","BOSS","M","M","M","?","?","R","M","M","T","M","M","R","$","?","R","BOSS","M","?","?","M","M","E","?","E","T","R","?","M","?","$","R","BOSS"],"build_version":"2019-01-23","purchased_purges":1,"victory":true,"max_hp_per_floor":[88,88,88,88,88,88,88,88,88,88,88,95,95,95,95,95,95,95,95,95,95,95,95,95,95,95,95,95,95,95,47,47,47,47,47,47,47,47,47,47,47,47,47,47,45,45,45,45,45,45],"card_choices":[{"not_picked":["Shrug It Off","Body Slam"],"picked":"Hemokinesis","floor":1},{"not_picked":["Body Slam","Sword Boomerang"],"picked":"Limit Break","floor":5},{"not_picked":["Sentinel","Searing Blow"],"picked":"Battle Trance","floor":6},{"not_picked":["Cleave","Rage","Carnage"],"picked":"SKIP","floor":8},{"not_picked":["Whirlwind","Flex"],"picked":"Inflame","floor":12},{"not_picked":["Cleave","Corruption"],"picked":"Offering","floor":14},{"not_picked":["Juggernaut","Bludgeon"],"picked":"Offering","floor":16},{"not_picked":["Clothesline","Seeing Red"],"picked":"Feel No Pain+1","floor":18},{"not_picked":["Burning Pact","Fire Breathing+1"],"picked":"Feel No Pain+1","floor":19},{"not_picked":["Body Slam+1","Pommel Strike"],"picked":"Sword Boomerang","floor":20},{"not_picked":["Perfected Strike","Thunderclap"],"picked":"Clothesline","floor":21},{"not_picked":["Twin Strike+1","Body Slam+1"],"picked":"Shrug It Off+1","floor":24},{"not_picked":["Heavy Blade","Whirlwind"],"picked":"Seeing Red","floor":25},{"not_picked":["Thunderclap","Clash","Armaments"],"picked":"Headbutt","floor":27},{"not_picked":["Barricade","Heavy Blade+1","Clothesline"],"picked":"Battle Trance","floor":28},{"not_picked":["Berserk","Demon Form","Limit Break"],"picked":"Reaper","floor":33},{"not_picked":["True Grit","Twin Strike","Battle Trance","Power Through"],"picked":"SKIP","floor":35},{"not_picked":["Anger","Thunderclap","Sword Boomerang+1"],"picked":"True Grit+1","floor":37},{"not_picked":["Sword Boomerang+1","Twin Strike","Cleave+1","Body Slam"],"picked":"SKIP","floor":38},{"not_picked":["Flex+1","Uppercut","Heavy Blade+1"],"picked":"Reaper","floor":39},{"not_picked":["Hemokinesis","Clothesline+1","Fiend Fire"],"picked":"Feel No Pain","floor":40},{"not_picked":["Searing Blow","Heavy Blade","Body Slam","Clothesline"],"picked":"SKIP","floor":42},{"not_picked":["Cleave+1","Wild Strike+1","Burning Pact+1","Fire Breathing+1"],"picked":"SKIP","floor":46},{"not_picked":["Anger+1","Corruption+1","Entrench+1"],"picked":"Armaments+1","floor":47}],"player_experience":552854,"relics_obtained":[{"floor":6,"key":"The Courier"},{"floor":9,"key":"Gremlin Horn"},{"floor":12,"key":"Strawberry"},{"floor":21,"key":"Red Mask"},{"floor":26,"key":"Question Card"},{"floor":40,"key":"Ancient Tea Set"},{"floor":42,"key":"Molten Egg 2"},{"floor":43,"key":"Art of War"},{"floor":47,"key":"Girya"}],"event_choices":[{"damage_healed":0,"gold_gain":0,"player_choice":"Ignored","damage_taken":0,"max_hp_gain":0,"max_hp_loss":0,"event_name":"NoteForYourself","floor":3,"gold_loss":0},{"cards_removed":["Strike_R"],"damage_healed":0,"gold_gain":0,"player_choice":"Forget","damage_taken":0,"max_hp_gain":0,"max_hp_loss":0,"event_name":"Living Wall","floor":11,"gold_loss":0},{"damage_healed":0,"gold_gain":0,"player_choice":"Fought Bandits","damage_taken":0,"max_hp_gain":0,"max_hp_loss":0,"event_name":"Masked Bandits","floor":21,"gold_loss":0},{"damage_healed":0,"gold_gain":0,"cards_transformed":["Defend_R","Strike_R"],"player_choice":"Became Test Subject","damage_taken":0,"max_hp_gain":0,"max_hp_loss":0,"event_name":"Drug Dealer","floor":22,"gold_loss":0,"cards_obtained":["Body Slam","Searing Blow"]},{"damage_healed":0,"gold_gain":0,"player_choice":"Became a Ghost","damage_taken":0,"max_hp_gain":0,"max_hp_loss":48,"event_name":"Ghosts","floor":31,"gold_loss":0,"cards_obtained":["Ghostly","Ghostly","Ghostly","Ghostly","Ghostly"]},{"damage_healed":0,"gold_gain":0,"player_choice":"Upgraded","damage_taken":0,"max_hp_gain":0,"max_hp_loss":0,"event_name":"Upgrade Shrine","floor":36,"gold_loss":0,"cards_upgraded":["Forethought"]},{"damage_healed":0,"gold_gain":0,"player_choice":"Ignored","damage_taken":0,"max_hp_gain":0,"max_hp_loss":0,"event_name":"Mysterious Sphere","floor":41,"gold_loss":0},{"damage_healed":0,"gold_gain":0,"player_choice":"Max HP","damage_taken":0,"max_hp_gain":0,"max_hp_loss":2,"event_name":"Winding Halls","floor":45,"gold_loss":0},{"damage_healed":0,"gold_gain":0,"player_choice":"Fight","damage_taken":0,"max_hp_gain":0,"max_hp_loss":0,"event_name":"MindBloom","floor":47,"gold_loss":0}],"is_beta":false,"boss_relics":[{"not_picked":["Runic Cube","Lizard Tail"],"picked":"Ectoplasm"},{"not_picked":["Calling Bell","Runic Dome"],"picked":"Velvet Choker"}],"items_purged_floors":[2],"is_endless":false,"potions_floor_spawned":[5,12,14,20,24,25,33,38,39,46],"ascension_level":0}