{"gold_per_floor":[116,128,144,144,159,159,170,204,204,204,222,222,5,24,24,121,121,134,134,148,68,79,79,39,39,39,73,107,31,43,43,43,146,146,160,160,208,228,248,248,8,8,8,19,19],"floor_reached":45,"playtime":1706,"items_purged":["Strike_B"],"score":547,"play_id":"5a9aacd9-010c-4a53-b57e-0d4c0a042134","local_time":"20190303121442","is_ascension_mode":true,"campfire_choices":[{"data":"White Noise","floor":6.0,"key":"SMITH"},{"data":"Genetic Algorithm","floor":12.0,"key":"SMITH"},{"floor":15.0,"key":"REST"},{"data":"Storm","floor":23.0,"key":"SMITH"},{"data":"Defragment","floor":25.0,"key":"SMITH"},{"floor":32.0,"key":"REST"},{"data":"Self Repair","floor":40,"key":"SMITH"},{"data":"Capacitor","floor":42,"key":"SMITH"}],"neow_cost":"NONE","seed_source_timestamp":141333788591080,"circlet_count":0,"master_deck":["Strike_B","Strike_B","Defend_B","Defend_B","Defend_B","Defend_B","Zap+1","Dualcast","White Noise+1","Hologram","Reinforced Body","Steam","Defragment+1","Genetic Algorithm+1","Loop","Self Repair+1","Amplify","Coolheaded","Leap+1","Storm+1","Doom and Gloom","Auto Shields","Capacitor+1","Static Discharge+1","Heatsinks","Hologram","Core Surge","Shame","Leap+1","Double Energy+1"],"special_seed":0,"relics":["Cracked Core","Singing Bowl","Art of War","Lantern","Philosopher\u0027s Stone","MutagenicStrength","Strawberry","Omamori","Red Mask","Kunai","Calling Bell","Smiling Mask","Frozen Egg 2","Pocketwatch","Bag of Preparation","Medical Kit","Unceasing Top"],"potions_floor_usage":[33,39],"damage_taken":[{"damage":2.0,"enemies":"Jaw Worm","floor":1.0,"turns":3.0},{"damage":0.0,"enemies":"Small Slimes","floor":2.0,"turns":2.0},{"damage":0.0,"enemies":"Cultist","floor":3.0,"turns":4.0},{"damage":7.0,"enemies":"2 Fungi Beasts","floor":5.0,"turns":5.0},{"damage":0.0,"enemies":"Exordium Wildlife","floor":7.0,"turns":3.0},{"damage":40.0,"enemies":"3 Sentries","floor":8.0,"turns":7.0},{"damage":2.0,"enemies":"Looter","floor":11.0,"turns":3.0},{"damage":10.0,"enemies":"Exordium Thugs","floor":14.0,"turns":4.0},{"damage":22.0,"enemies":"Slime Boss","floor":16.0,"turns":9.0},{"damage":15.0,"enemies":"Shell Parasite","floor":18.0,"turns":7.0},{"damage":1.0,"enemies":"Chosen","floor":20.0,"turns":5.0},{"damage":2.0,"enemies":"Snecko","floor":22.0,"turns":7.0},{"damage":45.0,"enemies":"Gremlin Leader","floor":27.0,"turns":7.0},{"damage":46.0,"enemies":"Masked Bandits","floor":28.0,"turns":4.0},{"damage":0.0,"enemies":"Centurion and Healer","floor":30.0,"turns":5.0},{"damage":11,"enemies":"Champ","floor":33,"turns":10},{"damage":21,"enemies":"3 Darklings","floor":35,"turns":3},{"damage":2,"enemies":"Orb Walker","floor":38,"turns":4},{"damage":30,"enemies":"Jaw Worm Horde","floor":39,"turns":2},{"damage":46,"enemies":"4 Shapes","floor":44,"turns":5},{"damage":37,"enemies":"Reptomancer","floor":45,"turns":3}],"seed_played":"-2056241190166450912","potions_obtained":[{"floor":1.0,"key":"SkillPotion"},{"floor":2.0,"key":"FocusPotion"},{"floor":7.0,"key":"Poison Potion"},{"floor":20.0,"key":"FocusPotion"},{"floor":22.0,"key":"Regen Potion"},{"floor":28.0,"key":"GamblersBrew"},{"floor":35,"key":"AttackPotion"}],"is_trial":false,"path_per_floor":["M","M","M","?","M","R","M","E","T","?","M","R","$","M","R","B",null,"M","?","M","$","M","R","$","R","T","E","?","$","M","?","R","B",null,"M","?","T","M","M","R","$","R","T","M","E"],"character_chosen":"DEFECT","items_purchased":["Lantern","Loop","Storm","Auto Shields","Heatsinks","Medical Kit"],"campfire_rested":2,"item_purchase_floors":[13,13,21,24,29,41],"current_hp_per_floor":[80,80,80,80,73,73,73,33,33,33,31,31,31,21,45,30,82,74,74,82,82,82,82,82,82,89,51,14,14,21,21,47,43,89,75,75,75,73,52,52,52,52,52,28,0],"gold":19,"neow_bonus":"TEN_PERCENT_HP_BONUS","is_prod":false,"is_daily":false,"chose_seed":false,"campfire_upgraded":6,"win_rate":0,"timestamp":1551636882,"path_taken":["M","M","M","?","M","R","M","E","T","?","M","R","$","?","R","BOSS","M","?","M","$","M","R","$","R","T","E","?","$","M","?","R","BOSS","M","?","?","?","M","R","$","R","T","M","E"],"build_version":"2019-01-23","purchased_purges":1,"victory":false,"max_hp_per_floor":[82,82,82,82,82,82,82,82,82,82,82,82,82,82,82,82,82,82,82,82,82,82,82,82,82,89,89,89,89,89,89,89,89,89,89,89,89,89,91,91,91,91,91,93,93],"card_choices":[{"not_picked":["Hello World","Tempest"],"picked":"White Noise","floor":1.0},{"not_picked":["Rebound","Turbo"],"picked":"Hologram","floor":2.0},{"not_picked":["Rip and Tear","Sweeping Beam"],"picked":"Reinforced Body","floor":3.0},{"not_picked":["Turbo","Stack"],"picked":"Go for the Eyes","floor":5.0},{"not_picked":["Turbo","Gash"],"picked":"Steam","floor":7.0},{"not_picked":["Gash","Sweeping Beam"],"picked":"Defragment","floor":8.0},{"not_picked":["Go for the Eyes","Compile Driver"],"picked":"Genetic Algorithm","floor":11.0},{"not_picked":["Core Surge","Conserve Battery"],"picked":"Self Repair","floor":14.0},{"not_picked":["Rainbow","Hyperbeam"],"picked":"Amplify","floor":16.0},{"not_picked":["Sweeping Beam","Aggregate"],"picked":"Coolheaded","floor":18.0},{"not_picked":["Coolheaded","Ball Lightning"],"picked":"Leap+1","floor":20.0},{"not_picked":["Scrape+1","Streamline"],"picked":"Doom and Gloom","floor":22.0},{"not_picked":["Stack+1","Reprogram+1"],"picked":"Capacitor","floor":27.0},{"not_picked":["Stack+1","Steam+1"],"picked":"Static Discharge+1","floor":28.0},{"not_picked":["Sweeping Beam+1","Stack+1"],"picked":"Hologram","floor":30.0},{"not_picked":["Hyperbeam","All For One"],"picked":"Core Surge","floor":33},{"not_picked":["Hologram","Aggregate"],"picked":"Leap+1","floor":35},{"not_picked":["Streamline+1","Rip and Tear+1"],"picked":"Double Energy+1","floor":38},{"not_picked":["Ball Lightning+1","Streamline+1","Doom and Gloom+1"],"picked":"Singing Bowl","floor":39},{"not_picked":["Steam","Turbo+1","Sweeping Beam+1"],"picked":"Singing Bowl","floor":44}],"player_experience":278420,"relics_obtained":[{"floor":8.0,"key":"Singing Bowl"},{"floor":9.0,"key":"Art of War"},{"floor":26.0,"key":"Strawberry"},{"floor":27.0,"key":"Omamori"},{"floor":28.0,"key":"Red Mask"},{"floor":31.0,"key":"Kunai"},{"floor":34,"key":"Smiling Mask"},{"floor":34,"key":"Frozen Egg 2"},{"floor":34,"key":"Pocketwatch"},{"floor":37,"key":"Bag of Preparation"},{"floor":43,"key":"Unceasing Top"}],"event_choices":[{"damage_healed":0.0,"max_hp_gain":0.0,"max_hp_loss":0.0,"gold_gain":0.0,"event_name":"Living Wall","player_choice":"Grow","floor":4.0,"gold_loss":0.0,"damage_taken":0.0,"cards_upgraded":["Zap"]},{"cards_removed":["Strike_B"],"damage_healed":0.0,"max_hp_gain":0.0,"max_hp_loss":0.0,"gold_gain":0.0,"event_name":"Purifier","player_choice":"Purged","floor":10.0,"gold_loss":0.0,"damage_taken":0.0},{"damage_healed":0.0,"max_hp_gain":0.0,"max_hp_loss":0.0,"gold_gain":0.0,"event_name":"Drug Dealer","player_choice":"Inject Mutagens","floor":19.0,"gold_loss":0.0,"damage_taken":0.0,"relics_obtained":["MutagenicStrength"]},{"damage_healed":0.0,"max_hp_gain":0.0,"max_hp_loss":0.0,"gold_gain":0.0,"event_name":"Masked Bandits","player_choice":"Fought Bandits","floor":28.0,"gold_loss":0.0,"damage_taken":0.0},{"damage_healed":0.0,"max_hp_gain":0.0,"max_hp_loss":0.0,"gold_gain":0.0,"event_name":"Wheel of Change","player_choice":"Relic","floor":31.0,"gold_loss":0.0,"damage_taken":0.0},{"cards_removed":["Go for the Eyes"],"damage_healed":0,"gold_gain":0,"player_choice":"Removed Attack","damage_taken":0,"max_hp_gain":0,"max_hp_loss":0,"event_name":"Falling","floor":36,"gold_loss":0}],"is_beta":false,"boss_relics":[{"not_picked":["Inserter","Busted Crown"],"picked":"Philosopher\u0027s Stone"},{"not_picked":["Runic Pyramid","Lizard Tail"],"picked":"Calling Bell"}],"items_purged_floors":[41],"is_endless":false,"potions_floor_spawned":[1,2,7,20,22,27,28,35],"killed_by":"Reptomancer","ascension_level":4}