{"path_per_floor":["M","?","?","M","?","R","E","?","T","M","E","$","E","M","R"],"character_chosen":"THE_SILENT","items_purchased":["Sucker Punch"],"gold_per_floor":[110,110,110,134,134,134,178,178,178,191,225,104,138,162,162],"floor_reached":16,"campfire_rested":1,"playtime":970,"current_hp_per_floor":[62,62,62,60,53,53,34,21,21,21,18,18,3,1,22],"items_purged":["Strike_G"],"gold":162,"score":165,"play_id":"888fffb7-cf01-436f-b414-61d8b72ff1ab","is_prod":false,"is_daily":false,"is_ascension_mode":true,"campfire_upgraded":1,"path_taken":["M","?","?","M","?","R","E","?","T","?","E","?","E","M","R","BOSS"],"build_version":"2018-02-22-PROD2","purchased_purges":1,"victory":false,"master_deck":["Defend_G","Defend_G","Defend_G+1","Defend_G","Defend_G","Strike_G+1","Strike_G","Survivor","Neutralize+1","Heel Hook","Dagger Spray","PiercingWail","Footwork","Deflect","Sucker Punch","Leg Sweep"],"max_hp_per_floor":[70,70,65,65,65,65,65,65,65,65,72,72,72,72,72],"relics":["Ring of the Snake","Golden Idol","Bag of Preparation","Anchor","Strawberry","Dream Catcher"],"card_choices":[{"not_picked":["Masterful Stab","Deadly Poison"],"picked":"Heel Hook"},{"not_picked":["Dagger Throw","Deadly Poison"],"picked":"Dagger Spray"},{"not_picked":["Expertise","Backflip"],"picked":"PiercingWail"},{"not_picked":["Underhanded Strike","Bouncing Flask"],"picked":"Footwork"},{"not_picked":["Slice","Accuracy"],"picked":"Deflect"},{"not_picked":["Poisoned Stab","Burst"],"picked":"Leg Sweep"}],"player_experience":294005,"potions_floor_usage":[7,11,13],"damage_taken":[{"damage":1,"enemies":"Jaw Worm","floor":1,"turns":4},{"damage":2,"enemies":"Cultist","floor":4,"turns":4},{"damage":19,"enemies":"3 Sentries","floor":7,"turns":8},{"damage":0,"enemies":"2 Louse","floor":10,"turns":2},{"damage":10,"enemies":"Lagavulin","floor":11,"turns":12},{"damage":27,"enemies":"Gremlin Nob","floor":13,"turns":6},{"damage":2,"enemies":"Large Slime","floor":14,"turns":12},{"damage":18,"enemies":"Slime Boss","floor":16,"turns":11}],"event_choices":[{"event_name":"Purifier","player_choice":"One Purge","floor":2,"damage_taken":0},{"event_name":"Golden Idol","player_choice":"Lose Max HP","floor":3,"damage_taken":0},{"event_name":"Golden Wing","player_choice":"Card Removal","floor":5,"damage_taken":0},{"event_name":"Shining Light","player_choice":"Entered Light","floor":8,"damage_taken":0}],"boss_relics":[],"potions_floor_spawned":[1,4,11],"seed_played":"-7950935085251605640","killed_by":"Slime Boss","ascension_level":8,"is_trial":false}