{"gold_per_floor":[112,132,142,67,80,80,107,107,131,195,22,22,22,36,36,133,133,149,161,174,174,174],"floor_reached":22,"playtime":1105,"items_purged":["Strike_B","Strike_B"],"score":214,"play_id":"441abb95-1690-4a2b-b970-bdfa07784b83","local_time":"20180802000404","is_ascension_mode":true,"campfire_choices":[{"data":"Tempest","floor":6.0,"key":"SMITH"},{"data":"Defragment","floor":8.0,"key":"SMITH"},{"floor":15.0,"key":"REST"}],"neow_cost":"NONE","seed_source_timestamp":0,"circlet_count":0,"master_deck":["Strike_B","Strike_B","Defend_B","Defend_B","Defend_B","Defend_B","Zap","Dualcast+1","Coolheaded","Tempest+1","Rebound","Barrage","Defragment+1","Amplify","Defragment","Fission","Cold Snap","Chill+1"],"special_seed":0,"relics":["Cracked Core","Happy Flower","Ancient Tea Set","Lantern","Lizard Tail"],"potions_floor_usage":[20,20],"damage_taken":[{"damage":1.0,"enemies":"Cultist","floor":1.0,"turns":3.0},{"damage":7.0,"enemies":"Jaw Worm","floor":2.0,"turns":3.0},{"damage":0.0,"enemies":"2 Louse","floor":3.0,"turns":2.0},{"damage":10.0,"enemies":"2 Fungi Beasts","floor":5.0,"turns":3.0},{"damage":33.0,"enemies":"Lagavulin","floor":7.0,"turns":6.0},{"damage":26.0,"enemies":"3 Sentries","floor":10.0,"turns":5.0},{"damage":1.0,"enemies":"Looter","floor":14.0,"turns":3.0},{"damage":21.0,"enemies":"The Guardian","floor":16.0,"turns":10.0},{"damage":28.0,"enemies":"Shell Parasite","floor":18.0,"turns":4.0},{"damage":9.0,"enemies":"Chosen","floor":19.0,"turns":5.0},{"damage":21,"enemies":"Centurion and Healer","floor":20,"turns":9},{"damage":2,"enemies":"Snecko","floor":22,"turns":3}],"seed_played":"6395972362043643715","potions_obtained":[{"floor":1.0,"key":"Regen Potion"},{"floor":2.0,"key":"Weak Potion"},{"floor":10.0,"key":"Poison Potion"},{"floor":16.0,"key":"Weak Potion"},{"floor":19.0,"key":"Poison Potion"}],"is_trial":false,"path_per_floor":["M","M","M","$","M","R","E","R","T","?","$","?","?","M","R","B",null,"M","M","M","?"],"character_chosen":"DEFECT","items_purchased":["Defragment"],"campfire_rested":1,"item_purchase_floors":[11],"current_hp_per_floor":[74,67,67,67,57,57,24,24,24,12,12,5,5,4,26,5,75,47,38,17,17,15],"gold":174,"neow_bonus":"UPGRADE_CARD","is_prod":false,"is_daily":false,"chose_seed":false,"campfire_upgraded":2,"win_rate":0,"timestamp":1533179044,"path_taken":["M","?","M","?","M","R","E","R","T","?","$","?","?","M","R","BOSS","M","M","?","?","?"],"build_version":"2018-07-31","purchased_purges":2,"victory":false,"max_hp_per_floor":[75,75,75,75,75,75,75,75,75,75,75,75,75,75,75,75,75,75,75,75,75,75],"card_choices":[{"not_picked":["Genetic Algorithm","Stack"],"picked":"Coolheaded","floor":1.0},{"not_picked":["Heatsinks","Sweeping Beam"],"picked":"Tempest","floor":2.0},{"not_picked":["Coolheaded","Stack"],"picked":"Rebound","floor":3.0},{"not_picked":["Turbo","Go for the Eyes"],"picked":"Barrage","floor":5.0},{"not_picked":["Double Energy","Darkness"],"picked":"Defragment","floor":7.0},{"not_picked":["Aggregate","Cold Snap"],"picked":"Amplify","floor":10.0},{"not_picked":["Compile Driver","Stack","Rebound"],"picked":"SKIP","floor":14.0},{"not_picked":["Echo Form","Rainbow"],"picked":"Fission","floor":16.0},{"not_picked":["Rebound","Leap","Turbo"],"picked":"SKIP","floor":18.0},{"not_picked":["Undo+1","FTL"],"picked":"Cold Snap","floor":19.0},{"not_picked":["Rebound","Compile Driver+1"],"picked":"Chill","floor":20}],"player_experience":856028,"relics_obtained":[{"floor":7.0,"key":"Happy Flower"},{"floor":9.0,"key":"Ancient Tea Set"},{"floor":10.0,"key":"Lantern"}],"event_choices":[{"event_name":"Dead Adventurer","player_choice":"Searched \u00271\u0027 times","floor":10.0,"damage_taken":0.0},{"event_name":"Wheel of Change","player_choice":"Damage","floor":12.0,"damage_taken":0.0},{"event_name":"Shining Light","player_choice":"Ignored","floor":13.0,"damage_taken":0.0},{"event_name":"Upgrade Shrine","player_choice":"Upgraded","floor":21,"damage_taken":0}],"is_beta":true,"boss_relics":[{"not_picked":["Tiny House","Nuclear Battery"],"picked":"Lizard Tail"}],"items_purged_floors":[4,11],"is_endless":false,"potions_floor_spawned":[1,2,10,16,19],"killed_by":"Snecko","ascension_level":3}