{"path_per_floor":["M","?","M","M","?","R","E","T","T","M","?","M","M","$","R","B",null,"M","?","?","$","M","$","M"],"character_chosen":"IRONCLAD","items_purchased":["Dual Wield"],"gold_per_floor":[110,185,195,215,165,165,200,255,282,297,297,317,330,186,186,290,290,310,235,235,135,147,22,33],"floor_reached":25,"campfire_rested":0,"playtime":1143,"current_hp_per_floor":[80,69,63,69,69,69,63,63,63,69,69,62,65,65,65,35,80,51,51,51,51,51,51,43],"items_purged":["Defend_R","Defend_R","Defend_R"],"gold":33,"score":233,"play_id":"e6c56ab9-c273-47f7-8af6-bdb25631bf88","local_time":"20180304195821","is_prod":false,"is_daily":false,"is_ascension_mode":true,"campfire_upgraded":2,"timestamp":1520204301,"path_taken":["M","?","M","M","?","R","E","?","T","M","?","M","M","$","R","BOSS","M","?","?","$","?","$","M","M"],"build_version":"2018-03-01-PROD1","purchased_purges":3,"victory":false,"master_deck":["Strike_R","Strike_R","Strike_R","Strike_R","Bash","Clash","Rage+1","Dual Wield+1","Offering","Flex"],"max_hp_per_floor":[80,80,80,80,80,80,80,80,80,80,80,80,80,80,80,80,80,80,80,80,80,80,80,80],"relics":["Black Blood","Bronze Scales","Regal Pillow","Happy Flower"],"card_choices":[{"not_picked":["Clothesline","Sentinel"],"picked":"Clash"},{"not_picked":["Cleave","Sword Boomerang"],"picked":"Rage"},{"not_picked":["Bludgeon","Dark Embrace"],"picked":"Offering"},{"not_picked":["Shockwave","Clash"],"picked":"Flex"}],"player_experience":419246,"potions_floor_usage":[7,16,18],"damage_taken":[{"damage":3,"enemies":"2 Louse","floor":1,"turns":2},{"damage":12,"enemies":"Jaw Worm","floor":3,"turns":3},{"damage":0,"enemies":"Cultist","floor":4,"turns":3},{"damage":12,"enemies":"Lagavulin","floor":7,"turns":5},{"damage":0,"enemies":"Large Slime","floor":10,"turns":6},{"damage":13,"enemies":"Blue Slaver","floor":12,"turns":3},{"damage":3,"enemies":"2 Fungi Beasts","floor":13,"turns":3},{"damage":36,"enemies":"The Guardian","floor":16,"turns":10},{"damage":39,"enemies":"Shell Parasite","floor":18,"turns":5},{"damage":10,"enemies":"2 Thieves","floor":22,"turns":2},{"damage":18,"enemies":"Centurion and Healer","floor":24,"turns":3},{"damage":53,"enemies":"Cultist and Chosen","floor":25,"turns":4}],"event_choices":[{"event_name":"World of Goop","player_choice":"Gather Gold","floor":2,"damage_taken":0},{"event_name":"The Cleric","player_choice":"Card Removal","floor":5,"damage_taken":0},{"event_name":"Liars Game","player_choice":"disagreed","floor":11,"damage_taken":0},{"event_name":"Beggar","player_choice":"Gave Gold","floor":19,"damage_taken":0},{"event_name":"The Mausoleum","player_choice":"No","floor":20,"damage_taken":0}],"boss_relics":[{"not_picked":["Astrolabe","Question Card"],"picked":"Black Blood"}],"potions_floor_spawned":[3,4,16],"seed_played":"-3824616549067708826","killed_by":"Cultist and Chosen","ascension_level":3,"is_trial":false}