{"gold_per_floor":[115,129,139,152,165,191,211,223,247,24,24,34,50,62,62,160,160,174,184,99,99,99,99,99,130,130,147,176,176,176],"floor_reached":30,"playtime":1247,"items_purged":["Strike_G"],"score":356,"play_id":"d9d273cd-ba8b-4869-8784-af46d2a062fb","local_time":"20190216144755","is_ascension_mode":true,"campfire_choices":[{"floor":11,"key":"REST"},{"data":"Predator","floor":15,"key":"SMITH"},{"data":"Acrobatics","floor":24,"key":"SMITH"},{"data":"Burst","floor":29,"key":"SMITH"}],"neow_cost":"TEN_PERCENT_HP_LOSS","seed_source_timestamp":110402304149823,"circlet_count":0,"master_deck":["Defend_G","Defend_G","Defend_G","Defend_G","Defend_G","Survivor","Neutralize","Predator+1","Skewer","Deflect","Deadly Poison","Deadly Poison","Dash","Acrobatics","Acrobatics+1","Poisoned Stab","PiercingWail","Corpse Explosion","Terror+1","Dash","Storm of Steel","Bite","Bite","Bite","Bite","Bite","Slice","Burst+1"],"relics":["Ring of the Snake","Bronze Scales","Ancient Tea Set","Anchor","HoveringKite","Oddly Smooth Stone","Happy Flower","Meat on the Bone","Centennial Puzzle"],"potions_floor_usage":[8,28],"damage_taken":[{"damage":0,"enemies":"Cultist","floor":1,"turns":3},{"damage":2,"enemies":"Small Slimes","floor":2,"turns":3},{"damage":0,"enemies":"Jaw Worm","floor":3,"turns":3},{"damage":10,"enemies":"Looter","floor":4,"turns":4},{"damage":4,"enemies":"3 Louse","floor":5,"turns":4},{"damage":34,"enemies":"Lagavulin","floor":6,"turns":7},{"damage":6,"enemies":"Exordium Wildlife","floor":7,"turns":4},{"damage":1,"enemies":"2 Fungi Beasts","floor":8,"turns":4},{"damage":0,"enemies":"Looter","floor":12,"turns":2},{"damage":0,"enemies":"Exordium Wildlife","floor":13,"turns":5},{"damage":0,"enemies":"2 Fungi Beasts","floor":14,"turns":3},{"damage":14,"enemies":"Hexaghost","floor":16,"turns":9},{"damage":15,"enemies":"Shell Parasite","floor":18,"turns":5},{"damage":22,"enemies":"Spheric Guardian","floor":19,"turns":4},{"damage":24,"enemies":"Book of Stabbing","floor":25,"turns":4},{"damage":7,"enemies":"3 Cultists","floor":27,"turns":3},{"damage":23,"enemies":"Slavers","floor":28,"turns":4},{"damage":22,"enemies":"Sentry and Sphere","floor":30,"turns":4}],"seed_played":"-354064566646089616","potions_obtained":[{"floor":4,"key":"GamblersBrew"},{"floor":7,"key":"EssenceOfSteel"},{"floor":12,"key":"Dexterity Potion"},{"floor":14,"key":"Strength Potion"},{"floor":19,"key":"Regen Potion"},{"floor":28,"key":"AttackPotion"}],"is_trial":false,"path_per_floor":["M","M","M","M","M","E","M","M","T","$","R","M","M","M","R","B",null,"M","M","?","?","?","?","R","E","T","M","E","R","M"],"character_chosen":"THE_SILENT","items_purchased":["Anchor"],"campfire_rested":1,"item_purchase_floors":[10],"current_hp_per_floor":[63,61,61,51,47,13,7,6,6,6,24,24,24,24,24,10,63,48,26,26,26,26,41,41,19,19,24,22,22,0],"gold":176,"neow_bonus":"TRANSFORM_TWO_CARDS","is_prod":false,"is_daily":false,"chose_seed":false,"campfire_upgraded":3,"win_rate":0,"timestamp":1550350075,"path_taken":["M","M","M","?","M","E","M","M","T","$","R","M","?","M","R","BOSS","M","M","?","?","?","?","R","E","T","M","E","R","M"],"build_version":"2019-01-23","purchased_purges":1,"victory":false,"max_hp_per_floor":[63,63,63,63,63,63,63,63,63,63,63,63,63,63,63,63,63,63,63,63,63,44,44,44,44,44,44,44,44,44],"card_choices":[{"not_picked":["Poisoned Stab","Acrobatics"],"picked":"Deflect","floor":1},{"not_picked":["Dash","Outmaneuver"],"picked":"Deadly Poison","floor":2},{"not_picked":["Outmaneuver","Reflex"],"picked":"Deadly Poison","floor":3},{"not_picked":["Calculated Gamble","Slice"],"picked":"Dash","floor":4},{"not_picked":["Cloak And Dagger","PiercingWail"],"picked":"Acrobatics","floor":5},{"not_picked":["Outmaneuver","Expertise"],"picked":"Acrobatics","floor":6},{"not_picked":["Cloak And Dagger","Backflip"],"picked":"Poisoned Stab","floor":7},{"not_picked":["Wraith Form v2","Prepared","Riddle With Holes"],"picked":"SKIP","floor":8},{"not_picked":["Dodge and Roll","Slice","Dagger Throw"],"picked":"SKIP","floor":12},{"not_picked":["PiercingWail","Endless Agony","Leg Sweep"],"picked":"SKIP","floor":13},{"not_picked":["Acrobatics","Setup"],"picked":"PiercingWail","floor":14},{"not_picked":["After Image","Malaise"],"picked":"Corpse Explosion","floor":16},{"not_picked":["Dash","PiercingWail"],"picked":"Terror+1","floor":18},{"not_picked":["Poisoned Stab","Blade Dance","Deflect"],"picked":"SKIP","floor":19},{"not_picked":["Underhanded Strike","Cloak And Dagger"],"picked":"Slice","floor":25},{"not_picked":["Quick Slash","Distraction"],"picked":"Burst","floor":27},{"not_picked":["Caltrops+1","Predator","Eviscerate+1"],"picked":"SKIP","floor":28}],"player_experience":198505,"relics_obtained":[{"floor":6,"key":"Bronze Scales"},{"floor":9,"key":"Ancient Tea Set"},{"floor":25,"key":"Happy Flower"},{"floor":26,"key":"Meat on the Bone"},{"floor":28,"key":"Centennial Puzzle"}],"event_choices":[{"damage_healed":0,"gold_gain":0,"player_choice":"Obtained Relic","damage_taken":0,"relics_obtained":["Oddly Smooth Stone"],"max_hp_gain":0,"max_hp_loss":0,"event_name":"Addict","floor":20,"gold_loss":85},{"damage_healed":0,"gold_gain":0,"cards_transformed":["Strike_G","Strike_G"],"player_choice":"Became Test Subject","damage_taken":0,"max_hp_gain":0,"max_hp_loss":0,"event_name":"Drug Dealer","floor":21,"gold_loss":0,"cards_obtained":["Dash","Storm of Steel"]},{"damage_healed":0,"gold_gain":0,"player_choice":"Became a vampire","damage_taken":0,"max_hp_gain":0,"max_hp_loss":19,"event_name":"Vampires","floor":22,"gold_loss":0,"cards_obtained":["Bite","Bite","Bite","Bite","Bite"]},{"damage_healed":15,"gold_gain":0,"player_choice":"Heal","damage_taken":0,"max_hp_gain":0,"max_hp_loss":0,"event_name":"The Library","floor":23,"gold_loss":0}],"is_beta":false,"boss_relics":[{"not_picked":["White Beast Statue","Fusion Hammer"],"picked":"HoveringKite"}],"items_purged_floors":[10],"is_endless":false,"potions_floor_spawned":[4,7,12,14,19,28],"killed_by":"Sentry and Sphere","ascension_level":4}