{"gold_per_floor":[118,17,17,17,30,30,89,109,133,146,146,174,174,187,187,187],"floor_reached":16,"playtime":689,"items_purged":["Strike_B"],"score":121,"play_id":"db8d8abc-5f1c-4ac6-859f-ba58cafcddfa","local_time":"20180924214746","is_ascension_mode":true,"campfire_choices":[{"data":"Zap","floor":6,"key":"SMITH"},{"floor":11,"key":"REST"},{"floor":13,"key":"REST"},{"floor":15,"key":"REST"}],"neow_cost":"NONE","seed_source_timestamp":993116617226047,"circlet_count":0,"master_deck":["Strike_B","Strike_B","Defend_B","Defend_B","Defend_B","Defend_B","Zap+1","Dualcast","Lockon","Gash","Capacitor","Doom and Gloom","Scrape","Genetic Algorithm","Self Repair","Rebound"],"relics":["Cracked Core","Bag of Marbles","Tiny Chest","Potion Belt","Bottled Lightning"],"potions_floor_usage":[],"damage_taken":[{"damage":0,"enemies":"Cultist","floor":1,"turns":3},{"damage":10,"enemies":"Small Slimes","floor":5,"turns":3},{"damage":38,"enemies":"3 Sentries","floor":7,"turns":8},{"damage":1,"enemies":"2 Louse","floor":8,"turns":2},{"damage":10,"enemies":"Exordium Thugs","floor":10,"turns":3},{"damage":34,"enemies":"Lagavulin","floor":12,"turns":7},{"damage":18,"enemies":"3 Louse","floor":14,"turns":3},{"damage":48,"enemies":"The Guardian","floor":16,"turns":6}],"seed_played":"-1053088084207419265","potions_obtained":[{"floor":1,"key":"FairyPotion"},{"floor":8,"key":"GamblersBrew"}],"is_trial":false,"path_per_floor":["M","$","?","?","M","R","E","M","T","M","R","E","R","M","R"],"character_chosen":"DEFECT","items_purchased":["Gash"],"campfire_rested":3,"item_purchase_floors":[2],"current_hp_per_floor":[75,75,68,75,65,65,27,26,26,16,38,4,26,15,37,0],"gold":187,"neow_bonus":"RANDOM_COMMON_RELIC","is_prod":false,"is_daily":false,"chose_seed":false,"campfire_upgraded":1,"win_rate":0,"timestamp":1537850866,"path_taken":["M","$","?","?","M","R","E","M","T","M","R","E","R","M","R","BOSS"],"build_version":"2018-09-20","purchased_purges":1,"victory":false,"max_hp_per_floor":[75,75,75,75,75,75,75,75,75,75,75,75,75,75,75,75],"card_choices":[{"not_picked":["Streamline","Skim"],"picked":"Lockon","floor":1},{"not_picked":["Barrage","Steam"],"picked":"Capacitor","floor":5},{"not_picked":["Streamline","Compile Driver"],"picked":"Doom and Gloom","floor":7},{"not_picked":["Redo","Heatsinks"],"picked":"Scrape","floor":8},{"not_picked":["Reprogram","Force Field"],"picked":"Genetic Algorithm","floor":10},{"not_picked":["Hologram","Biased Cognition"],"picked":"Self Repair","floor":12},{"not_picked":["Beam Cell","Self Repair"],"picked":"Rebound","floor":14}],"player_experience":147143,"relics_obtained":[{"floor":7,"key":"Tiny Chest"},{"floor":9,"key":"Potion Belt"},{"floor":12,"key":"Bottled Lightning"}],"event_choices":[{"event_name":"Golden Wing","player_choice":"Card Removal","floor":3,"damage_taken":0},{"event_name":"Wheel of Change","player_choice":"Full Heal","floor":4,"damage_taken":0}],"is_beta":false,"boss_relics":[],"items_purged_floors":[2],"is_endless":false,"potions_floor_spawned":[1,8],"killed_by":"The Guardian","ascension_level":2}