{"path_per_floor":["M","?","?","$","M","R","M","R","T","M","E","M","M","M","R","B",null,"M","$","?","?","?","R","M","$","T","R","?","M","M","?","R"],"character_chosen":"THE_SILENT","items_purchased":["Predator","Apotheosis"],"gold_per_floor":[115,115,115,5,23,23,38,38,120,137,170,188,201,221,221,320,320,339,58,58,58,58,58,69,69,93,93,93,103,114,114,114],"floor_reached":33,"campfire_rested":2,"playtime":1219,"current_hp_per_floor":[63,63,63,63,62,62,62,62,62,62,43,43,43,37,57,54,64,64,64,64,64,64,64,54,54,54,54,54,53,25,47,67],"items_purged":["Strike_G","Defend_G"],"gold":114,"score":395,"play_id":"ee917bb6-3eb5-4fe2-ab9e-d83cb45d397d","local_time":"20180307082933","is_prod":false,"is_daily":false,"is_ascension_mode":true,"campfire_upgraded":4,"timestamp":1520422173,"path_taken":["M","?","?","?","?","R","M","R","T","M","E","M","M","?","R","BOSS","M","$","?","?","?","R","?","?","T","R","?","M","?","?","R","BOSS"],"build_version":"2018-03-01-PROD1","purchased_purges":2,"victory":false,"master_deck":["Defend_G","Defend_G","Defend_G+1","Strike_G","Strike_G","Survivor","Neutralize+1","Dagger Throw","Predator","Cloak And Dagger+1","Escape Plan","Noxious Fumes+1","Blade Dance","Dagger Spray","Terror+1","Corpse Explosion","Flechettes+1","Dash+1","Blur+1","Bane+1","Apotheosis+1","Accuracy"],"max_hp_per_floor":[70,70,67,67,67,67,67,67,67,67,67,67,67,67,67,67,67,67,67,67,67,67,67,67,67,67,67,67,67,67,67,67],"relics":["Ring of the Snake","Ninja Scroll","Torii","Astrolabe","Sundial","War Paint"],"card_choices":[{"not_picked":["Prepared","Sucker Punch"],"picked":"Dagger Throw"},{"not_picked":["After Image","Flying Knee"],"picked":"Cloak And Dagger"},{"not_picked":["Dash","Poisoned Stab"],"picked":"Escape Plan"},{"not_picked":["Deadly Poison","Dodge and Roll"],"picked":"Noxious Fumes"},{"not_picked":["Heel Hook","Flechettes"],"picked":"Blade Dance"},{"not_picked":["Dodge and Roll","Quick Slash"],"picked":"Dagger Spray"},{"not_picked":["Accuracy","Dagger Spray"],"picked":"Terror"},{"not_picked":["Storm of Steel","Tactician"],"picked":"Corpse Explosion"},{"not_picked":["Cloak And Dagger","Deadly Poison"],"picked":"Bane"},{"not_picked":["Dodge and Roll","Deflect"],"picked":"Accuracy"}],"player_experience":519627,"potions_floor_usage":[16,29,30,33,33],"damage_taken":[{"damage":0,"enemies":"Cultist","floor":1,"turns":4},{"damage":1,"enemies":"Small Slimes","floor":5,"turns":3},{"damage":0,"enemies":"2 Louse","floor":7,"turns":2},{"damage":0,"enemies":"Blue Slaver","floor":10,"turns":2},{"damage":19,"enemies":"Gremlin Nob","floor":11,"turns":4},{"damage":0,"enemies":"Large Slime","floor":12,"turns":4},{"damage":0,"enemies":"Exordium Wildlife","floor":13,"turns":2},{"damage":6,"enemies":"Blue Slaver","floor":14,"turns":2},{"damage":3,"enemies":"The Guardian","floor":16,"turns":12},{"damage":0,"enemies":"Chosen","floor":18,"turns":3},{"damage":10,"enemies":"Spheric Guardian","floor":24,"turns":4},{"damage":1,"enemies":"Snake Plant","floor":29,"turns":2},{"damage":28,"enemies":"Slaver and Parasite","floor":30,"turns":4},{"damage":92,"enemies":"Collector","floor":33,"turns":8}],"event_choices":[{"event_name":"The Woman in Blue","player_choice":"Bought 0 Potions","floor":2,"damage_taken":0},{"event_name":"Living Wall","player_choice":"Forget","floor":3,"damage_taken":0},{"event_name":"Beggar","player_choice":"Ignored","floor":20,"damage_taken":0},{"event_name":"The Mausoleum","player_choice":"Yes","floor":21,"damage_taken":0},{"event_name":"Addict","player_choice":"Ignored","floor":22,"damage_taken":0},{"event_name":"Back to Basics","player_choice":"Elegance","floor":28,"damage_taken":0},{"event_name":"The Library","player_choice":"Heal","floor":31,"damage_taken":0}],"boss_relics":[{"not_picked":["Eternal Feather","Cursed Key"],"picked":"Astrolabe"}],"potions_floor_spawned":[11,13,14,16,18,30],"seed_played":"-6400679457976608422","killed_by":"Collector","ascension_level":12,"is_trial":false}