{"gold_per_floor":[118,137,0,0,0,11,25,25,96,96,107,139,139,150,150,221,271,283,283,13,13,23,23],"floor_reached":23,"playtime":896,"items_purged":["Flechettes"],"score":334,"play_id":"1c614f79-7286-4319-ad73-a3962cff7028","local_time":"20190118173919","is_ascension_mode":true,"campfire_choices":[{"data":"Neutralize","floor":8,"key":"SMITH"},{"floor":13,"key":"REST"},{"data":"Sucker Punch","floor":15,"key":"SMITH"}],"neow_cost":"NONE","seed_source_timestamp":26709939690011,"circlet_count":0,"master_deck":["AscendersBane","Defend_G+1","Defend_G+1","Defend_G+1","Defend_G+1","Defend_G+1","Strike_G+1","Strike_G+1","Strike_G+1","Strike_G+1","Strike_G+1","Survivor","Neutralize+1","Sucker Punch+1","Adrenaline+1","Blade Dance","Finisher","A Thousand Cuts","Backflip","Accuracy+1","Cloak And Dagger"],"relics":["Ring of the Snake","NeowsBlessing","Bottled Lightning","Pen Nib","Tiny House","Vajra","Pantograph"],"potions_floor_usage":[16,16,18],"damage_taken":[{"damage":0,"enemies":"2 Louse","floor":1,"turns":1},{"damage":0,"enemies":"Small Slimes","floor":2,"turns":1},{"damage":0,"enemies":"Cultist","floor":6,"turns":1},{"damage":7,"enemies":"Lots of Slimes","floor":7,"turns":4},{"damage":0,"enemies":"2 Fungi Beasts","floor":11,"turns":3},{"damage":30,"enemies":"3 Sentries","floor":12,"turns":9},{"damage":1,"enemies":"Exordium Thugs","floor":14,"turns":3},{"damage":29,"enemies":"The Guardian","floor":16,"turns":14},{"damage":22,"enemies":"Spheric Guardian","floor":18,"turns":4},{"damage":8,"enemies":"Shell Parasite","floor":22,"turns":6},{"damage":27,"enemies":"Book of Stabbing","floor":23,"turns":6}],"seed_played":"5323492813891760918","potions_obtained":[{"floor":6,"key":"SpeedPotion"},{"floor":7,"key":"EssenceOfSteel"},{"floor":14,"key":"PowerPotion"},{"floor":17,"key":"EssenceOfSteel"},{"floor":18,"key":"Strength Potion"}],"is_trial":false,"path_per_floor":["M","M","$","?","?","M","M","R","T","?","M","E","R","M","R","B",null,"M","?","$","?","M","E"],"character_chosen":"THE_SILENT","items_purchased":["Adrenaline","Cloak And Dagger","Vajra"],"campfire_rested":1,"item_purchase_floors":[3,20,20],"current_hp_per_floor":[59,59,59,59,59,59,52,52,52,43,43,13,32,31,31,2,55,33,33,33,33,25,0],"gold":23,"neow_bonus":"THREE_ENEMY_KILL","is_prod":false,"is_daily":false,"chose_seed":false,"campfire_upgraded":2,"win_rate":0,"timestamp":1547840359,"path_taken":["M","M","$","?","?","?","?","R","T","?","?","E","R","M","R","BOSS","M","?","$","?","?","E"],"build_version":"2019-01-16","purchased_purges":1,"victory":false,"max_hp_per_floor":[66,66,66,66,66,66,66,66,66,66,66,66,66,66,66,66,71,71,71,71,71,71,71],"card_choices":[{"not_picked":["Poisoned Stab","Slice"],"picked":"Flechettes","floor":1},{"not_picked":["Bane","PiercingWail"],"picked":"Sucker Punch","floor":2},{"not_picked":["Flying Knee","Leg Sweep"],"picked":"Blade Dance","floor":6},{"not_picked":["Sucker Punch","Underhanded Strike","Dash"],"picked":"SKIP","floor":7},{"not_picked":["Bane","Outmaneuver"],"picked":"Finisher","floor":11},{"not_picked":["Unload","Deflect","Dodge and Roll"],"picked":"SKIP","floor":12},{"not_picked":["Quick Slash","Dodge and Roll","Terror"],"picked":"SKIP","floor":14},{"not_picked":["Envenom","Tools of the Trade"],"picked":"A Thousand Cuts","floor":16},{"not_picked":["Eviscerate","Dodge and Roll"],"picked":"Backflip","floor":17},{"not_picked":["Sucker Punch","Prepared"],"picked":"Accuracy+1","floor":18},{"not_picked":["Accuracy","Deadly Poison","Deflect"],"picked":"SKIP","floor":22}],"player_experience":914105,"relics_obtained":[{"floor":9,"key":"Bottled Lightning"},{"floor":12,"key":"Pen Nib"}],"event_choices":[{"damage_healed":0,"gold_gain":0,"player_choice":"Leave","damage_taken":0,"max_hp_gain":0,"max_hp_loss":0,"event_name":"The Cleric","floor":4,"gold_loss":0},{"damage_healed":0,"gold_gain":0,"player_choice":"Upgraded","damage_taken":0,"max_hp_gain":0,"max_hp_loss":0,"event_name":"Upgrade Shrine","floor":5,"gold_loss":0,"cards_upgraded":["Adrenaline"]},{"damage_healed":0,"gold_gain":0,"player_choice":"Damaged","damage_taken":9,"max_hp_gain":0,"max_hp_loss":0,"event_name":"Wheel of Change","floor":10,"gold_loss":0},{"damage_healed":0,"gold_gain":0,"player_choice":"Simplicity","damage_taken":0,"max_hp_gain":0,"max_hp_loss":0,"event_name":"Back to Basics","floor":19,"gold_loss":0,"cards_upgraded":["Defend_G","Defend_G","Defend_G","Defend_G","Strike_G","Strike_G","Strike_G","Strike_G","Strike_G"]},{"damage_healed":0,"gold_gain":0,"player_choice":"Gave Potion","damage_taken":0,"relics_obtained":["Pantograph"],"max_hp_gain":0,"max_hp_loss":0,"event_name":"WeMeetAgain","floor":21,"gold_loss":0}],"is_beta":true,"boss_relics":[{"not_picked":["Orrery","Velvet Choker"],"picked":"Tiny House"}],"items_purged_floors":[20],"is_endless":false,"potions_floor_spawned":[6,7,12,14,18],"killed_by":"Book of Stabbing","ascension_level":15}