{"gold_per_floor":[111,125,75,75,88,88,101,26,26,26,26,36,36,61,61,61],"floor_reached":16,"playtime":727,"items_purged":["Strike_G"],"score":170,"play_id":"5482f260-981f-4e37-885a-6350074fa787","local_time":"20180723195609","is_ascension_mode":true,"campfire_choices":[{"data":"Dagger Throw","floor":6,"key":"SMITH"},{"data":"Bullet Time","floor":11,"key":"SMITH"},{"data":"Neutralize","floor":13,"key":"SMITH"},{"floor":15,"key":"REST"}],"neow_cost":"","seed_source_timestamp":35862871125935,"circlet_count":0,"master_deck":["Defend_G","Defend_G","Defend_G","Defend_G","Defend_G","Strike_G","Strike_G","Strike_G","Survivor","Neutralize+1","AscendersBane","Dagger Throw+1","Bullet Time+1","PiercingWail","Blur"],"relics":["Ring of the Snake","Blue Candle","Meat on the Bone"],"potions_floor_usage":[14,16],"damage_taken":[{"damage":3,"enemies":"Small Slimes","floor":1,"turns":6},{"damage":0,"enemies":"Jaw Worm","floor":2,"turns":5},{"damage":0,"enemies":"Cultist","floor":5,"turns":3},{"damage":7,"enemies":"Large Slime","floor":7,"turns":7},{"damage":4,"enemies":"Red Slaver","floor":12,"turns":6},{"damage":30,"enemies":"3 Sentries","floor":14,"turns":12},{"damage":54,"enemies":"Slime Boss","floor":16,"turns":10}],"seed_played":"-8168664719051508670","potions_obtained":[{"floor":7,"key":"FearPotion"},{"floor":12,"key":"Explosive Potion"},{"floor":14,"key":"Explosive Potion"}],"is_trial":false,"path_per_floor":["M","M","?","?","M","R","M","$","T","?","R","M","R","E","R"],"character_chosen":"THE_SILENT","items_purchased":[],"campfire_rested":1,"item_purchase_floors":[],"current_hp_per_floor":[56,56,56,56,56,56,49,49,49,54,54,50,50,20,41,0],"gold":61,"neow_bonus":"","is_prod":false,"is_daily":false,"chose_seed":false,"campfire_upgraded":3,"win_rate":0,"timestamp":1532386569,"path_taken":["M","M","?","?","M","R","M","$","T","?","R","M","R","E","R","BOSS"],"build_version":"2018-07-19","purchased_purges":1,"victory":false,"max_hp_per_floor":[66,66,66,66,66,66,66,66,66,71,71,71,71,71,71,71],"card_choices":[{"not_picked":["PiercingWail","Acrobatics"],"picked":"Dagger Throw","floor":1},{"not_picked":["Finisher","Poisoned Stab","Dodge and Roll"],"picked":"SKIP","floor":2},{"not_picked":["Outmaneuver","Well Laid Plans"],"picked":"Bullet Time","floor":5},{"not_picked":["Calculated Gamble","Flechettes"],"picked":"PiercingWail","floor":7},{"not_picked":["Concentrate","Skewer","Poisoned Stab"],"picked":"SKIP","floor":12},{"not_picked":["Choke","Deadly Poison"],"picked":"Blur","floor":14}],"player_experience":838383,"relics_obtained":[{"floor":9,"key":"Blue Candle"},{"floor":14,"key":"Meat on the Bone"}],"event_choices":[{"event_name":"The Cleric","player_choice":"Card Removal","floor":3,"damage_taken":0},{"event_name":"The Woman in Blue","player_choice":"Bought 0 Potions","floor":4,"damage_taken":0},{"event_name":"Big Fish","player_choice":"Donut","floor":10,"damage_taken":0}],"is_beta":true,"boss_relics":[],"items_purged_floors":[8],"is_endless":false,"potions_floor_spawned":[7,12,14],"killed_by":"Slime Boss","ascension_level":14}