{"gold_per_floor":[109,126,28,28,28,59,59,9,60,60,75,130,130,146,146,242,242,256,16,11,11,11,11,31,51,51,51,84,84,84,84,84,189,189,204,79,79,32,0,0,32,44,124,162,200,225,237,261,273,285],"floor_reached":51,"playtime":1757,"items_purged":["Defend_R","Strike_R","Bash"],"score":1204,"play_id":"0c5da2ce-9c93-4963-bb53-e9bba3b114ca","local_time":"20181109141650","is_ascension_mode":true,"campfire_choices":[{"data":"Searing Blow","floor":7.0,"key":"SMITH"},{"data":"True Grit","floor":10.0,"key":"SMITH"},{"data":"Searing Blow+1","floor":13.0,"key":"SMITH"},{"data":"Armaments","floor":15.0,"key":"SMITH"},{"data":"Searing Blow+3","floor":23.0,"key":"SMITH"},{"data":"Searing Blow+4","floor":27.0,"key":"SMITH"},{"data":"Searing Blow+5","floor":29.0,"key":"SMITH"},{"data":"Searing Blow+6","floor":32.0,"key":"SMITH"},{"data":"Searing Blow+7","floor":40.0,"key":"SMITH"},{"data":"Searing Blow+8","floor":42.0,"key":"SMITH"},{"floor":47.0,"key":"REST"},{"data":"Searing Blow+9","floor":49.0,"key":"SMITH"}],"neow_cost":"NONE","seed_source_timestamp":0,"circlet_count":0,"master_deck":["Defend_R","Defend_R","Defend_R","Searing Blow+10","True Grit+1","Flame Barrier","Armaments+1","Double Tap","Metallicize+1","Second Wind","Shrug It Off"],"special_seed":0,"relics":["Burning Blood","NeowsBlessing","Mercury Hourglass","Bag of Preparation","Tiny Chest","Empty Cage","Ornamental Fan","Torii","Unceasing Top","Runic Dome","Red Mask","MawBank","Bottled Tornado","Oddly Smooth Stone","Strawberry"],"potions_floor_usage":[],"damage_taken":[{"damage":0.0,"enemies":"2 Louse","floor":1.0,"turns":1.0},{"damage":0.0,"enemies":"Small Slimes","floor":2.0,"turns":1.0},{"damage":0.0,"enemies":"3 Sentries","floor":6.0,"turns":2.0},{"damage":0.0,"enemies":"Cultist","floor":11.0,"turns":2.0},{"damage":32.0,"enemies":"Gremlin Nob","floor":12.0,"turns":4.0},{"damage":0.0,"enemies":"3 Louse","floor":14.0,"turns":2.0},{"damage":29.0,"enemies":"Slime Boss","floor":16.0,"turns":12.0},{"damage":13.0,"enemies":"Spheric Guardian","floor":18.0,"turns":4.0},{"damage":18.0,"enemies":"2 Thieves","floor":20.0,"turns":4.0},{"damage":0.0,"enemies":"Snecko","floor":24.0,"turns":6.0},{"damage":6.0,"enemies":"Cultist and Chosen","floor":25.0,"turns":4.0},{"damage":31.0,"enemies":"Slavers","floor":28.0,"turns":6.0},{"damage":45.0,"enemies":"Champ","floor":33.0,"turns":4.0},{"damage":19.0,"enemies":"3 Darklings","floor":35.0,"turns":6.0},{"damage":1.0,"enemies":"Giant Head","floor":41.0,"turns":4.0},{"damage":47.0,"enemies":"Nemesis","floor":45.0,"turns":5.0},{"damage":0.0,"enemies":"Orb Walker","floor":46.0,"turns":1.0},{"damage":3.0,"enemies":"Sphere and 2 Shapes","floor":48.0,"turns":4.0},{"damage":34,"enemies":"Donu and Deca","floor":50,"turns":6}],"seed_played":"-9063744583196975657","potions_obtained":[{"floor":12.0,"key":"EssenceOfSteel"},{"floor":14.0,"key":"Energy Potion"},{"floor":18.0,"key":"Dexterity Potion"},{"floor":20.0,"key":"Swift Potion"},{"floor":25.0,"key":"Regen Potion"},{"floor":28.0,"key":"FearPotion"},{"floor":35.0,"key":"Fire Potion"},{"floor":48.0,"key":"Ancient Potion"}],"is_trial":false,"path_per_floor":["M","M","$","?","$","E","R","?","T","R","M","E","R","M","R","B",null,"M","$","M","?","$","R","M","M","T","R","E","R","?","T","R","B",null,"M","$","?","$","?","R","E","R","T","T","E","M","R","M","R","B",null],"character_chosen":"IRONCLAD","items_purchased":["True Grit","Double Tap","Shrug It Off"],"campfire_rested":1,"item_purchase_floors":[3,19,38],"current_hp_per_floor":[78,80,80,80,80,80,80,80,80,80,80,54,54,60,60,37,69,62,62,50,50,50,50,56,56,56,56,31,31,57,57,57,30,68,55,55,55,55,55,55,60,60,60,60,26,32,58,61,61,33],"gold":297,"neow_bonus":"THREE_ENEMY_KILL","is_prod":false,"is_daily":false,"chose_seed":false,"campfire_upgraded":11,"win_rate":0,"timestamp":1541780210,"path_taken":["M","M","$","?","$","E","R","?","T","R","M","E","R","M","R","BOSS","M","$","M","?","?","R","M","M","T","R","E","R","?","?","R","BOSS","M","$","?","$","?","R","E","R","T","?","E","?","R","M","R","BOSS"],"build_version":"2018-11-08","purchased_purges":3,"victory":true,"max_hp_per_floor":[80,80,80,80,80,80,80,80,80,80,80,80,80,80,80,80,80,80,80,80,80,80,80,80,80,80,80,80,80,80,80,80,80,80,80,80,80,80,80,80,80,80,80,80,87,87,87,87,87,87],"card_choices":[{"not_picked":["Perfected Strike","Reckless Charge"],"picked":"Searing Blow","floor":1.0},{"not_picked":["Clash","Second Wind","Twin Strike"],"picked":"SKIP","floor":2.0},{"not_picked":["Twin Strike","True Grit","Headbutt"],"picked":"SKIP","floor":6.0},{"not_picked":["Flex","True Grit"],"picked":"Flame Barrier","floor":11.0},{"not_picked":["Fiend Fire","Clash","Dual Wield"],"picked":"SKIP","floor":12.0},{"not_picked":["Shockwave","Iron Wave"],"picked":"Armaments","floor":14.0},{"not_picked":["Sword Boomerang","Shockwave+1","Perfected Strike"],"picked":"SKIP","floor":18.0},{"not_picked":["Flex","Anger"],"picked":"Metallicize+1","floor":20.0},{"not_picked":["Sword Boomerang","Intimidate+1","Wild Strike+1"],"picked":"SKIP","floor":24.0},{"not_picked":["Clothesline","True Grit+1"],"picked":"Second Wind","floor":25.0},{"not_picked":["Sever Soul","Dual Wield","Shrug It Off"],"picked":"SKIP","floor":28.0},{"not_picked":["Body Slam+1","Battle Trance","Corruption"],"picked":"SKIP","floor":35.0},{"not_picked":["Rupture+1","Pommel Strike+1","Dark Embrace"],"picked":"SKIP","floor":41.0},{"not_picked":["Armaments+1","Clash","Clothesline"],"picked":"SKIP","floor":45.0},{"not_picked":["Cleave+1","Heavy Blade","Pommel Strike+1"],"picked":"SKIP","floor":46.0},{"not_picked":["Clothesline+1","Entrench","Perfected Strike+1"],"picked":"SKIP","floor":48.0}],"player_experience":874606,"relics_obtained":[{"floor":6.0,"key":"Mercury Hourglass"},{"floor":9.0,"key":"Bag of Preparation"},{"floor":12.0,"key":"Tiny Chest"},{"floor":26.0,"key":"Ornamental Fan"},{"floor":28.0,"key":"Torii"},{"floor":31.0,"key":"Unceasing Top"},{"floor":41.0,"key":"MawBank"},{"floor":43.0,"key":"Bottled Tornado"},{"floor":44.0,"key":"Oddly Smooth Stone"},{"floor":45.0,"key":"Strawberry"}],"event_choices":[{"cards_removed":["Strike_R"],"damage_healed":0.0,"max_hp_gain":0.0,"max_hp_loss":0.0,"gold_gain":0.0,"event_name":"Living Wall","player_choice":"Forget","floor":4.0,"gold_loss":0.0,"damage_taken":0.0},{"cards_removed":["Strike_R"],"damage_healed":0.0,"max_hp_gain":0.0,"max_hp_loss":0.0,"gold_gain":0.0,"event_name":"The Cleric","player_choice":"Card Removal","floor":8.0,"gold_loss":50.0,"damage_taken":0.0},{"damage_healed":0.0,"max_hp_gain":0.0,"max_hp_loss":0.0,"gold_gain":0.0,"event_name":"Accursed Blacksmith","player_choice":"Forge","floor":21.0,"gold_loss":0.0,"damage_taken":0.0,"cards_upgraded":["Searing Blow"]},{"damage_healed":26.0,"max_hp_gain":0.0,"max_hp_loss":0.0,"gold_gain":0.0,"event_name":"The Library","player_choice":"Heal","floor":30.0,"gold_loss":0.0,"damage_taken":0.0},{"damage_healed":0.0,"max_hp_gain":0.0,"max_hp_loss":0.0,"gold_gain":0.0,"event_name":"Mysterious Sphere","player_choice":"Ignored","floor":37.0,"gold_loss":0.0,"damage_taken":0.0},{"damage_healed":0.0,"max_hp_gain":0.0,"max_hp_loss":0.0,"gold_gain":0.0,"event_name":"Tomb of Lord Red Mask","player_choice":"Paid","floor":39.0,"gold_loss":32.0,"damage_taken":0.0,"relics_obtained":["Red Mask"]}],"is_beta":true,"boss_relics":[{"not_picked":["Tiny House","Mark of Pain"],"picked":"Empty Cage"},{"not_picked":["Fusion Hammer","Calling Bell"],"picked":"Runic Dome"}],"items_purged_floors":[3,19,36],"is_endless":false,"potions_floor_spawned":[12,14,18,20,25,28,35,48],"ascension_level":9}