{"gold_per_floor":[117,67,80,96,106,106,125,136,136,136,148,183,248,261,261,366,366,380,380,27,42,62,62,62,62,62,62,73,92,125,125],"floor_reached":31,"playtime":1123,"items_purged":[],"score":300,"play_id":"d66d8a7e-53c6-4ef3-9f02-8200625d5d20","local_time":"20190225214914","is_ascension_mode":true,"campfire_choices":[{"data":"Darkness","floor":6.0,"key":"SMITH"},{"floor":10,"key":"REST"},{"floor":15,"key":"REST"},{"floor":23,"key":"REST"},{"floor":27,"key":"REST"}],"neow_cost":"NONE","seed_source_timestamp":15450256957308,"circlet_count":0,"master_deck":["Zap","Dualcast","Darkness+1","Doom and Gloom","Barrage","Genetic Algorithm","Redo","Hologram","Redo","Coolheaded","Rebound","Leap","Ball Lightning","Buffer","Hyperbeam","Echo Form","Capacitor","Seek","Electrodynamics","Thunder Strike","Tempest","Double Energy+1","Flash of Steel","Skim","Loop","Capacitor","Chill","White Noise","Double Energy+1","Double Energy+1","Conserve Battery+1","Heatsinks"],"special_seed":0,"relics":["Cracked Core","Prayer Wheel","Pear","Pandora\u0027s Box","Matryoshka","PreservedInsect","Toxic Egg 2","StoneCalendar"],"potions_floor_usage":[12,12,12,12],"damage_taken":[{"damage":0.0,"enemies":"Small Slimes","floor":1.0,"turns":3.0},{"damage":2.0,"enemies":"Jaw Worm","floor":3.0,"turns":3.0},{"damage":0.0,"enemies":"Cultist","floor":4.0,"turns":3.0},{"damage":24.0,"enemies":"3 Louse","floor":5.0,"turns":4.0},{"damage":6.0,"enemies":"2 Fungi Beasts","floor":7.0,"turns":4.0},{"damage":25,"enemies":"Lots of Slimes","floor":8,"turns":4},{"damage":16,"enemies":"Red Slaver","floor":11,"turns":4},{"damage":18,"enemies":"Lagavulin","floor":12,"turns":5},{"damage":9,"enemies":"3 Louse","floor":14,"turns":5},{"damage":22,"enemies":"The Guardian","floor":16,"turns":9},{"damage":38,"enemies":"3 Byrds","floor":18,"turns":3},{"damage":14,"enemies":"Spheric Guardian","floor":21,"turns":5},{"damage":41,"enemies":"Cultist and Chosen","floor":22,"turns":5},{"damage":6,"enemies":"3 Cultists","floor":28,"turns":4},{"damage":0,"enemies":"Snecko","floor":29,"turns":4},{"damage":28,"enemies":"Slavers","floor":30,"turns":4},{"damage":38,"enemies":"Chosen and Byrds","floor":31,"turns":5}],"seed_played":"2008903544984983889","potions_obtained":[{"floor":1.0,"key":"FairyPotion"},{"floor":8,"key":"Swift Potion"},{"floor":11,"key":"EntropicBrew"},{"floor":16,"key":"Swift Potion"},{"floor":21,"key":"LiquidBronze"},{"floor":22,"key":"Energy Potion"}],"is_trial":false,"path_per_floor":["M","?","M","M","M","R","M","M","T","R","M","E","?","M","R","B",null,"M","?","$","M","M","R","?","?","T","R","M","M","E","M"],"character_chosen":"DEFECT","items_purchased":["Matryoshka","Skim","Loop"],"campfire_rested":4,"item_purchase_floors":[20,20,20],"current_hp_per_floor":[75,75,73,73,49,49,43,18,18,40,24,25,25,16,41,19,85,47,47,47,33,8,33,33,33,33,58,52,52,24,0],"gold":125,"neow_bonus":"THREE_CARDS","is_prod":false,"is_daily":false,"chose_seed":false,"campfire_upgraded":1,"win_rate":0,"timestamp":1551152954,"path_taken":["M","?","M","M","M","R","M","M","T","R","M","E","?","M","R","BOSS","M","?","$","?","M","R","?","?","T","R","M","?","E","M"],"build_version":"2019-01-23","purchased_purges":0,"victory":false,"max_hp_per_floor":[75,75,75,75,75,75,75,75,75,75,75,85,85,85,85,85,85,85,85,85,85,85,85,85,85,85,85,85,85,85,85],"card_choices":[{"not_picked":["Redo","Static Discharge"],"picked":"Darkness","floor":0.0},{"not_picked":["Glacier","Cold Snap"],"picked":"Doom and Gloom","floor":1.0},{"not_picked":["Streamline","Leap"],"picked":"Barrage","floor":3.0},{"not_picked":["Recycle","Darkness"],"picked":"Genetic Algorithm","floor":4.0},{"not_picked":["Barrage","Stack"],"picked":"Redo","floor":5.0},{"not_picked":["Heatsinks","Loop"],"picked":"Hologram","floor":7.0},{"not_picked":["Recycle","Cold Snap"],"picked":"Redo","floor":8},{"not_picked":["Beam Cell","Scrape"],"picked":"Coolheaded","floor":11},{"not_picked":["Hello World","Stack"],"picked":"Rebound","floor":11},{"not_picked":["Ball Lightning","Cold Snap","Beam Cell"],"picked":"SKIP","floor":12},{"not_picked":["Gash","Cold Snap"],"picked":"Leap","floor":14},{"not_picked":["Stack","Melter"],"picked":"Ball Lightning","floor":14},{"not_picked":["All For One","Amplify"],"picked":"Buffer","floor":16},{"not_picked":["Aggregate+1","Leap"],"picked":"Double Energy+1","floor":18},{"not_picked":["Compile Driver","Ball Lightning","Leap"],"picked":"SKIP","floor":18},{"not_picked":["FTL","Streamline"],"picked":"Capacitor","floor":21},{"not_picked":["Go for the Eyes","Stack","Leap"],"picked":"SKIP","floor":21},{"not_picked":["Turbo","Sweeping Beam"],"picked":"Chill","floor":22},{"not_picked":["Rebound","Beam Cell+1"],"picked":"White Noise","floor":22},{"not_picked":["Stack+1","Fusion+1"],"picked":"Double Energy+1","floor":28},{"not_picked":["Auto Shields+1","Compile Driver","Genetic Algorithm+1"],"picked":"SKIP","floor":28},{"not_picked":["Rip and Tear","Coolheaded+1"],"picked":"Conserve Battery+1","floor":29},{"not_picked":["Barrage","Go for the Eyes+1","Lockon"],"picked":"SKIP","floor":29},{"not_picked":["Creative AI","Sweeping Beam+1"],"picked":"Heatsinks","floor":30}],"player_experience":240578,"relics_obtained":[{"floor":9,"key":"Prayer Wheel"},{"floor":12,"key":"Pear"},{"floor":26,"key":"PreservedInsect"},{"floor":26,"key":"Toxic Egg 2"},{"floor":30,"key":"StoneCalendar"}],"event_choices":[{"cards_removed":["Strike_B"],"damage_healed":0.0,"max_hp_gain":0.0,"max_hp_loss":0.0,"gold_gain":0.0,"event_name":"The Cleric","player_choice":"Card Removal","floor":2.0,"gold_loss":50.0,"damage_taken":0.0},{"damage_healed":0,"gold_gain":65,"player_choice":"Gained Gold","damage_taken":0,"max_hp_gain":0,"max_hp_loss":0,"event_name":"Golden Wing","floor":13,"gold_loss":0},{"damage_healed":0,"gold_gain":0,"player_choice":"1 cards matched","damage_taken":0,"max_hp_gain":0,"max_hp_loss":0,"event_name":"Match and Keep!","floor":19,"gold_loss":0,"cards_obtained":["Flash of Steel"]},{"damage_healed":0,"gold_gain":0,"player_choice":"Ignored","damage_taken":0,"max_hp_gain":0,"max_hp_loss":0,"event_name":"Cursed Tome","floor":24,"gold_loss":0},{"damage_healed":0,"gold_gain":0,"player_choice":"Copied","damage_taken":0,"max_hp_gain":0,"max_hp_loss":0,"event_name":"Duplicator","floor":25,"gold_loss":0,"cards_obtained":["Double Energy"]}],"is_beta":false,"boss_relics":[{"not_picked":["Nuclear Battery","Coffee Dripper"],"picked":"Pandora\u0027s Box"}],"items_purged_floors":[],"is_endless":false,"potions_floor_spawned":[1,8,11,16,21,22,28,30],"killed_by":"Chosen and Byrds","ascension_level":3}