{"path_per_floor":["M","?","M","$","M","R","$","M","T","M","E","?","R","M","R","B",null,"M","?","M","?","M"],"character_chosen":"THE_SILENT","items_purchased":["Noxious Fumes"],"gold_per_floor":[110,110,122,8,22,22,22,34,34,53,85,85,85,98,98,198,198,213,213,223,223,237,237],"floor_reached":23,"campfire_rested":1,"playtime":840,"current_hp_per_floor":[63,63,62,62,62,62,62,43,43,36,15,15,33,33,33,18,63,58,47,32,32,5,0],"items_purged":["Strike_G"],"gold":237,"score":218,"play_id":"5ff83c03-68c8-47cd-8199-2674a5b0b05c","local_time":"20180425143558","is_prod":false,"is_daily":false,"chose_seed":false,"is_ascension_mode":false,"campfire_upgraded":2,"timestamp":1524677758,"path_taken":["M","?","M","$","M","R","$","M","T","M","E","?","R","M","R","BOSS","M","?","M","?","M","M"],"build_version":"2018-04-19","seed_source_timestamp":21138462206653,"purchased_purges":1,"victory":false,"master_deck":["Defend_G","Defend_G","Defend_G","Defend_G","Strike_G","Strike_G","Strike_G","Survivor","Neutralize+1","Slice","Endless Agony","Acrobatics","Noxious Fumes+1","Deadly Poison","Noxious Fumes","Corpse Explosion","Bouncing Flask","Burst","Distraction+1"],"max_hp_per_floor":[63,63,63,63,63,63,63,63,63,63,63,63,63,63,63,63,63,63,68,68,68,68,68],"relics":["Ring of the Snake"],"card_choices":[{"not_picked":["Expertise","All Out Attack"],"picked":"Acrobatics","floor":1},{"not_picked":["Underhanded Strike","Deflect"],"picked":"Deadly Poison","floor":5},{"not_picked":["Poisoned Stab","Deflect"],"picked":"Noxious Fumes","floor":8},{"not_picked":["Eviscerate","All Out Attack"],"picked":"Corpse Explosion","floor":10},{"not_picked":["Flying Knee","Infinite Blades"],"picked":"Bouncing Flask","floor":11},{"not_picked":["Grand Finale","Doppelganger"],"picked":"Burst","floor":16},{"not_picked":["Backflip","Dagger Throw"],"picked":"Distraction","floor":22}],"player_experience":744018,"potions_floor_usage":[16,20,23],"damage_taken":[{"damage":0,"enemies":"2 Louse","floor":1,"turns":2},{"damage":1,"enemies":"Cultist","floor":3,"turns":3},{"damage":0,"enemies":"Small Slimes","floor":5,"turns":3},{"damage":19,"enemies":"Exordium Thugs","floor":8,"turns":4},{"damage":7,"enemies":"Looter","floor":10,"turns":3},{"damage":21,"enemies":"Lagavulin","floor":11,"turns":6},{"damage":0,"enemies":"Large Slime","floor":14,"turns":5},{"damage":15,"enemies":"The Guardian","floor":16,"turns":8},{"damage":5,"enemies":"Shell Parasite","floor":18,"turns":5},{"damage":27,"enemies":"2 Thieves","floor":20,"turns":4},{"damage":27,"enemies":"Snake Plant","floor":22,"turns":5},{"damage":5,"enemies":"Sentry and Sphere","floor":23,"turns":3}],"event_choices":[{"event_name":"Scrap Ooze","player_choice":"unsuccessful","floor":2,"damage_taken":0},{"event_name":"Dead Adventurer","player_choice":"Searched \u00270\u0027 times","floor":12,"damage_taken":0},{"event_name":"Forgotten Altar","player_choice":"Shed Blood","floor":19,"damage_taken":0},{"event_name":"Vampires","player_choice":"Ignored","floor":21,"damage_taken":0}],"boss_relics":[{"not_picked":["Calling Bell","White Beast Statue","Runic Dome"]}],"potions_floor_spawned":[8,11,16],"seed_played":"3861901376495152278","killed_by":"Sentry and Sphere","ascension_level":0,"is_trial":false}