{"path_per_floor":["M","?","?","?","$","R","M","?","T","M","$","T","M","M","R","B",null,"M","$","?","M","$","R","M","M","T","M","?","$","M","M","R","B",null,"M","?","?","$","M","R","E","M","T","?","M","M","R","$","R","B"],"character_chosen":"THE_SILENT","items_purchased":["Apotheosis","Noxious Fumes","Footwork","Sadistic Nature","Escape Plan","Dagger Spray","Footwork","Block Potion"],"gold_per_floor":[118,118,118,368,31,31,41,67,92,104,26,26,44,63,63,163,163,183,6,6,23,23,23,33,33,57,68,68,30,46,65,65,161,161,176,176,176,58,73,73,134,153,153,153,168,179,179,27,27,27],"floor_reached":51,"campfire_rested":5,"playtime":4328,"current_hp_per_floor":[70,70,70,70,70,70,70,38,38,43,43,43,45,47,68,60,70,66,66,66,58,58,58,47,44,44,36,36,36,10,8,29,19,70,50,50,50,50,49,70,49,48,48,48,34,10,31,31,52,33],"items_purged":["Regret","Decay"],"gold":27,"score":516,"play_id":"46a2cdff-5fbe-425e-898c-859262f5be29","is_prod":false,"is_daily":false,"is_ascension_mode":true,"campfire_upgraded":2,"path_taken":["M","?","?","?","?","R","M","?","T","M","$","?","M","?","R","BOSS","M","$","?","?","$","R","M","?","T","M","?","?","M","M","R","BOSS","M","?","?","$","M","R","E","?","T","?","M","M","R","$","R","BOSS"],"build_version":"2018-02-15-PROD1","purchased_purges":2,"victory":true,"master_deck":["Defend_G","Defend_G","Defend_G","Defend_G","Strike_G","Strike_G","Strike_G","Survivor","Neutralize+1","Well Laid Plans","Apotheosis+1","Noxious Fumes","Noxious Fumes","Bane","Cloak And Dagger","Footwork+1","Finisher","PiercingWail","Tools of the Trade","Infinite Blades","Sadistic Nature","Backflip","Burst","Caltrops+1","Escape Plan","After Image","Dagger Spray","Footwork","Prepared+1","Cloak And Dagger+1","Decay"],"max_hp_per_floor":[70,70,70,70,70,70,70,70,70,70,70,70,70,70,70,70,70,70,70,70,70,70,70,70,70,70,70,70,70,70,70,70,70,70,70,70,70,70,70,70,70,70,70,70,70,70,70,70,70,70],"relics":["Ring of the Snake","Odd Mushroom","Blood Vial","Pen Nib","Cursed Key","Vajra","Black Star","Spirit Poop","Happy Flower","Tiny Chest","Thread and Needle"],"card_choices":[{"not_picked":["Flechettes","Wraith Form"],"picked":"Well Laid Plans"},{"not_picked":["Catalyst","Dagger Throw"],"picked":"Noxious Fumes"},{"not_picked":["Cloak And Dagger","Dagger Throw"],"picked":"Bane"},{"not_picked":["Dagger Spray","Skewer"],"picked":"Cloak And Dagger"},{"not_picked":["Sucker Punch","Dagger Throw"],"picked":"Finisher"},{"not_picked":["Sucker Punch","Venomology"],"picked":"PiercingWail"},{"not_picked":["Wraith Form","Tactician"],"picked":"Tools of the Trade"},{"not_picked":["Bane","PiercingWail"],"picked":"Infinite Blades"},{"not_picked":["Noxious Fumes","Backstab"],"picked":"Backflip"},{"not_picked":["Poisoned Stab","Sucker Punch"],"picked":"Burst"},{"not_picked":["Acrobatics","Noxious Fumes"],"picked":"Caltrops"},{"not_picked":["Venomology","Glass Knife"],"picked":"After Image"},{"not_picked":["Underhanded Strike","Outmaneuver"],"picked":"Prepared"},{"not_picked":["Setup","Eviscerate"],"picked":"Cloak And Dagger"}],"player_experience":159185,"potions_floor_usage":[10,27,30,33,45,45,46,50,50],"damage_taken":[{"damage":0,"enemies":"2 Louse","floor":1,"turns":3},{"damage":0,"enemies":"Small Slimes","floor":7,"turns":3},{"damage":32,"enemies":"The Mushroom Lair","floor":8,"turns":5},{"damage":0,"enemies":"Cultist","floor":10,"turns":3},{"damage":0,"enemies":"Looter","floor":13,"turns":4},{"damage":0,"enemies":"Gremlin Gang","floor":14,"turns":4},{"damage":10,"enemies":"Hexaghost","floor":16,"turns":8},{"damage":4,"enemies":"Chosen","floor":18,"turns":6},{"damage":10,"enemies":"Spheric Guardian","floor":21,"turns":4},{"damage":13,"enemies":"Snake Plant","floor":24,"turns":5},{"damage":5,"enemies":"Cultist and Chosen","floor":25,"turns":8},{"damage":10,"enemies":"Snecko","floor":27,"turns":5},{"damage":28,"enemies":"Slaver and Parasite","floor":30,"turns":4},{"damage":4,"enemies":"Snake Plant","floor":31,"turns":3},{"damage":12,"enemies":"Automaton","floor":33,"turns":8},{"damage":20,"enemies":"3 Darklings","floor":35,"turns":6},{"damage":3,"enemies":"3 Shapes","floor":39,"turns":6},{"damage":21,"enemies":"Nemesis","floor":41,"turns":7},{"damage":3,"enemies":"Maw","floor":42,"turns":7},{"damage":16,"enemies":"Sphere and 2 Shapes","floor":45,"turns":6},{"damage":26,"enemies":"3 Darklings","floor":46,"turns":4},{"damage":21,"enemies":"Time Eater","floor":50,"turns":11}],"event_choices":[{"event_name":"Living Wall","player_choice":"Forget","floor":2,"damage_taken":0},{"event_name":"Purifier","player_choice":"One Purge","floor":3,"damage_taken":0},{"event_name":"Golden Shrine","player_choice":"Desecrate","floor":4,"damage_taken":0},{"event_name":"Mushrooms","player_choice":"Fought Mushrooms","floor":8,"damage_taken":0},{"event_name":"Beggar","player_choice":"Ignored","floor":20,"damage_taken":0},{"event_name":"Vampires","player_choice":"Ignored","floor":28,"damage_taken":0},{"event_name":"Bonfire Elementals","player_choice":"CURSE","floor":37,"damage_taken":0},{"event_name":"Wheel of Change","player_choice":"Curse","floor":44,"damage_taken":0}],"boss_relics":[{"not_picked":["Question Card","Snecko Eye"],"picked":"Cursed Key"},{"not_picked":["White Beast Statue","Orrery"],"picked":"Black Star"}],"potions_floor_spawned":[1,14,16,18,30,33,35,41,42,45],"seed_played":"843884558123910164","ascension_level":1,"is_trial":false}