{"gold_per_floor":[18,36,56,76,90,90,90,90,90,125,125,155,155,171,171,272,322,342,242,517,536,553,553,588,588],"floor_reached":25,"playtime":1641,"items_purged":["Bash"],"score":291,"play_id":"99448897-aeba-45d4-ac11-05c19112bbd8","local_time":"20190213194107","is_ascension_mode":true,"campfire_choices":[{"data":"True Grit","floor":6,"key":"SMITH"},{"data":"Perfected Strike","floor":8,"key":"SMITH"},{"data":"True Grit","floor":15,"key":"SMITH"},{"data":"Perfected Strike","floor":23,"key":"SMITH"}],"neow_cost":"NO_GOLD","seed_source_timestamp":978559943592720,"circlet_count":0,"master_deck":["Strike_R","Strike_R","Strike_R","Strike_R+1","Defend_R+1","Defend_R","Defend_R","Spot Weakness","Perfected Strike+1","True Grit+1","Warcry","Perfected Strike+1","Sentinel","True Grit+1","Wild Strike+1","Double Tap","Sword Boomerang","Body Slam+1","Shrug It Off","Wild Strike+1","True Grit","Warcry+1"],"relics":["Burning Blood","Blood Vial","Omamori","Shuriken","Pantograph","Question Card","Tiny House","Shovel"],"potions_floor_usage":[14,16,24,24,25],"damage_taken":[{"damage":5,"enemies":"Cultist","floor":1,"turns":5},{"damage":2,"enemies":"2 Louse","floor":2,"turns":3},{"damage":7,"enemies":"Small Slimes","floor":3,"turns":4},{"damage":15,"enemies":"Looter","floor":4,"turns":4},{"damage":7,"enemies":"Blue Slaver","floor":5,"turns":4},{"damage":23,"enemies":"Lagavulin","floor":10,"turns":6},{"damage":31,"enemies":"3 Sentries","floor":12,"turns":8},{"damage":3,"enemies":"Gremlin Gang","floor":14,"turns":6},{"damage":55,"enemies":"Hexaghost","floor":16,"turns":11},{"damage":22,"enemies":"Spheric Guardian","floor":18,"turns":4},{"damage":3,"enemies":"Chosen","floor":21,"turns":3},{"damage":18,"enemies":"Snake Plant","floor":22,"turns":4},{"damage":37,"enemies":"Slavers","floor":24,"turns":5},{"damage":25,"enemies":"Centurion and Healer","floor":25,"turns":6}],"seed_played":"3045675033074196699","potions_obtained":[{"floor":1,"key":"GamblersBrew"},{"floor":3,"key":"Regen Potion"},{"floor":4,"key":"Strength Potion"},{"floor":10,"key":"FearPotion"},{"floor":12,"key":"Block Potion"},{"floor":17,"key":"Explosive Potion"},{"floor":21,"key":"GamblersBrew"}],"is_trial":false,"path_per_floor":["M","M","M","M","M","R","?","R","T","E","?","E","?","M","R","B",null,"M","$","?","M","M","R","E","M"],"character_chosen":"IRONCLAD","items_purchased":["Shrug It Off"],"campfire_rested":0,"item_purchase_floors":[19],"current_hp_per_floor":[80,80,79,70,69,69,53,53,53,38,38,15,15,35,35,13,68,54,54,54,59,49,49,20,0],"gold":588,"neow_bonus":"REMOVE_TWO","is_prod":false,"is_daily":false,"chose_seed":false,"campfire_upgraded":4,"win_rate":0,"timestamp":1550115667,"path_taken":["M","M","?","M","M","R","?","R","T","E","?","E","?","M","R","BOSS","M","$","?","M","?","R","E","M"],"build_version":"2019-01-23","purchased_purges":1,"victory":false,"max_hp_per_floor":[80,80,80,80,80,80,80,80,80,80,80,80,80,80,80,80,85,85,85,85,85,85,85,85,85],"card_choices":[{"not_picked":["Hemokinesis","Headbutt"],"picked":"Spot Weakness","floor":1},{"not_picked":["Armaments","Shockwave"],"picked":"Perfected Strike","floor":2},{"not_picked":["Flex","Anger"],"picked":"True Grit","floor":3},{"not_picked":["Entrench","Body Slam"],"picked":"Warcry","floor":4},{"not_picked":["Demon Form","Thunderclap"],"picked":"Perfected Strike","floor":5},{"not_picked":["True Grit","Burning Pact"],"picked":"Sentinel","floor":10},{"not_picked":["Searing Blow","Power Through"],"picked":"True Grit","floor":12},{"not_picked":["Ghostly Armor","Feed","Headbutt"],"picked":"Wild Strike","floor":14},{"not_picked":["Barricade","Exhume","Limit Break"],"picked":"Double Tap","floor":16},{"not_picked":["Clothesline","Whirlwind","Body Slam"],"picked":"Sword Boomerang","floor":17},{"not_picked":["Sever Soul","Cleave","Feel No Pain"],"picked":"Body Slam+1","floor":18},{"not_picked":["Thunderclap","Combust","Fiend Fire"],"picked":"Wild Strike+1","floor":21},{"not_picked":["Flex+1","Anger+1","Headbutt"],"picked":"True Grit","floor":22},{"not_picked":["Shrug It Off","Demon Form","Whirlwind"],"picked":"Warcry+1","floor":24}],"player_experience":261061,"relics_obtained":[{"floor":9,"key":"Blood Vial"},{"floor":10,"key":"Omamori"},{"floor":12,"key":"Pantograph"},{"floor":24,"key":"Shovel"}],"event_choices":[{"damage_healed":0,"gold_gain":0,"player_choice":"Entered Light","damage_taken":16,"max_hp_gain":0,"max_hp_loss":0,"event_name":"Shining Light","floor":7,"gold_loss":0,"cards_upgraded":["Defend_R","Strike_R"]},{"damage_healed":0,"gold_gain":0,"player_choice":"Box","damage_taken":0,"relics_obtained":["Shuriken"],"max_hp_gain":0,"max_hp_loss":0,"event_name":"Big Fish","floor":11,"gold_loss":0,"cards_obtained":["Regret"]},{"damage_healed":0,"gold_gain":0,"player_choice":"Searched \u00271\u0027 times","damage_taken":0,"relics_obtained":["Question Card"],"max_hp_gain":0,"max_hp_loss":0,"event_name":"Dead Adventurer","floor":13,"gold_loss":0},{"damage_healed":0,"gold_gain":275,"player_choice":"Desecrate","damage_taken":0,"max_hp_gain":0,"max_hp_loss":0,"event_name":"Golden Shrine","floor":20,"gold_loss":0,"cards_obtained":["Regret"]}],"is_beta":false,"boss_relics":[{"not_picked":["Busted Crown","Astrolabe"],"picked":"Tiny House"}],"items_purged_floors":[19],"is_endless":false,"potions_floor_spawned":[1,3,4,10,12,21],"killed_by":"Centurion and Healer","ascension_level":5}