{"path_per_floor":["M","?","$","M","M","R","M","$","T","R","?","R","$","M","R","B",null,"M","?","?","?","?","R","M","M","T","?","$","M","$","M","R"],"character_chosen":"IRONCLAD","items_purchased":["Flex","Flex"],"gold_per_floor":[114,64,64,83,100,100,117,71,125,125,125,125,50,65,65,169,169,186,186,186,186,186,186,201,215,242,157,57,77,24,37,37],"floor_reached":33,"campfire_rested":0,"playtime":538,"current_hp_per_floor":[70,70,70,75,77,77,72,72,72,72,81,81,78,82,82,78,82,82,57,57,57,57,57,59,61,63,63,63,65,65,67,67],"items_purged":["Parasite","Defend_R"],"gold":37,"score":261,"play_id":"f97e5f9a-811a-4c69-844c-e69b5200af27","local_time":"20180317135443","is_prod":false,"is_daily":false,"is_ascension_mode":false,"campfire_upgraded":6,"timestamp":1521305683,"path_taken":["M","?","$","M","M","R","M","$","T","R","?","R","?","?","R","BOSS","M","?","?","?","?","R","?","M","T","?","$","M","$","M","R","BOSS"],"build_version":"2018-03-15v2","purchased_purges":2,"victory":false,"master_deck":["Defend_R","Bash+1","Feed+1","Offering+1","Flex+1","Whirlwind+1","Bite","Bite","Bite","Bite","Bite","Flex+1"],"max_hp_per_floor":[75,75,75,78,81,81,81,81,81,81,81,81,78,82,82,82,82,82,57,57,57,57,57,59,61,63,63,63,65,65,67,67],"relics":["Burning Blood","Prayer Wheel","Runic Dome","Singing Bowl","Bronze Scales","Charon\u0027s Ashes"],"card_choices":[{"not_picked":["Immolate","Demon Form"],"picked":"Feed"},{"not_picked":["Body Slam","Feel No Pain"],"picked":"Offering"},{"not_picked":["Warcry","Heavy Blade"],"picked":"Whirlwind"}],"player_experience":578405,"potions_floor_usage":[16,16,25,25,29],"damage_taken":[{"damage":11,"enemies":"Jaw Worm","floor":1,"turns":3},{"damage":4,"enemies":"Small Slimes","floor":4,"turns":2},{"damage":7,"enemies":"2 Louse","floor":5,"turns":2},{"damage":11,"enemies":"Blue Slaver","floor":7,"turns":2},{"damage":4,"enemies":"Exordium Wildlife","floor":14,"turns":2},{"damage":25,"enemies":"Slime Boss","floor":16,"turns":8},{"damage":4,"enemies":"Chosen","floor":18,"turns":2},{"damage":4,"enemies":"2 Thieves","floor":24,"turns":1},{"damage":4,"enemies":"Snecko","floor":25,"turns":2},{"damage":4,"enemies":"Sentry and Sphere","floor":29,"turns":3},{"damage":4,"enemies":"3 Cultists","floor":31,"turns":2},{"damage":97,"enemies":"Champ","floor":33,"turns":5}],"event_choices":[{"event_name":"The Cleric","player_choice":"Card Removal","floor":2,"damage_taken":0},{"event_name":"Mushrooms","player_choice":"Healed and dodged fight","floor":11,"damage_taken":0},{"event_name":"Vampires","player_choice":"Became a vampire","floor":19,"damage_taken":0},{"event_name":"Drug Dealer","player_choice":"Ignored","floor":20,"damage_taken":0},{"event_name":"Bonfire Elementals","player_choice":"BASIC","floor":21,"damage_taken":0},{"event_name":"The Mausoleum","player_choice":"Yes","floor":22,"damage_taken":0},{"event_name":"Addict","player_choice":"Obtained Relic","floor":27,"damage_taken":0}],"boss_relics":[{"not_picked":["Snecko Eye","Astrolabe"],"picked":"Runic Dome"}],"potions_floor_spawned":[4,7,16,18,24],"seed_played":"5796345587120472993","killed_by":"Champ","ascension_level":0,"is_trial":false}