{"gold_per_floor":[113,129,140,44,60,60,92,92,92,42,42,117,132,163,163,262,262,273,29,41,61,72,72,72,72,72,86,0,14,14,28,28,126,126,143,143,159,12,32,32,42,54,54,73,73,73,73,87,87,87],"floor_reached":51,"playtime":5476,"items_purged":["Strike_R+1"],"score":663,"play_id":"b2cdc240-7fd0-45e6-b476-7887bce05626","local_time":"20190315014805","is_ascension_mode":false,"campfire_choices":[{"data":"Armaments","floor":6.0,"key":"SMITH"},{"data":"Flame Barrier","floor":8.0,"key":"SMITH"},{"data":"Clothesline","floor":11.0,"key":"SMITH"},{"data":"Demon Form","floor":15.0,"key":"SMITH"},{"data":"Inflame","floor":23.0,"key":"SMITH"},{"data":"Juggernaut","floor":25.0,"key":"SMITH"},{"data":"Warcry","floor":32.0,"key":"SMITH"},{"data":"Bash","floor":40,"key":"SMITH"},{"data":"Body Slam","floor":45,"key":"SMITH"},{"floor":47,"key":"REST"},{"floor":49,"key":"REST"}],"neow_cost":"NONE","seed_source_timestamp":0,"circlet_count":0,"master_deck":["Strike_R+1","Strike_R+1","Defend_R+1","Defend_R+1","Defend_R+1","Defend_R+1","Bash+1","Feed","Warcry+1","Armaments+1","Inflame+1","Flame Barrier+1","Clothesline+1","Demon Form+1","Flame Barrier+1","Offering+1","Juggernaut+1","Battle Trance+1","Shockwave+1","True Grit+1","Havoc+1","Exhume+1","Warcry+1","Entrench+1","Disarm+1","Body Slam+1","Pummel+1","True Grit+1"],"special_seed":0,"relics":["Burning Blood","Toxic Egg 2","Self Forming Clay","Pear","Philosopher\u0027s Stone","Kunai","Pantograph","Velvet Choker","The Courier"],"potions_floor_usage":[50,50,50],"damage_taken":[{"damage":0.0,"enemies":"2 Louse","floor":1.0,"turns":3.0},{"damage":6.0,"enemies":"Cultist","floor":2.0,"turns":3.0},{"damage":6.0,"enemies":"Jaw Worm","floor":3.0,"turns":3.0},{"damage":33.0,"enemies":"Gremlin Gang","floor":5.0,"turns":5.0},{"damage":21.0,"enemies":"3 Sentries","floor":7.0,"turns":14.0},{"damage":0.0,"enemies":"Blue Slaver","floor":13.0,"turns":6.0},{"damage":15.0,"enemies":"Gremlin Nob","floor":14.0,"turns":5.0},{"damage":14.0,"enemies":"Hexaghost","floor":16.0,"turns":8.0},{"damage":5.0,"enemies":"3 Byrds","floor":18.0,"turns":4.0},{"damage":7.0,"enemies":"Chosen","floor":20.0,"turns":6.0},{"damage":12.0,"enemies":"Snake Plant","floor":21.0,"turns":5.0},{"damage":20.0,"enemies":"Sentry and Sphere","floor":22.0,"turns":8.0},{"damage":6.0,"enemies":"Cultist and Chosen","floor":27.0,"turns":8.0},{"damage":16.0,"enemies":"Snake Plant","floor":29.0,"turns":8.0},{"damage":11.0,"enemies":"3 Cultists","floor":31.0,"turns":5.0},{"damage":53.0,"enemies":"Automaton","floor":33.0,"turns":8.0},{"damage":0,"enemies":"Orb Walker","floor":35,"turns":4},{"damage":24,"enemies":"3 Darklings","floor":37,"turns":6},{"damage":14,"enemies":"Writhing Mass","floor":39,"turns":8},{"damage":10,"enemies":"Spire Growth","floor":41,"turns":6},{"damage":17,"enemies":"Sphere and 2 Shapes","floor":42,"turns":8},{"damage":10,"enemies":"4 Shapes","floor":44,"turns":6},{"damage":11,"enemies":"Maw","floor":48,"turns":9},{"damage":28,"enemies":"Awakened One","floor":50,"turns":17}],"seed_played":"-2143702950984779577","potions_obtained":[{"floor":1.0,"key":"SteroidPotion"},{"floor":2.0,"key":"SteroidPotion"},{"floor":13.0,"key":"LiquidBronze"},{"floor":21.0,"key":"GamblersBrew"},{"floor":29.0,"key":"EssenceOfSteel"},{"floor":36,"key":"EssenceOfSteel"},{"floor":37,"key":"EssenceOfSteel"}],"is_trial":false,"path_per_floor":["M","M","M","$","M","R","E","R","T","?","R","?","M","E","R","B",null,"M","$","M","M","M","R","?","R","T","M","$","M","?","M","R","B",null,"M","?","M","$","M","R","M","M","T","M","R","?","R","M","R","B",null],"character_chosen":"IRONCLAD","items_purchased":["Flame Barrier","Clothesline","Kunai","Shockwave+1","True Grit+1","Entrench+1"],"campfire_rested":2,"item_purchase_floors":[4,4,19,28,28,38],"current_hp_per_floor":[83,86,89,89,65,65,54,54,54,54,54,45,54,55,55,50,112,115,115,118,112,102,102,102,102,102,105,105,98,98,96,96,74,132,135,135,117,117,109,109,105,97,97,99,99,99,142,140,147,128],"gold":87,"neow_bonus":"ONE_RANDOM_RARE_CARD","is_prod":false,"is_daily":false,"chose_seed":false,"campfire_upgraded":9,"win_rate":0,"timestamp":1552628885,"path_taken":["M","M","M","$","M","R","E","R","T","?","R","?","M","E","R","BOSS","M","$","M","M","M","R","?","R","T","M","?","M","?","M","R","BOSS","M","?","M","$","?","R","M","M","T","M","R","?","R","M","R","BOSS"],"build_version":"2019-01-23","purchased_purges":1,"victory":true,"max_hp_per_floor":[83,86,89,89,92,92,96,96,96,96,96,96,99,109,109,112,112,115,115,119,119,123,123,123,123,123,126,126,129,129,132,132,132,132,135,135,135,135,135,135,135,138,138,144,144,144,144,147,147,150],"card_choices":[{"not_picked":["Blood for Blood","Dual Wield"],"picked":"Warcry","floor":1.0},{"not_picked":["Whirlwind","Body Slam"],"picked":"Armaments","floor":2.0},{"not_picked":["Entrench","Heavy Blade"],"picked":"Inflame","floor":3.0},{"not_picked":["Armaments","Warcry","True Grit"],"picked":"SKIP","floor":5.0},{"not_picked":["Clash","Anger"],"picked":"Demon Form","floor":7.0},{"not_picked":["Twin Strike","Searing Blow"],"picked":"Flame Barrier+1","floor":13.0},{"not_picked":["Perfected Strike","Barricade"],"picked":"Offering+1","floor":14.0},{"not_picked":["Offering+1","Berserk"],"picked":"Juggernaut","floor":16.0},{"not_picked":["Reckless Charge+1","Anger","Searing Blow"],"picked":"SKIP","floor":18.0},{"not_picked":["Dropkick","Evolve","Iron Wave+1"],"picked":"SKIP","floor":20.0},{"not_picked":["Seeing Red+1","Combust+1"],"picked":"Battle Trance+1","floor":21.0},{"not_picked":["Rupture","Anger","Clothesline"],"picked":"SKIP","floor":22.0},{"not_picked":["Anger","Flex+1","Fire Breathing"],"picked":"SKIP","floor":27.0},{"not_picked":["Flame Barrier+1","Burning Pact+1"],"picked":"Havoc+1","floor":29.0},{"not_picked":["Pummel","Havoc+1"],"picked":"Warcry+1","floor":31.0},{"not_picked":["Fiend Fire","Limit Break+1"],"picked":"Exhume+1","floor":33.0},{"not_picked":["Thunderclap+1","True Grit+1"],"picked":"Warcry+1","floor":35},{"not_picked":["Havoc+1","Blood for Blood+1","Inflame+1"],"picked":"SKIP","floor":37},{"not_picked":["Rampage","Sentinel+1"],"picked":"Disarm+1","floor":39},{"not_picked":["Carnage+1","Thunderclap+1"],"picked":"Body Slam","floor":41},{"not_picked":["Wild Strike+1","Infernal Blade+1"],"picked":"Pummel+1","floor":42},{"not_picked":["Havoc+1","Thunderclap+1","Twin Strike"],"picked":"SKIP","floor":44},{"not_picked":["Twin Strike","Havoc+1"],"picked":"True Grit+1","floor":48}],"player_experience":601832,"relics_obtained":[{"floor":7.0,"key":"Toxic Egg 2"},{"floor":9.0,"key":"Self Forming Clay"},{"floor":14.0,"key":"Pear"},{"floor":26.0,"key":"Pantograph"},{"floor":43,"key":"The Courier"}],"event_choices":[{"cards_removed":["Strike_R"],"damage_healed":0.0,"max_hp_gain":0.0,"max_hp_loss":0.0,"gold_gain":0.0,"event_name":"The Cleric","player_choice":"Card Removal","floor":10.0,"gold_loss":50.0,"damage_taken":0.0},{"damage_healed":0.0,"max_hp_gain":0.0,"max_hp_loss":0.0,"gold_gain":75.0,"event_name":"FaceTrader","player_choice":"Touch","floor":12.0,"gold_loss":0.0,"damage_taken":9.0},{"cards_removed":["Strike_R"],"damage_healed":0.0,"max_hp_gain":0.0,"max_hp_loss":0.0,"gold_gain":0.0,"event_name":"Bonfire Elementals","player_choice":"Offered Basic","floor":24.0,"gold_loss":0.0,"damage_taken":0.0},{"damage_healed":0.0,"max_hp_gain":0.0,"max_hp_loss":0.0,"gold_gain":0.0,"event_name":"Back to Basics","player_choice":"Simplicity","floor":30.0,"gold_loss":0.0,"damage_taken":0.0,"cards_upgraded":["Strike_R","Strike_R","Strike_R","Defend_R","Defend_R","Defend_R","Defend_R"]},{"damage_healed":0,"gold_gain":0,"player_choice":"Got Potions","damage_taken":0,"max_hp_gain":0,"max_hp_loss":0,"event_name":"Lab","floor":36,"gold_loss":0},{"cards_removed":["Warcry"],"damage_healed":0,"gold_gain":0,"player_choice":"Removed Skill","damage_taken":0,"max_hp_gain":0,"max_hp_loss":0,"event_name":"Falling","floor":46,"gold_loss":0}],"is_beta":false,"boss_relics":[{"not_picked":["Fusion Hammer","White Beast Statue"],"picked":"Philosopher\u0027s Stone"},{"not_picked":["Cursed Key","Astrolabe"],"picked":"Velvet Choker"}],"items_purged_floors":[38],"is_endless":false,"potions_floor_spawned":[1,2,13,21,22,29,37,41,44],"ascension_level":0}