{"path_per_floor":["M","?","?","?","M","R","M","R","T","M","M","$","E","M","R","B",null,"M","?","M","M","T","R"],"character_chosen":"THE_SILENT","items_purchased":["Deadly Poison"],"gold_per_floor":[11,11,11,11,29,29,46,46,101,116,132,4,33,48,48,120,150,163,163,177,193,193,193,193],"floor_reached":24,"campfire_rested":2,"playtime":889,"current_hp_per_floor":[59,59,45,45,45,45,44,44,44,36,36,36,16,2,23,3,58,43,43,38,11,11,33,5],"items_purged":["Defend_G"],"gold":193,"score":327,"play_id":"95a20da2-e468-4f0a-8be6-96c694e16817","local_time":"20180418225441","is_prod":false,"is_daily":false,"chose_seed":false,"is_ascension_mode":true,"campfire_upgraded":2,"timestamp":1524102881,"path_taken":["M","?","?","?","M","R","?","R","T","M","M","$","E","M","R","BOSS","M","?","M","M","?","R","E"],"build_version":"2018-04-12","seed_source_timestamp":0,"purchased_purges":1,"victory":false,"master_deck":["Defend_G","Defend_G","Strike_G","Strike_G+1","Strike_G","Survivor","Neutralize","AscendersBane","Outmaneuver+1","Dash+1","Infinite Blades+1","Predator+1","Backflip","Deadly Poison","Bullet Time","Blur","Envenom","Blade Dance","Storm of Steel","Acrobatics"],"max_hp_per_floor":[70,70,70,70,70,70,70,70,70,70,70,70,70,70,70,70,75,75,75,75,75,75,75,75],"relics":["Ring of the Snake","Bag of Marbles","Art of War","Tiny House","Shovel"],"card_choices":[{"not_picked":["Bane","Dagger Throw"],"picked":"Infinite Blades","floor":1.0},{"not_picked":["PiercingWail","Prepared"],"picked":"Predator","floor":5.0},{"not_picked":["All Out Attack","Noxious Fumes"],"picked":"Backflip","floor":7.0},{"not_picked":["Deflect","Cloak And Dagger"],"picked":"Bullet Time","floor":13.0},{"not_picked":["Backflip","PiercingWail"],"picked":"Blur","floor":14.0},{"not_picked":["Bullet Time","Phantasmal Killer"],"picked":"Envenom","floor":16.0},{"not_picked":["All Out Attack","Quick Slash"],"picked":"Blade Dance","floor":17.0},{"not_picked":["Dagger Spray","Tactician"],"picked":"Acrobatics","floor":21.0}],"player_experience":722191,"potions_floor_usage":[24],"damage_taken":[{"damage":4.0,"enemies":"Small Slimes","floor":1.0,"turns":4.0},{"damage":0.0,"enemies":"Cultist","floor":5.0,"turns":4.0},{"damage":1.0,"enemies":"Jaw Worm","floor":7.0,"turns":3.0},{"damage":8.0,"enemies":"Blue Slaver","floor":10.0,"turns":4.0},{"damage":0.0,"enemies":"Looter","floor":11.0,"turns":2.0},{"damage":29.0,"enemies":"Gremlin Nob","floor":13.0,"turns":5.0},{"damage":14.0,"enemies":"Exordium Thugs","floor":14.0,"turns":4.0},{"damage":20.0,"enemies":"Slime Boss","floor":16.0,"turns":9.0},{"damage":15.0,"enemies":"Shell Parasite","floor":18.0,"turns":5.0},{"damage":5.0,"enemies":"Chosen","floor":20.0,"turns":5.0},{"damage":27.0,"enemies":"Snecko","floor":21.0,"turns":5.0},{"damage":28,"enemies":"Slavers","floor":24,"turns":5}],"event_choices":[{"event_name":"The Lab","player_choice":"Got Potions","floor":2.0,"damage_taken":0.0},{"event_name":"Shining Light","player_choice":"Entered Light","floor":3.0,"damage_taken":0.0},{"event_name":"Bonfire Elementals","player_choice":"BASIC","floor":4.0,"damage_taken":0.0},{"event_name":"Transmorgrifier","player_choice":"Transform","floor":19.0,"damage_taken":0.0}],"boss_relics":[],"potions_floor_spawned":[5,11,14,20,21],"seed_played":"-3593626604764274828","killed_by":"Slavers","ascension_level":13,"is_trial":false}