{"path_per_floor":["M","?","T","M","$","E","R","E","T","R","M","?","M","?","R","B",null,"M","?","?","?","?","R","M","R","T","R","$","M","$","M","R","B",null,"M","$","?","?","M","$","R","E","T"],"character_chosen":"THE_SILENT","items_purchased":["Caltrops","Shuriken"],"gold_per_floor":[113,113,113,137,66,104,104,145,145,145,161,161,179,179,179,274,274,294,294,294,294,294,294,310,310,364,364,28,47,47,62,62,136,136,147,47,47,0,14,14,14,48,48,48],"floor_reached":44,"campfire_rested":5,"playtime":1575,"current_hp_per_floor":[62,62,62,60,60,43,43,1,1,20,17,17,13,13,32,4,50,7,7,7,7,7,26,29,29,34,65,65,35,35,13,47,6,50,19,19,57,57,56,56,56,6,6,0],"items_purged":["Decay","Strike_G"],"gold":48,"score":726,"play_id":"1fd9ce0f-519f-4b9e-8741-fbc724a552e0","local_time":"20180417204556","is_prod":false,"is_daily":false,"chose_seed":false,"is_ascension_mode":true,"campfire_upgraded":3,"timestamp":1524008756,"path_taken":["M","?","?","?","$","E","R","E","T","R","M","?","M","?","R","BOSS","M","?","?","?","?","R","M","R","T","R","$","M","$","M","R","BOSS","M","$","?","?","M","$","R","E","T","M"],"build_version":"2018-04-12","seed_source_timestamp":33895978087203,"purchased_purges":3,"victory":false,"master_deck":["Defend_G","Defend_G","Defend_G","Defend_G","Defend_G","Strike_G","Strike_G","Strike_G","Strike_G","Survivor","Neutralize+1","AscendersBane","Deadly Poison","Caltrops","Flying Knee","Bullet Time","Infinite Blades","Catalyst+1","Burst+1","Leg Sweep","Venomology","Noxious Fumes","A Thousand Cuts+1","Burst","Escape Plan","Pain"],"max_hp_per_floor":[70,65,65,65,65,65,65,65,65,65,65,65,65,65,65,65,65,65,65,65,65,65,65,65,65,65,65,65,65,65,65,65,65,65,65,65,57,57,57,57,57,57,57,57],"relics":["Ring of the Snake","Bloody Idol","Question Card","Juzu Bracelet","Kunai","Mummified Hand","Cursed Key","Anchor","Regal Pillow","Shuriken","Lizard Tail","Red Mask","Ancient Tea Set","Paper Crane"],"card_choices":[{"not_picked":["Flying Knee","Underhanded Strike"],"picked":"Deadly Poison","floor":1},{"not_picked":["Slice","PiercingWail","Quick Slash"],"picked":"Flying Knee","floor":6},{"not_picked":["Flying Knee","Dagger Spray","Concentrate"],"picked":"Bullet Time","floor":8},{"not_picked":["Backstab","Underhanded Strike","PiercingWail"],"picked":"Infinite Blades","floor":11},{"not_picked":["Leg Sweep","Dagger Throw","Calculated Gamble"],"picked":"Catalyst","floor":13},{"not_picked":["Phantasmal Killer","Bullet Time","Night Terror"],"picked":"Burst","floor":16},{"not_picked":["Expertise","Backflip","Riddle With Holes"],"picked":"Noxious Fumes","floor":24},{"not_picked":["Dash","Poisoned Stab","Caltrops"],"picked":"A Thousand Cuts","floor":31},{"not_picked":["Venomology","A Thousand Cuts","Bullet Time"],"picked":"Burst","floor":33},{"not_picked":["Flying Knee","Outmaneuver","Masterful Stab"],"picked":"Escape Plan","floor":39}],"player_experience":710695,"potions_floor_usage":[6,16,16,16,24,29,31,33,33,39,42,42,42,42,44],"damage_taken":[{"damage":1,"enemies":"Cultist","floor":1,"turns":4},{"damage":2,"enemies":"Jaw Worm","floor":4,"turns":4},{"damage":29,"enemies":"3 Sentries","floor":6,"turns":11},{"damage":42,"enemies":"Gremlin Nob","floor":8,"turns":5},{"damage":3,"enemies":"Small Slimes","floor":11,"turns":3},{"damage":4,"enemies":"Exordium Wildlife","floor":13,"turns":3},{"damage":28,"enemies":"The Guardian","floor":16,"turns":9},{"damage":43,"enemies":"Chosen","floor":18,"turns":7},{"damage":14,"enemies":"Spheric Guardian","floor":24,"turns":6},{"damage":35,"enemies":"3 Cultists","floor":29,"turns":7},{"damage":27,"enemies":"Cultist and Chosen","floor":31,"turns":8},{"damage":46,"enemies":"Automaton","floor":33,"turns":11},{"damage":36,"enemies":"Orb Walker","floor":35,"turns":6},{"damage":6,"enemies":"3 Shapes","floor":39,"turns":5},{"damage":104,"enemies":"Giant Head","floor":42,"turns":10},{"damage":6,"enemies":"3 Darklings","floor":44,"turns":3}],"event_choices":[{"event_name":"Golden Idol","player_choice":"Lose Max HP","floor":2,"damage_taken":0},{"event_name":"The Lab","player_choice":"Got Potions","floor":12,"damage_taken":0},{"event_name":"Upgrade Shrine","player_choice":"Upgraded","floor":14,"damage_taken":0},{"event_name":"Forgotten Altar","player_choice":"Gave Idol","floor":19,"damage_taken":0},{"event_name":"Cursed Tome","player_choice":"Ignored","floor":20,"damage_taken":0},{"event_name":"The Mausoleum","player_choice":"Yes","floor":21,"damage_taken":0},{"event_name":"Match and Keep!","player_choice":"2 cards matched","floor":22,"damage_taken":0},{"event_name":"The Moai Head","player_choice":"Heal","floor":37,"damage_taken":0},{"event_name":"Tomb of Lord Red Mask","player_choice":"Paid","floor":38,"damage_taken":0}],"boss_relics":[{"not_picked":["Tiny House","Ectoplasm"],"picked":"Cursed Key"},{"not_picked":["Velvet Choker","Calling Bell"],"picked":"Lizard Tail"}],"potions_floor_spawned":[4,8,11,13,18,24,39],"seed_played":"5002692948226197908","killed_by":"3 Darklings","ascension_level":13,"is_trial":false}