{"gold_per_floor":[109,109,126,140,140,175,175,275,357,368,402,420,439,465,465,569,569,582,52,64,24,40,74,74,91,91,91,91,101,135,135,135,238,238,248,248,266,286,303,303,321,321,321,321,355,355,355,384,384,384,384,384,22,56,56],"floor_reached":56,"playtime":7587,"items_purged":["Doubt"],"score":1369,"play_id":"f210bba0-c89a-4fa9-a03b-d9520a0fa597","local_time":"20190307012320","is_ascension_mode":true,"campfire_choices":[{"floor":7.0,"key":"REST"},{"floor":15,"key":"REST"},{"data":"Creative AI","floor":24,"key":"SMITH"},{"floor":27,"key":"REST"},{"floor":32,"key":"RECALL"},{"data":"Amplify","floor":40,"key":"SMITH"},{"data":"Heatsinks","floor":42,"key":"SMITH"},{"data":"Recycle","floor":49,"key":"SMITH"},{"data":"Dualcast","floor":52,"key":"SMITH"}],"neow_cost":"TEN_PERCENT_HP_LOSS","seed_source_timestamp":878834383736711,"circlet_count":0,"master_deck":["Strike_B","Strike_B+1","Defend_B+1","Defend_B","Defend_B","Zap+1","Dualcast+1","Amplify+1","Coolheaded+1","Ball Lightning","Capacitor","Glacier","Recycle+1","Static Discharge","Sunder","Coolheaded+1","Barrage","Creative AI+1","Fission+1","Heatsinks+1","Self Repair","White Noise+1","Fission+1","Glacier+1","Meteor Strike","Echo Form","Coolheaded+1","Storm+1","Madness+1","Madness+1","Dark Shackles+1","Secret Technique+1","Fusion+1","FTL","Reinforced Body+1"],"special_seed":0,"relics":["Cracked Core","Anchor","Toxic Egg 2","Gambling Chip","Omamori","Cursed Key","OrangePellets","Bottled Lightning","Centennial Puzzle","Mummified Hand","Juzu Bracelet","Busted Crown","Shuriken","Oddly Smooth Stone","Symbiotic Virus","War Paint","Bottled Tornado"],"potions_floor_usage":[14,16,16,16,30],"damage_taken":[{"damage":9.0,"enemies":"2 Louse","floor":1.0,"turns":3.0},{"damage":0.0,"enemies":"Cultist","floor":3.0,"turns":3.0},{"damage":5.0,"enemies":"Small Slimes","floor":4.0,"turns":3.0},{"damage":15.0,"enemies":"Lagavulin","floor":6.0,"turns":7.0},{"damage":6.0,"enemies":"2 Fungi Beasts","floor":10.0,"turns":3.0},{"damage":28.0,"enemies":"3 Sentries","floor":11.0,"turns":9.0},{"damage":0,"enemies":"Exordium Wildlife","floor":12,"turns":3},{"damage":0,"enemies":"3 Louse","floor":13,"turns":3},{"damage":5,"enemies":"Lagavulin","floor":14,"turns":7},{"damage":14,"enemies":"The Guardian","floor":16,"turns":12},{"damage":25,"enemies":"Spheric Guardian","floor":18,"turns":4},{"damage":2,"enemies":"Shell Parasite","floor":20,"turns":5},{"damage":4,"enemies":"Centurion and Healer","floor":22,"turns":8},{"damage":42,"enemies":"Slavers","floor":23,"turns":4},{"damage":4,"enemies":"Sentry and Sphere","floor":25,"turns":5},{"damage":10,"enemies":"Shelled Parasite and Fungi","floor":29,"turns":6},{"damage":8,"enemies":"Gremlin Leader","floor":30,"turns":6},{"damage":0,"enemies":"Champ","floor":33,"turns":6},{"damage":0,"enemies":"3 Shapes","floor":35,"turns":5},{"damage":13,"enemies":"Orb Walker","floor":37,"turns":3},{"damage":11,"enemies":"Transient","floor":38,"turns":5},{"damage":0,"enemies":"Spire Growth","floor":39,"turns":4},{"damage":5,"enemies":"Maw","floor":41,"turns":6},{"damage":4,"enemies":"Reptomancer","floor":45,"turns":4},{"damage":0,"enemies":"Giant Head","floor":48,"turns":4},{"damage":34,"enemies":"Time Eater","floor":50,"turns":6},{"damage":13,"enemies":"Shield and Spear","floor":54,"turns":3},{"damage":19,"enemies":"The Heart","floor":55,"turns":5}],"seed_played":"-810913632324213275","potions_obtained":[{"floor":3.0,"key":"Fire Potion"},{"floor":10.0,"key":"Explosive Potion"},{"floor":11,"key":"Block Potion"},{"floor":14,"key":"GamblersBrew"},{"floor":18,"key":"SteroidPotion"},{"floor":23,"key":"Dexterity Potion"},{"floor":30,"key":"GamblersBrew"},{"floor":33,"key":"Explosive Potion"},{"floor":39,"key":"Energy Potion"}],"is_trial":false,"path_per_floor":["M","?","M","M","?","E","R","?","T","M","E","M","M","E","R","B",null,"M","$","M","$","M","E","R","M","T","R","?","M","E","?","R","B",null,"M","?","M","M","M","R","M","R","T","?","E","?","T","E","R","B",null,"R","$","E","B",null],"character_chosen":"DEFECT","items_purchased":["Self Repair","OrangePellets","Bottled Lightning","White Noise+1","Secret Technique+1","Fusion+1","FTL"],"campfire_rested":3,"item_purchase_floors":[19,19,19,21,53,53,53],"current_hp_per_floor":[59,45,45,40,40,25,45,45,45,39,11,11,11,6,26,12,68,43,43,48,48,58,23,23,26,26,46,46,50,49,49,49,56,68,68,68,68,64,68,68,68,68,68,59,62,57,57,64,64,37,68,68,68,62,50],"gold":56,"neow_bonus":"THREE_RARE_CARDS","is_prod":false,"is_daily":false,"chose_seed":false,"campfire_upgraded":5,"win_rate":0,"timestamp":1551939800,"path_taken":["M","?","M","M","?","E","R","?","T","M","E","?","M","E","R","BOSS","M","$","M","?","M","E","R","M","T","R","?","M","E","?","R","BOSS","M","?","M","M","M","R","M","R","T","?","E","?","?","E","R","BOSS","R","$","E","BOSS"],"build_version":"2019-01-23","purchased_purges":1,"victory":true,"max_hp_per_floor":[68,68,68,68,68,68,68,68,68,68,68,68,68,68,68,68,68,68,68,68,68,68,68,68,68,68,68,68,68,68,68,68,68,68,68,68,68,68,68,68,68,68,68,68,68,68,68,68,68,68,68,68,68,68,68],"card_choices":[{"not_picked":["Biased Cognition","Multi-Cast"],"picked":"Amplify","floor":0.0},{"not_picked":["Leap","Auto Shields"],"picked":"Coolheaded","floor":1.0},{"not_picked":["Compile Driver","Go for the Eyes"],"picked":"Ball Lightning","floor":3.0},{"not_picked":["Go for the Eyes","Hologram"],"picked":"Capacitor","floor":4.0},{"not_picked":["Steam","Melter"],"picked":"Recycle","floor":6.0},{"not_picked":["Sunder","Chill+1"],"picked":"Static Discharge","floor":10.0},{"not_picked":["Cold Snap","Coolheaded+1"],"picked":"Sunder","floor":11},{"not_picked":["Aggregate+1","Gash"],"picked":"Coolheaded+1","floor":12},{"not_picked":["Beam Cell","Steam+1"],"picked":"Barrage","floor":13},{"not_picked":["Lockon","Sweeping Beam"],"picked":"Creative AI","floor":14},{"not_picked":["Buffer","Amplify+1"],"picked":"Fission+1","floor":16},{"not_picked":["Chill+1","Doom and Gloom"],"picked":"Heatsinks","floor":18},{"not_picked":["Darkness+1","Sweeping Beam+1","Go for the Eyes"],"picked":"SKIP","floor":20},{"not_picked":["Sweeping Beam","Streamline+1","Auto Shields+1"],"picked":"SKIP","floor":22},{"not_picked":["Gash","Stack+1"],"picked":"Fission+1","floor":23},{"not_picked":["Gash+1","Beam Cell","Barrage"],"picked":"SKIP","floor":25},{"not_picked":["Auto Shields+1","Rebound"],"picked":"Glacier+1","floor":29},{"not_picked":["Capacitor+1","Ball Lightning"],"picked":"Meteor Strike","floor":30},{"not_picked":["Creative AI","Fission+1"],"picked":"Echo Form","floor":33},{"not_picked":["Lockon"],"picked":"SKIP","floor":35},{"not_picked":["Go for the Eyes+1"],"picked":"SKIP","floor":37},{"not_picked":["Sweeping Beam+1"],"picked":"SKIP","floor":38},{"not_picked":[],"picked":"Coolheaded+1","floor":39},{"not_picked":[],"picked":"Storm+1","floor":41},{"not_picked":["Gash+1"],"picked":"SKIP","floor":45},{"not_picked":[],"picked":"Dark Shackles+1","floor":46},{"not_picked":["Conserve Battery+1"],"picked":"SKIP","floor":48},{"not_picked":[],"picked":"Reinforced Body+1","floor":54}],"player_experience":146336,"relics_obtained":[{"floor":6.0,"key":"Anchor"},{"floor":9.0,"key":"Toxic Egg 2"},{"floor":11,"key":"Gambling Chip"},{"floor":14,"key":"Omamori"},{"floor":23,"key":"Centennial Puzzle"},{"floor":30,"key":"Mummified Hand"},{"floor":43,"key":"Shuriken"},{"floor":45,"key":"Oddly Smooth Stone"},{"floor":47,"key":"Symbiotic Virus"},{"floor":48,"key":"War Paint"},{"floor":54,"key":"Bottled Tornado"}],"event_choices":[{"damage_healed":0.0,"max_hp_gain":0.0,"max_hp_loss":0.0,"gold_gain":0.0,"event_name":"Shining Light","player_choice":"Entered Light","floor":2.0,"gold_loss":0.0,"damage_taken":14.0,"cards_upgraded":["Strike_B","Coolheaded"]},{"damage_healed":0.0,"max_hp_gain":0.0,"max_hp_loss":0.0,"gold_gain":0.0,"cards_transformed":["Defend_B"],"event_name":"Living Wall","player_choice":"Change","floor":5.0,"gold_loss":0.0,"damage_taken":0.0,"cards_obtained":["Glacier"]},{"damage_healed":0.0,"max_hp_gain":0.0,"max_hp_loss":0.0,"gold_gain":100.0,"event_name":"Golden Shrine","player_choice":"Pray","floor":8.0,"gold_loss":0.0,"damage_taken":0.0},{"cards_removed":["Strike_B"],"damage_healed":0,"gold_gain":0,"player_choice":"Elegance","damage_taken":0,"max_hp_gain":0,"max_hp_loss":0,"event_name":"Back to Basics","floor":28,"gold_loss":0},{"damage_healed":0,"gold_gain":0,"player_choice":"Opened","damage_taken":0,"relics_obtained":["Juzu Bracelet"],"max_hp_gain":0,"max_hp_loss":0,"event_name":"The Mausoleum","floor":31,"gold_loss":0},{"cards_removed":["Strike_B"],"damage_healed":0,"gold_gain":0,"player_choice":"Removed Attack","damage_taken":0,"max_hp_gain":0,"max_hp_loss":0,"event_name":"Falling","floor":36,"gold_loss":0},{"damage_healed":0,"gold_gain":0,"player_choice":"Embrace Madness","damage_taken":9,"max_hp_gain":0,"max_hp_loss":0,"event_name":"Winding Halls","floor":44,"gold_loss":0,"cards_obtained":["Madness","Madness"]},{"damage_healed":0,"gold_gain":0,"player_choice":"Memory 2","damage_taken":5,"max_hp_gain":0,"max_hp_loss":0,"event_name":"SensoryStone","floor":46,"gold_loss":0}],"is_beta":false,"boss_relics":[{"not_picked":["Runic Dome","Sozu"],"picked":"Cursed Key"},{"not_picked":["Calling Bell","Tiny House"],"picked":"Busted Crown"}],"items_purged_floors":[53],"is_endless":false,"potions_floor_spawned":[3,10,11,13,14,18,23,30,33,38,39,45,48],"ascension_level":1}