{"path_per_floor":["M","?","M","$","M","$","M","?","T","M","R","M","$","M","R","B",null,"M","M","$","?","?","R","?","M","T","R","T","M","R","M","R","B",null,"M","?","?","M","M","R","M","R","T","M","?","R","$","E","R","B"],"character_chosen":"IRONCLAD","items_purchased":["Whirlwind","Mercury Hourglass"],"gold_per_floor":[111,286,299,224,237,137,152,152,177,193,193,213,8,18,18,117,117,133,153,3,3,3,3,3,17,17,17,317,327,327,346,346,442,442,454,454,454,468,487,487,507,507,507,526,526,526,106,136,136,136],"floor_reached":51,"campfire_rested":4,"playtime":1120,"current_hp_per_floor":[75,75,79,79,72,72,67,67,67,56,56,45,45,38,62,53,80,80,50,50,50,50,50,50,48,48,48,48,42,42,30,46,35,56,54,54,54,52,38,38,33,33,33,23,23,39,39,37,53,37],"items_purged":["Doubt","Defend_R","Regret","Defend_R","Bite"],"gold":136,"score":720,"play_id":"40a5d307-2015-41f9-b3f1-3a05f6866a03","local_time":"20180318110942","is_prod":false,"is_daily":false,"is_ascension_mode":false,"campfire_upgraded":6,"timestamp":1521382182,"path_taken":["M","?","M","$","M","$","M","?","T","?","R","?","$","M","R","BOSS","M","M","$","?","?","R","?","M","T","R","?","?","R","M","R","BOSS","M","?","?","M","M","R","M","R","T","?","?","R","?","E","R","BOSS"],"build_version":"2018-03-15v3","purchased_purges":5,"victory":true,"master_deck":["Bash","Flex+1","Clash","Whirlwind+1","Offering+1","Rampage+1","Offering+1","Bite","Bite","Bite","Bite","Double Tap+1","Spot Weakness+1"],"max_hp_per_floor":[80,80,80,80,80,80,80,80,80,80,80,80,80,80,80,80,80,80,80,80,80,80,80,56,56,56,56,56,56,56,56,56,56,56,56,56,56,56,56,56,56,56,56,56,56,56,56,56,56,56],"relics":["Burning Blood","Shuriken","Pen Nib","Philosopher\u0027s Stone","Orichalcum","Old Coin","Sozu","Charon\u0027s Ashes","Mercury Hourglass","Toxic Egg 2"],"card_choices":[{"not_picked":["Searing Blow","Sever Soul"],"picked":"Flex"},{"not_picked":["Iron Wave","Armaments"],"picked":"Clash"},{"not_picked":["Feed","Barricade"],"picked":"Offering"},{"not_picked":["Pommel Strike","Blood for Blood"],"picked":"Rampage"},{"not_picked":["Pummel","Twin Strike"],"picked":"Double Tap"},{"not_picked":["Bloodletting","Rampage"],"picked":"Spot Weakness"}],"player_experience":588235,"potions_floor_usage":[10,12,25,29,31,44],"damage_taken":[{"damage":11,"enemies":"Jaw Worm","floor":1,"turns":3},{"damage":2,"enemies":"Small Slimes","floor":3,"turns":4},{"damage":13,"enemies":"2 Louse","floor":5,"turns":2},{"damage":11,"enemies":"2 Fungi Beasts","floor":7,"turns":3},{"damage":17,"enemies":"Exordium Thugs","floor":10,"turns":3},{"damage":17,"enemies":"Lots of Slimes","floor":12,"turns":3},{"damage":13,"enemies":"Gremlin Gang","floor":14,"turns":3},{"damage":15,"enemies":"Slime Boss","floor":16,"turns":5},{"damage":4,"enemies":"3 Byrds","floor":18,"turns":3},{"damage":36,"enemies":"Shell Parasite","floor":19,"turns":3},{"damage":8,"enemies":"Cultist and Chosen","floor":25,"turns":2},{"damage":18,"enemies":"Snecko","floor":29,"turns":5},{"damage":20,"enemies":"Snake Plant","floor":31,"turns":2},{"damage":33,"enemies":"Champ","floor":33,"turns":5},{"damage":8,"enemies":"3 Darklings","floor":35,"turns":1},{"damage":8,"enemies":"Orb Walker","floor":38,"turns":1},{"damage":20,"enemies":"Sphere and 2 Shapes","floor":39,"turns":1},{"damage":11,"enemies":"4 Shapes","floor":41,"turns":1},{"damage":22,"enemies":"Maw","floor":44,"turns":3},{"damage":8,"enemies":"2 Orb Walkers","floor":48,"turns":1},{"damage":26,"enemies":"Donu and Deca","floor":50,"turns":2}],"event_choices":[{"event_name":"Liars Game","player_choice":"agreed","floor":2,"damage_taken":0},{"event_name":"Big Fish","player_choice":"Box","floor":8,"damage_taken":0},{"event_name":"The Lab","player_choice":"Got Potions","floor":21,"damage_taken":0},{"event_name":"Duplicator","player_choice":"One dupe","floor":22,"damage_taken":0},{"event_name":"Vampires","player_choice":"Became a vampire","floor":24,"damage_taken":0},{"event_name":"Mysterious Sphere","player_choice":"Ignore","floor":37,"damage_taken":0},{"event_name":"Tomb of Lord Red Mask","player_choice":"Ignored","floor":45,"damage_taken":0}],"boss_relics":[{"not_picked":["Ectoplasm","Calling Bell"],"picked":"Philosopher\u0027s Stone"},{"not_picked":["Astrolabe","Runic Cube"],"picked":"Sozu"}],"potions_floor_spawned":[1,3,7,12,14,19,25,33,39,48],"seed_played":"-8819782767637303962","ascension_level":0,"is_trial":false}